2596 3479
825 88 1175 161 JUR1s
1256 80 1740 145 CIVILIS.

218 215 666 272 RAPHAEL
724 219 1266 267 FABRETTUS

346 339 385 392 J.
430 339 778 385 V1Nc1-:NT10
819 338 1130 383 Gssavmae:

635 454 680 498 S.
712 453 753 498 P.
789 454 848 498 D.

221 570 312 677 E
332 575 393 618 Go
437 571 601 629 quidem
641 570 804 627 recePtis
834 574 865 613 a'
885 570 1097 626 primariis
1127 572 1264 613 litera»

345 644 471 674 torum
513 630 779 673 monumentis
810 629 956 672 bellum
987 630 1156 671 indicere
1188 645 1263 671 non

212 687 319 743 soleo
356 705 372 730 .·
425 687 481 732 (Ὗ
521 698 729 744 propterea
769 687 891 743 legem
932 686 1047 728 illam
1089 688 1262 742 Regiam

1316 163 1380 205 cui
1424 180 1532 208 meus
1562 166 1735 209 calculus·
1765 163 1932 210 libenter
1960 169 2110 212 accedit
2141 200 2150 213 .
2192 118 2360 219 PraeteZ

1316 236 1361 262 ea
1391 234 1587 277 quatenus
1617 225 1736 266 unius
1767 255 1779 277 ,
1809 226 2052 281 alteriusque
2083 226 2278 284 diffensus
2303 234 2358 278 ad

1316 295 1393 321 rem
1425 280 1469 322 in
1498 279 1795 335 controversiam
1822 283 2096 327 adducendam
2121 287 2317 340 sufficeret
2343 324 2357 346 ‚

1315 337 1435 394 legem
1465 338 1528 381 hic
1557 338 1771 382 Barbarius
1799 340 1850 382 de
1879 338 1963 396 Off.
1990 343 2107 386 Praet.
2134 345 2257 387 locum
2285 350 2361 392 ha-

1317 395 1402 437 bere
1425 406 1608 452 putarem
1637 427 1650 451 ‚
1700 413 1747 439 ex
1789 415 1871 453 qua
1900 402 2116 444 communis
2146 412 2202 443 tot
2231 407 2356 458 majo-

1316 467 1401 497 rum
1436 453 1616 509 gentium
1657 453 1903 497 literatorum
1945 472 2048 500 error
2078 461 2094 511 (
2123 459 2186 501 ita
2218 478 2356 508 vocare

1315 511 1430 552 liceat
1463 511 1479 561 )
1503 511 1568 564 jus
1584 509 1716 564 facere
1739 511 1934 556 diceretur
1953 545 1962 556 .
1992 515 2113 558 Aude
2132 517 2255 572 igitur
2272 536 2355 562 meo

1308 567 1478 623 periculo
1497 600 1509 623 ,
1537 567 1743 625 postquam
1773 586 1901 614 meum
1928 572 2127 624 iudicium
2149 575 2199 618 de
2221 577 2293 621 hac
2316 595 2355 622 re

1309 625 1427 681 sequi
1449 627 1580 682 placet
1598 658 1610 670 .
1642 628 1728 683 Ego
1757 629 1862 671 enim
1893 629 1936 672 in
1967 641 2015 671 te.
2035 632 2201 685 tuendo,
2232 648 2356 690 atque

1311 684 1552 737 observando
1576 685 1796 742 periculum
1825 688 2097 744 quodcumque
2122 689 2258 742 subire
2277 705 2354 749 pa-

217 747 375 802 (quam
393 762 511 789 vocas
530 747 548 797 )
565 745 674 801 apud
699 746 915 789 Gruterum
936 745 1262 800 pag.CCXLH.
1312 754 1423 784 ratus
1447 741 1565 796 sum,
1597 743 1668 786 ubi
1698 743 1803 786 illud
1832 745 2037 788 imminere
2062 759 2161 789 certo
2180 749 2351 806 scirem3

217 820 424 859 nunquam
466 804 510 846 in
551 803 718 846 dubium
755 804 946 846 ‘revocavi
983 834 997 856 ,
1043 803 1141 857 quin
1172 799 1264 856 effet
1311 801 1453 842 nedum
1483 799 1530 842 ob
1562 800 1662 843 hanc
1686 832 1698 854 ‚
1741 818 1864 856 quam
1900 813 1996 858 puto
2035 805 2196 847 inanem
2227 808 2354 862 dist-e-

218 860 320 903 hona
340 860 430 914 fide
462 860 681 917 conscripta
703 891 716 914 ‚
760 872 881 915 atque
912 877 958 903 ex
982 858 1160 913 formula
1190 876 1259 902 ve·
1304 858 1525 912 ptationem
1551 888 1564 910 ‚
1594 859 1763 909 juvante
1793 859 1907 904 nobis
1931 871 2014 903 tum
2032 861 2154 915 stilo,
2185 867 2257 918 qui
2273 877 2352 921 pu-

217 915 402 972 tustatem
446 916 565 970 fimul
611 934 657 959 ac
700 918 940 974 dignitatem
964 917 1163 961 Romani
1191 918 1262 958 Se-
1309 931 1396 957 ram
1426 925 1567 970 putam
1589 916 1882 972 genuinamque
1903 916 2137 972 vetustatem
2161 922 2304 966 redolet
2335 955 2350 979 ,

217 987 337 1017 natus
359 975 563 1030 sapienter
593 987 729 1031 rogata
754 1008 764 1018 .
806 977 992 1020 Dubium
1035 992 1125 1018 vero
1156 974 1262 1030 quod
1308 984 1395 1014 tum
1435 972 1735 1029 magnificentia
1765 974 2041 1030 inscriptionis
2072 978 2115 1020 in
2145 982 2312 1024 materia
2333 1012 2349 1035 ,

219 1033 328 1088 apud
354 1034 512 1088 aliquos·
540 1033 723 1076 innatum
752 1030 825 1088 effe
855 1050 1044 1076 memoras
1065 1065 1080 1088 ³
1117 1034 1260 1076 vFrczn-
1307 1046 1393 1085 quae
1420 1047 1571 1073 omnem
1594 1029 1775 1085 flHionis
1796 1031 2059 1088 suspicionem
2087 1036 2287 1082 excludit.

221 1091 346 1142 cifcus
374 1090 627 1134 Blanchinus
649 1089 770 1145 noster
793 1092 811 1144 (
833 1091 1035 1148 ingenium
1059 1091 1145 1134 viri
1167 1091 1260 1133 bene

219 1146 319 1201 nosti
359 1149 377 1198 )
419 1149 728 1190 examinandum
758 1165 804 1190 ex
834 1150 999 1192 Tabulae
1028 1148 1259 1205 inspeffione

210 1204 389 1261 suscepit
409 1236 423 1261 ,
455 1204 511 1249 (9⁴
528 1203 723 1260 sinceram
746 1203 819 1262 effe
834 1207 939 1261 serio
956 1206 1258 1263 pronunciavit,

1361 1088 1458 1132 Vale
1483 1089 1549 1133 Ex
1566 1088 1688 1146 nostro
1707 1089 1874 1144 Museo.

1640 1206 1698 1249 X.
1712 1207 1819 1250 Kal.
1833 1206 1972 1264 April.
1985 1208 2286 1259 MDCXCIX.

1799 3152 1842 3196 0
1900 3166 1923 3198 2
2185 3152 2322 3205 JANI
