2596 3479
293 95 399 147 286
937 93 1080 145 DE
1162 92 1747 164 LEGIBUS,

293 168 370 212 fuit
395 183 418 210 a
455 163 619 218 JCTIS
642 165 691 210 ad
729 183 822 222 eos,
853 167 901 210 ad
931 181 1032 222 quos
1060 166 1234 220 tutotiS,
1267 178 1337 210 aut
1396 168 1498 211 bitas
1529 171 1690 225 nuptias
1727 168 1991 214 confirmabit
2016 201 2028 223 ‚
2076 182 2277 231 tanquam
2311 180 2439 233 patris

295 226 491 270 curatoris
527 224 690 270 lucrum
727 226 928 280 pertinet,
959 225 1003 267 δι
1030 225 1073 267 in
1099 239 1200 280 quos
1232 223 1341 268 frau-
1395 225 1634 272 aufloritate
1660 229 1923 272 contraetuse
1958 228 2145 275 Minime
2177 248 2191 284 ς
2226 249 2309 277 non
2349 248 2439 283 tam

297 285 359 328 dis
391 282 558 339 suspicio
589 283 695 329 cadit
721 299 730 324 :
768 282 892 325 veluti
936 297 1004 325 eos
1032 313 1045 335 ,
1077 283 1146 338 qui
1189 294 1342 325 tutores
1393 285 1507 326 enim
1545 284 1784 340 nuptiarum
1816 287 2033 330 arbitrium
2059 289 2270 343 permisisse
2299 296 2439 339 cense-

298 357 385 387 non
410 341 528 394 sunt,
560 340 695 383 tutelae
729 352 868 383 tamen
909 339 1143 395 periculum
1178 340 1244 383 suo
1269 356 1340 383 no·
1396 352 1460 384 tur
1490 342 1676 396 testator,
1708 358 1832 399 quam
1876 343 2019 400 puelle
2057 346 2278 391 custodiam
2313 352 2440 395 tradi-

296 401 410 445 mine
434 399 626 450 subeunt,
659 399 716 449 (⁴)
748 398 792 441 &
824 398 871 440 ad
897 398 1139 441 honorarios
1168 411 1340 451 tutores,
1393 397 1513 452 disse,
1545 401 1600 452 (i)
1629 415 1676 443 ne
1702 404 1825 445 tutori
1854 415 2029 456 nuptum
2062 404 2255 446 daretur:
2290 410 2433 453 eadem

301 458 370 515 qui
403 456 447 500 ὃς
480 457 527 499 de
559 454 667 498 male
699 456 803 512 gesta
838 455 966 498 tutela
1009 468 1201 499 tenentur
1237 488 1246 498 .
1278 458 1341 508 (α’)
1397 456 1551 500 ratione
1586 458 1709 501 tutori
1738 459 1947 514 adrogatio
1981 460 2172 516 pupillae,
2207 460 2270 505 vel
2299 465 2436 518 pupil-

300 515 425 558 Unde
448 528 532 556 non
565 512 689 557 modo
722 514 870 556 tutoris
902 527 1097 568 nepotes,
1129 514 1199 570 qui
1234 514 1321 556 filio
1396 513 1423 555 li
1455 514 1631 558 minime
1668 517 1948 570 permittitur3
1974 521 2039 569 (le)
2067 533 2140 562 nec
2165 519 2329 573 adoptio
2350 537 2440 566 ma-

302 588 393 616 rum
420 571 591 613 nornine
618 570 900 625 veniunt,(l›)
928 572 987 614 sed
1014 571 1056 614 δί
1084 571 1191 614 filios
1214 572 1338 614 etiam
1395 571 1461 614 riti
1484 573 1626 626 puellae
1644 605 1654 625 ,
1689 589 1737 617 ne
1760 575 1864 617 hanc
1894 573 1962 617 fibi
1993 577 2100 618 viam
2122 576 2170 618 ad
2197 576 2332 620 aliena
2361 580 2435 623 bo-

299 630 581 684 eman‘cipatos
614 629 651 670 S.
680 629 810 672 Cium
844 629 1133 684 compleffitur
1159 645 1167 670 :
1209 630 1342 672 immo
1395 644 1444 670 na
1466 629 1681 683 patefaciat
1702 662 1712 673 .
1743 632 1796 682 (l)
1873 647 1943 674 um
1971 645 2107 675 autem
2137 636 2175 675 S.
2192 635 2243 676 C.
2273 636 2437 685 nuptias

300 689 343 731 &
369 685 634 731 exheredatos
651 717 662 738 ,
695 699 814 743 atque
841 688 1065 742 praeteritos
1083 719 1094 738 ,
1125 686 1268 744 eosque
1301 702 1340 729 e—
1396 686 1502 730 inter
1529 687 1729 743 pupillaS,
1750 689 1790 731 &
1807 700 1984 731 tutorem
2003 721 2012 740 ,
2029 701 2148 744 atque
2179 705 2430 748 curatorem,

300 746 402 788 tiam
420 777 431 798 ,
453 744 521 800 qui
549 744 582 788 se
612 756 778 797 paterna
805 743 1027 787 hereditate
1047 743 1339 787 abstinuissent:
1392 758 1614 801 eorumque
1640 746 1746 787 filios
1771 747 1823 788 ob
1848 760 1938 788 eam
1968 744 2126 788 causam
2156 747 2434 805 proh:b„uffet,

299 819 351 846 ne
390 802 494 845 forte
531 801 729 844 subdue‘tis
773 802 1001 845 rationibus
1027 833 1038 855 ‚
1072 803 1177 844 bona
1217 802 1339 857 patris
1394 816 1443 844 ne
1477 802 1693 846 imbecillis
1729 802 1840 844 sexus
1867 802 2033 844 infirma
2060 814 2179 856 aetas,
2212 805 2436 851 au&orita-

299 876 370 917 per
395 859 578 903 fraudem
615 859 658 902 in
690 874 758 902 eos
781 860 980 902 collocata
1011 872 1198 914 oporteat
1225 875 1339 902 revo-
1392 870 1429 901 te
1456 860 1600 902 tutoris
1632 859 1959 913 opprimeretur,
1993 858 2110 914 idque
2133 860 2362 915 periculum
2390 865 2435 908 in

299 918 381 962 cari
412 918 550 961 tutelae
575 917 749 968 judicio.
781 918 865 968 (c).
898 917 1181 972 Quamobrem
1211 916 1338 960 etiam
1393 916 1528 960 sexum
1567 915 1729 959 virilem
1763 948 1776 970 ,
1810 930 1948 971 utpote
1981 916 2207 961 firmiorem
2248 918 2431 966 minime

298 975 483 1021 extranei
513 975 674 1018 heredes
710 974 853 1017 tutoris
877 989 927 1017 ex
961 974 1058 1026 JCti
1088 974 1286 1018 sententia
1317 990 1340 1017 a
1390 974 1652 1017 immineret:
1688 973 2000 1029 haudquaquam
2026 975 2207 1028 oportuit
2231 977 2309 1027 (m)
2330 978 2426 1021 S.C.

302 1032 468 1090 pupillae
495 1031 648 1086 nuptiis
669 1039 858 1075 arcentur
879 1065 888 1073 .
922 1032 1031 1086 Quid
1057 1031 1204 1075 [Tavus
1226 1064 1238 1084 ,
1270 1033 1337 1087 qui
1389 1031 1550 1073 extendi
1575 1031 1622 1074 ad
1649 1045 1772 1084 eum,
1804 1032 1873 1088 qui
1901 1030 2030 1074 filiam
2054 1031 2161 1074 suam
2185 1033 2343 1087 pupillo
2359 1035 2429 1080 suo

301 1090 475 1134 tutelam
522 1089 655 1143 neptis
685 1104 734 1132 ex
783 1089 869 1132 filio
905 1089 1165 1144 emancipato
1198 1090 1339 1145 geffit,
1390 1086 1429 1130 in
1453 1088 1769 1132 matrimonium
1788 1087 1993 1133 collocat.
2026 1090 2117 1132 Nec
2144 1091 2364 1146 porrigitur
2382 1093 2425 1138 S.

298 1163 391 1192 eam
426 1147 626 1203 pupillam
661 1147 798 1199 nepoti
843 1162 891 1190 ex
924 1147 1008 1190 alio
1040 1147 1127 1190 filio
1161 1161 1338 1202 nuptum
1389 1147 1440 1188 C.
1465 1146 1514 1188 ad
1537 1162 1631 1201 eos,
1657 1146 1727 1203 qui
1754 1161 1825 1203 pro
1849 1146 2096 1200 tutore,vel
2123 1158 2305 1199 curato-re
2325 1180 2337 1200 ,
2354 1164 2430 1195 ne-

299 1206 393 1249 dare
422 1205 556 1248 velit?
591 1206 646 1247 Et
670 1203 766 1259 quia
799 1220 868 1259 par
893 1204 1118 1248 affee'tionis
1143 1207 1246 1251 ratio
1280 1204 1336 1247 su·
1389 1204 1503 1252 aocia
1534 1217 1680 1260 gerunt
1710 1220 1723 1258 3
1755 1204 1955 1260 quoniam
1988 1219 2073 1247 non
2103 1205 2243 1249 eadem
2270 1206 2324 1249 est
2353 1222 2427 1251 au-

304 1263 527 1317 spicionem
564 1262 714 1306 fraudis
749 1275 932 1307 removet
963 1277 975 1315 3
1008 1262 1237 1318 responsum
1270 1262 1339 1314 est,
1387 1259 1578 1304 &oritas.
1604 1263 1670 1313 (n)
1695 1263 1882 1304 Matrem
1910 1275 2070 1317 quoque
2093 1261 2257 1317 pupillae
2280 1262 2449 1310 ducere

301 1321 396 1364 SC.
424 1333 606 1364 mentem
638 1336 685 1362 eo
712 1335 793 1361 non
814 1320 888 1362 effe
915 1320 1238 1373 producendam.
1273 1321 1339 1371 (d)
1389 1320 1514 1362 tutori
1540 1319 1650 1362 licet.
1675 1320 1734 1371 (o)
1770 1319 1965 1362 Praeterea
1990 1319 2016 1362 fi
2043 1319 2199 1375 pupilla
2226 1319 2272 1362 fit
2299 1336 2426 1365 nurus

301 1377 430 1421 Aliud
467 1378 546 1421 erit
568 1409 579 1429 ‚
615 1377 638 1419 si
685 1376 973 1420 filiusfamilias
1007 1377 1110 1430 patri
1144 1376 1239 1429 suo,
1269 1390 1338 1419 aut
1389 1376 1561 1428 tutoris,
1594 1389 1736 1429 utpote
1760 1391 1848 1431 quae
1870 1388 1964 1419 ante
1994 1377 2192 1419 testatoris
2225 1391 2421 1434 mortem,

302 1433 446 1487 fratri,
475 1434 543 1490 qui
571 1434 623 1477 est
652 1434 694 1476 in
723 1434 862 1477 eadem
885 1433 1102 1487 potestate,
1139 1433 1337 1488 pupillam
1389 1433 1536 1475 tutoris
1562 1432 1646 1475 filio
1669 1445 1794 1486 nupta
1819 1431 1963 1476 fuerit:
1990 1433 2093 1476 reeie
2114 1434 2331 1477 contraetae
2352 1451 2428 1479 nu-

303 1491 414 1535 suam
442 1492 642 1535 collocare
671 1490 797 1534 velit:
831 1491 891 1542 (e)
917 1503 1015 1533 tunc
1040 1490 1155 1534 enim
1176 1492 1253 1533 erit
1280 1490 1333 1532 10-
1389 1490 1481 1532 otiae
1511 1490 1721 1545 suspicioso
1747 1502 1898 1532 eventu
1927 1490 2010 1544 post
2025 1491 2430 1536 matrimoniumin·

303 1564 371 1593 cus
396 1550 435 1590 S.
457 1551 509 1591 C.
541 1550 635 1603 quia
661 1549 900 1591 communia
928 1547 1016 1591 sunt
1052 1547 1173 1602 patris
1213 1547 1257 1591 ὃς
1289 1547 1337 1589 fi·
1385 1545 1547 1591 cid.nte
1574 1547 1749 1589 minime
1775 1546 2066 1599 dissolventur3
2095 1547 2157 1590 sed
2179 1547 2282 1591 alius
2308 1565 2430 1593 cura-

302 1605 450 1651 liorum
486 1606 728 1659 commoda,
761 1604 942 1648 sicuti&
973 1604 1214 1648 communia
1250 1605 1336 1647 sunt

298 1679 457 1718 onera,
491 1678 587 1710 uam
619 1662 963 1720 quemadmodum
1008 1663 1083 1705 tria
1114 1678 1238 1706 onera
1270 1677 1327 1706 ea-

296 1722 389 1764 dem
423 1721 465 1763 in
492 1720 616 1763 domo
647 1719 720 1763 effe
749 1721 990 1772 censentur,
1024 1719 1049 1761 fi
1072 1734 1183 1774 pater
1208 1719 1328 1763 alicu-

296 1778 385 1832 jus,
420 1778 482 1822 vel
509 1778 616 1822 filius
635 1807 648 1832 ,
683 1776 745 1820 vel
772 1777 895 1820 frater
919 1792 1022 1820 unus
1048 1779 1121 1820 tria
1152 1777 1335 1820 sustineat

297 1851 452 1889 onera,
484 1835 651 1889 1deoque
684 1834 821 1878 locum
843 1834 963 1878 habet
995 1835 1200 1878 excusatio
1228 1848 1323 1878 tute-

300 1892 372 1946 lae,
406 1892 470 1945 (f)
497 1893 552 1935 ita
576 1892 619 1935 &
646 1892 731 1946 pari
767 1891 989 1947 suspicione
1018 1892 1166 1935 fraudis
1199 1892 1311 1934 invol

297 1962 474 1995 vuntur:
518 1961 560 1993 ut
580 1949 694 1993 enim
717 1949 871 2005 prodest
902 1949 1068 2004 periculi
1092 1950 1333 1993 communio

298 2008 345 2051 ad
377 2007 681 2052 excusationem
701 2039 713 2059 ,
746 2007 801 2050 ita
835 2008 985 2063 nuptiis
1033 2007 1139 2050 obest
1172 2008 1331 2062 partici-

298 2065 409 2120 patio
434 2064 649 2108 utilitatis.
685 2065 902 2118 Praeterea,
936 2065 961 2108 fi
988 2064 1235 2116 ventri,aut
1265 2065 1329 2106 bo-

295 2123 361 2166 nis
385 2136 549 2166 curator
566 2122 685 2165 detur
704 2154 715 2175 ,
749 2121 780 2166 is
805 2123 930 2166 etiarn
958 2134 1190 2165 removetur
1210 2139 1230 2165 a
1258 2138 1311 2164 nu

295 2180 392 2235 ptiis
408 2181 496 2236 ,(g)
521 2180 708 2235 quamvis
728 2181 774 2223 ad
803 2182 921 2224 breve
942 2179 1144 2234 temporis
1159 2180 1329 2236 spatium

295 2238 411 2280 detur
435 2269 445 2280 .
491 2237 669 2281 Incivile
701 2250 892 2291 Praeterea
924 2237 1056 2280 visum
1090 2237 1144 2280 est
1171 2268 1183 2290 ,
1217 2236 1329 2292 puel-

294 2295 378 2338 lam
407 2326 419 2347 ,
462 2307 532 2337 aut
564 2293 713 2337 tutoris
744 2294 890 2337 liberto
917 2326 932 2348 ‚
972 2307 1042 2339 aut
1074 2293 1208 2337 liberti
1243 2294 1330 2337 filio

296 2353 337 2395 in
366 2351 637 2396 contubernio
683 2350 859 2406 suscepto
904 2363 1081 2406 nuptum
1113 2352 1197 2395 dari
1226 2384 1234 2393 .
1267 2353 1330 2402 (h)

293 2409 404 2464 Quid
438 2409 464 2452 si
498 2410 659 2453 testator
691 2408 734 2453 in
767 2408 908 2453 uxoris
940 2408 1109 2454 arbitrio
1141 2409 1328 2464 posuisset

291 2467 385 2511 filiae
416 2467 618 2524 nuptias?
664 2469 735 2510 An
767 2467 910 2512 matris
939 2466 1155 2513 consensus
1189 2466 1323 2524 prohi-

1389 1620 1451 1646 tor
1464 1605 1605 1657 datur,
1638 1616 1703 1658 (με
1730 1603 1937 1646 reddendis
1952 1603 2174 1647 rationibus
2201 1605 2417 1659 proefideat:

1390 1663 1454 1716 (p)
1479 1660 1681 1718 generalis
1712 1660 1826 1703 enim
1850 1660 1903 1705 est
1934 1661 1978 1705 in
2004 1659 2088 1712 jure
2118 1661 2333 1717 definitio,
2363 1675 2428 1707 at-

1388 1734 1463 1773 que
1493 1732 1710 1773 perpetua,
1743 1718 1905 1773 nuptias
1941 1718 2016 1764 rite
2041 1719 2294 1774 contraibis,
2325 1736 2427 1763 con-

1391 1778 1568 1831 sequenti
1606 1775 1711 1819 fatf'to
1745 1775 1925 1819 minime
1956 1775 2121 1819 vitiari.
2153 1778 2246 1820 Nec
2273 1779 2427 1832 nuptiae

1389 1833 1515 1876 :olum
1535 1865 1546 1886 ,
1569 1833 1629 1877 sed
1649 1833 1691 1876 δε
1715 1832 1913 1887 sponsalia
1939 1832 2016 1877 hoc
2041 1835 2137 1876 S.C.
2167 1833 2424 1886 rejiciuntur.

1387 1892 1452 1946 (q)
1480 1893 1574 1945 Quo
1600 1891 1724 1934 etiam
1748 1889 1983 1943 prohibetur
2007 1890 2169 1945 sponsus
2182 1891 2330 1946 sponsae
2351 1908 2424 1936 cu-

1390 1960 1499 1991 rator
1524 1946 1694 2000 dari.(r)
1726 1950 1785 1990 At
1806 1947 1830 1991 fi
1857 1959 1992 2000 tutor,
2023 1959 2093 1991 aut
2112 1960 2274 1991 curator
2298 1948 2428 1992 ratio-

1385 2020 1455 2048 nes
1470 2002 1741 2058 reddiderint,
1776 2004 2027 2058 licebitfibi‚
2059 2004 2124 2048 vel
2152 2005 2421 2060 filiopupillae

1384 2063 1545 2114 nuptias
1559 2062 1990 2118 appetere‚dummodo
2003 2061 2119 2106 simui
2136 2062 2266 2118 puella
2275 2065 2359 2107 XX
2369 2064 2422 2107 V.

1384 2136 1541 2164 annum
1576 2119 1839 2174 impleverit,
1875 2119 2083 2175 annusque
2115 2119 2231 2164 utilis
2254 2120 2418 2174 exierit,

1382 2179 1447 2234 qui
1473 2178 1650 2231 petendae
1667 2176 1910 2221 restitutioni
1925 2177 2185 2222 conceditur·
2205 2178 2264 2229 (s)
2288 2179 2347 2220 At
2366 2193 2417 2221 ex

1381 2235 1673 2279 constitutione
1699 2234 1921 2286 Justiniani
1949 2234 2174 2279 adXXIX.
2201 2234 2324 2288 usque
2348 2250 2424 2277 an-

1382 2307 1483 2335 num
1513 2292 1738 2346 prohibitio
1760 2303 1895 2341 tenet?
1932 2290 2024 2334 loco
2042 2291 2154 2334 enim
2176 2291 2274 2334 anni
2303 2288 2420 2336 utilis

1381 2350 1427 2391 ad
1461 2349 1758 2393 restitutionem
1792 2348 1832 2390 in
1868 2347 1950 2396 iure
1994 2348 2165 2403 antiquo
2197 2348 2418 2403 petendam

1378 2408 1461 2450 dati
1509 2439 1521 2461 ,
1575 2406 1827 2450 substitutum
1869 2405 1923 2448 est
1966 2421 1988 2448 a
2032 2405 2262 2457 justiniano
2319 2421 2421 2462 qua-

1377 2463 1616 2508 driennium
1649 2463 1896 2508 continuum
1930 2494 1940 2505 .
1971 2463 2047 2515 (t)
2081 2463 2146 2506 Ad
2178 2462 2256 2508 hoc
2286 2463 2326 2506 S.
2359 2465 2412 2506 C.

2296 2536 2419 2566 exce-

1906 2601 1954 2608 -—
2059 2597 2416 2611 ...ιιι-9,·-

1420 2635 1472 2674 (i)
1500 2638 1536 2667 L.
1555 2646 1735 2678 quanquam
1745 2632 1785 2678 ff.
1806 2635 1842 2666 de
1855 2634 1924 2667 ritu
1937 2639 2029 2674 nupt.

1418 2680 1483 2718 (k)
1509 2681 1544 2710 1..
1562 2689 1617 2711 nec
1631 2677 1711 2723 eiff.
1729 2680 1768 2712 de
1782 2680 1890 2717 adopt.
1909 2680 1942 2722 §.
1959 2689 1984 2711 ι.

1418 2724 1471 2764 (l)
1496 2725 1522 2754 L
1547 2735 1609 2755 non
1627 2725 1727 2763 solum
1744 2726 1772 2766 §.
1789 2725 1960 2756 videamus
1967 2721 2008 2766 ff
2025 2721 2061 2753 de
2072 2722 2141 2753 n'tu
2153 2720 2296 2762 nuptiar-

1418 2769 1490 2810 (ω)
1516 2771 1550 2802 L.
1569 2768 1724 2801 libertum
1741 2771 1769 2812 §.
1788 2770 1836 2801 ul·
1851 2767 1891 2813 ff
1909 2768 1948 2801 de
1963 2768 2031 2799 ritu
2044 2774 2138 2808 nupt.
2153 2769 2193 2799 Ι..
2209 2774 2240 2805 5.
2259 2768 2296 2798 C.
2310 2764 2349 2799 de
2361 2764 2419 2800 '‘n-

1375 2813 1499 2848 cerdici.
1517 2824 1611 2845 matr.

1415 2859 1478 2900 (a)
1502 2861 1537 2890 L.
1554 2861 1585 2891 8.
1603 2860 1636 2890 C.
1657 2858 1696 2890 de
1709 2856 1869 2890 ιἠιενᾰίᾶ.
1898 2864 1995 2889 maer.

729 2602 848 2613 ..—--

338 2636 422 2675 ζ’)
461 2637 572 2671 Veluti
614 2637 670 2680 qui
708 2635 794 2670 faifis
832 2637 862 2670 se
887 2636 1154 2671 excusationibus
1177 2648 1197 2669 a
1221 2638 1324 2671 tutela

287 2680 514 2714 excusaverint
531 2704 538 2712 .

334 2727 352 2764 (
366 2725 417 2764 a)
445 2729 480 2757 L.
499 2726 620 2769 quodsi
639 2738 687 2767 ¹4·
707 2729 738 2771 ς.
759 2737 786 2760 1.
803 2725 843 2772 ff.
859 2727 896 2760 de
906 2728 1011 2769 salut.
1032 2725 1108 2768 ιβ
1124 2729 1195 2772 quis
1212 2730 1265 2761 60.
1278 2726 1323 2772 ff,

289 2771 328 2802 de
344 2772 415 2801 viru
427 2778 521 2812 nupt.

333 2816 354 2855 ζ
367 2814 416 2854 b)
443 2818 482 2848 L.
496 2818 534 2848 s.
551 2820 585 2848 C.
601 2815 637 2859 ff.
654 2817 693 2849 de
709 2818 779 2850 rim
794 2823 887 2858 nupt.

330 2862 350 2900 (
364 2872 380 2893 c
392 2860 411 2898 )
438 2864 478 2893 L.
492 2873 554 2894 uon
563 2863 669 2902 solum
683 2865 736 2901 63.
750 2861 787 2905 ff
805 2863 841 2893 de
855 2861 923 2894 u‘w
939 2869 1033 2903 nupt.

333 2907 410 2947 [d]
443 2910 484 2938 D.
499 2908 555 2939 tit.
572 2909 609 2939 de
622 2908 691 2938 ritu
703 2916 796 2948 nupt.
816 2909 839 2940 Ι.
855 2920 919 2940 mn
929 2909 1035 2949 solum
1056 2908 1083 2950 §.
1106 2917 1136 2939 r.
1414 2905 1473 2945 (a)
1498 2905 1533 2934 L.
1552 2914 1581 2936 2.
1601 2907 1634 2935 C.
1650 2903 1687 2935 de
1703 2901 1865 2935 inuram.
1887 2913 1938 2934 ma
1951 2910 1992 2932 u.

333 2955 374 2984 (e
386 2951 405 2990 )
430 2955 474 2984 D.
490 2954 512 2985 1.
529 2964 591 2984 non
601 2953 705 2992 solum
726 2955 754 2993 §.
773 2963 802 2983 2.
1413 2950 1477 2991 (ρ)
1504 2951 1541 2980 L.
1562 2959 1588 2987 3.
1606 2951 1639 2980 C.
1657 2948 1694 2979 de
1708 2945 1874 2979 a‘merdv'ei.
1891 2946 2035 2979 matrim.

332 2999 348 3038 [
357 2998 381 3038 f
391 2997 403 3036 ]
434 3001 470 3030 L.
489 3008 521 3037 5.
534 2996 571 3041 ff.
590 2999 626 3030 de
641 2999 742 3037 excas.
765 3006 847 3029 tute.
1411 2995 1471 3038 (q)
1495 2991 1604 3031 cuiae.
1626 3000 1722 3034 parat
1738 2991 1789 3023 19·
1803 3001 1902 3024 enarr.
1923 2995 1958 3024 c.
1979 2991 2019 3023 de
2032 2988 2200 3039 ιἠιεςάὶἆ.
2219 2997 2320 3025 maer·

327 3043 390 3082 (g)
417 3046 452 3074 L.
471 3055 533 3076 non
545 3045 652 3084 fialam
668 3043 695 3082 §.
715 3053 738 3080 4
777 3041 812 3085 ff.
831 3040 869 3075 d}
882 3043 953 3075 ritu
970 3049 1069 3084 nupt.
1411 3041 1464 3081 (r)
1489 3042 1526 3071 L·
1552 3051 1576 3070 ι.
1595 3037 1621 3078 §.
1640 3038 1694 3070 ult
1720 3035 1756 3076 H:
1773 3038 1808 3069 de
1825 3037 1961 3076 excusat.
1981 3034 2038 3068 ubi
2055 3041 2167 3074 cujac.

1409 3085 1464 3126 (s)
1490 3088 1527 3116 L.
1537 3082 1568 3124 fi
1582 3083 1687 3125 patris
1705 3086 1735 3113 6,
1758 3085 1791 3115 C.
1809 3082 1876 3115 eod.
1890 3079 2002 3119 cujac.
2032 3081 2079 3113 ibi
2106 3082 2142 3114 t'n
2155 3087 2258 3115 enarr.
2278 3081 2315 3113 0.

327 3088 389 3127 (h)
416 3090 451 3119 L·
467 3100 499 3128 4·
517 3093 553 3124 C.
567 3090 605 3125 de
617 3087 780 3123 inuram.
809 3090 953 3122 matrim.
985 3089 1008 3121 1.
1026 3099 1089 3121 non
1106 3085 1148 3129 est
1164 3089 1214 3120 66,
1235 3089 1266 3134 ς,
1282 3089 1322 3124 de
1543 3125 1550 3132 .
1683 3128 1706 3134 ..
1849 3127 1855 3134 .
2071 3126 2078 3134 ¹

1411 3130 1466 3176 ⁴(r)
1489 3133 1607 3167 cunc.
1624 3128 1655 3163 ὀ.
1676 3138 1722 3160 m
1740 3130 1775 3160 c.
1789 3127 1828 3162 de
1841 3127 1960 3161 autera.
1974 3135 2123 3162 matrum

283 3132 310 3165 η’
315 3141 351 3167 eu
365 3144 386 3165 n
392 3139 462 3176 upt-
