2596 3479
603 107 735 164 ET
785 97 1825 161 SENATUSCONSULT
1863 100 1980 156 IS.

1296 178 1469 224 fibulam
1493 175 1721 234 imposuit,
1739 174 1784 219 δε
1808 175 2003 240 mulieres
2028 177 2338 238 quinquagena·
2363 194 2364 197 ’

1297 239 1375 282 rias
1399 236 1595 282 sterilibus
1619 235 1878 292 comparavit
1899 266 1908 278 .
1942 236 2030 288 (d)
2059 238 2115 278 At
2143 238 2166 280 si
2196 242 2339 295 conju.

1298 312 1367 353 ges
1401 296 1448 339 ad
1484 311 1549 338 eas
1586 306 1720 337 aetates
1743 292 1871 345 eveffi
1906 293 2064 349 prolem
2092 294 2292 344 ediderint
2325 334 2336 354 ‚

1297 353 1436 397 noluit
1460 352 1707 403 Justinianus
1745 384 1757 407 ,

202 189 276 248 qui
303 184 546 244 obsignarent
572 214 584 235 ‚
621 181 706 238 sese
748 181 858 224 velut
903 180 1246 238 suscipiendorum

194 248 413 295 ,liberorum
446 244 564 300 causa
591 239 799 284 *convenire
826 270 837 282 ,
869 239 979 282 Usus
1009 252 1148 283 autern
1175 239 1248 282 do-

203 305 287 350 cuit
313 336 325 357 ‚
379 304 420 347 in
464 300 633 346 homine
678 296 825 348 majori
852 298 939 340 LX.
972 298 1092 340 annis
1125 313 1245 353 gene-

202 362 317 406 randi
353 361 438 404 vim
469 357 541 402 esse
575 367 802 411 peremtam
834 370 846 407 3
880 356 939 397 'in
973 355 1146 398 muliere
1179 371 1248 398 vea

206 436 252 463 ro
299 416 598 476 quinquaginta
642 412 763 455 annis
804 410 956 463 majore
990 412 1249 468 concipiendi

205 477 294 521 vim
329 472 480 530 periisse
508 489 524 514 .·
557 470 629 515 etsi
663 469 902 513 Aristoteles
932 472 1019 522 (a)
1053 486 1253 524 generan—

205 535 245 578 di
278 532 366 576 vim
397 530 442 574 in
473 529 647 573 homine
679 528 726 570 ad
760 528 893 570 LXX.
942 528 1062 583 usque
1094 543 1254 571 annum

201 589 395 640 virescere
430 586 583 631 scribat
621 617 633 639 ,
682 584 942 640 plurimaque
986 585 1179 640 supersint
1210 601 1250 628 e-

205 645 374 701 Kempla
406 645 593 688 virorum
623 673 637 696 ‚
671 641 742 696 qui
772 653 878 685 etate
913 641 1033 695 longe
1067 642 1212 695 majori
1242 673 1255 695 ‚

209 704 356 748 liberos
389 702 594 758 insperato
630 699 888 754 susceperunt
917 731 925 741 .
960 701 1023 743 Ut
1049 701 1163 744 enim
1183 699 1255 743 ob-

210 761 383 807 scuriora
417 792 430 815 ‚
477 774 565 816 quae
609 757 700 800 sunt
743 756 834 800 sane
866 756 1084 801 innumera
1116 789 1128 811 ,
1161 772 1258 813 prae-

211 818 490 863 termittamus
525 832 538 871 3
580 826 690 859 certe
726 813 977 858 Mafiniffam
1011 830 1150 870 regem
1183 830 1256 869 an·

210 892 267 920 no
298 875 382 927 jam
417 870 527 918 sexto
558 873 602 915 &
633 871 883 928 onogefimo
912 888 924 925 3
974 872 1017 915 ὃς
1049 874 1259 915 Catonem

211 932 492 977 Censorinum
534 929 785 986 ostogesimo
827 930 971 973 cneio
1016 945 1128 973 anno
1160 928 1259 972 libe-

211 1005 276 1034 ros
302 988 521 1046 procreasse
544 1019 557 1043 ‚
589 986 852 1042 accepimus:
886 987 930 1030 δε
958 987 1256 1030 recentioribus

209 1047 463 1102 temporibus
494 1044 715 1088 Udislaum
748 1059 887 1101 regem
911 1076 920 1086 .
954 1044 1038 1097 (b)
1069 1044 1261 1088 Affliffius

211 1105 339 1150 etiam
373 1103 525 1147 nobilis
556 1101 833 1159 pragmaticus
864 1103 885 1156 (ν
905 1118 925 1144 c
953 1103 971 1154 )
1003 1101 1128 1145 tradit
1161 1133 1174 1156 ,
1227 1101 1262 1145 se

213 1177 373 1206 annum
415 1160 524 1205 ultra
571 1159 863 1214 sexagesimum
906 1171 1051 1203 natum
1082 1171 1165 1203 tres
1201 1158 1261 1202 su·

216 1219 374 1274 scepiffe
417 1219 567 1262 liberos
598 1248 609 1260 .
656 1216 894 1261 Mulierum
937 1230 1075 1261 autem
1110 1217 1261 1260 illustre

214 1276 412 1320 habemus
455 1274 696 1330 exemplum
741 1291 764 1317 a
807 1273 1055 1318 Constantia
1088 1274 1262 1317 Henrici

2225 122 2335 176 259

1807 367 1900 395 eam
1933 350 2113 396 sobolem
2139 369 2160 395 a
2190 370 2344 401 cetero-

1303 427 1395 455 rum
1427 410 1652 454 liberorum
1679 409 1917 455 conditione
1943 409 2165 466 discrepare
2194 443 2202 454 .
2253 416 2343 468 [e]

1302 467 1478 525 Obsequi
1505 467 1622 511 enim
1645 468 1710 511 lex
1737 468 1857 512 debet
1876 500 1888 522 ,
1939 483 2024 512 non
2049 466 2250 524 imperare
2281 489 2347 515 na,

1304 541 1402 571 turae
1433 541 1446 580 3
1495 525 1584 570 ideo
1615 524 1835 582 agnoscere
1858 538 2021 581 oportet
2047 542 2113 569 eos
2147 559 2159 581 ,
2205 527 2349 584 quibus

1305 597 1450 629 natura
1474 596 1617 640 praeter
1640 577 1812 627 modum
1840 599 1863 626 a
1887 584 1975 638 lege
2000 584 2220 629 deffinitum
2248 587 2349 632 lucis

1306 640 1555 687 beneficium
1579 638 1689 682 dedit
1718 669 1727 680 .
1760 638 1844 691 (¹⁵)

1422 755 1464 799 C
1527 755 1568 798 A
1627 753 1660 797 P
1719 755 1765 796 U
1826 755 1870 797 T
1976 758 2241 804 XXXVIII.

1366 845 1433 888 De
1462 843 1506 885 5¹.
1539 828 1591 886 Css
1624 842 1854 886 Claudiano
1884 843 1956 886 Ad
1987 845 2035 887 L.
2067 846 2243 901 Papiam
2273 880 2283 893 .

1426 929 1517 972 Um
1551 927 1674 984 igitur
1706 929 1770 973 his
1803 928 1958 986 legibus
1985 928 2082 982 justa
2103 945 2195 976 aetas
2216 934 2260 978 in
2282 935 2360 979 ho-

1445 987 1559 1030 mine
1585 989 1679 1031 LX;
1714 1020 1727 1041 ,
1776 987 1820 1030 in
1865 987 2038 1032 muliere
2067 991 2114 1032 L.
2147 1007 2355 1037 annorum

1313 1044 1443 1100 spatio
1476 1043 1745 1088 concludatur
1766 1062 1779 1087 ·:
1814 1045 2049 1089 dubitatum
2083 1046 2193 1103 fuit,
2225 1067 2278 1094 an
2304 1051 2362 1095 se-

1310 1102 1534 1159 xagenario
1567 1101 1711 1154 majori
1746 1103 1886 1147 liceret
1917 1103 2125 1148 minorem
2159 1109 2204 1151 L.
2239 1108 2360 1152 duce-

1313 1164 1384 1203 re?
1418 1160 1462 1203 ἃ
1495 1160 1690 1203 Tiberius
1722 1162 1857 1204 Caesar
1882 1193 1894 1215 ‚
1927 1162 1993 1205 cui
2028 1164 2224 1208 tribuitur
2252 1167 2292 1208 S.
2307 1166 2362 1209 C.

1314 1219 1422 1271 hoe,
1454 1218 1562 1273 quod
1594 1217 1871 1262 Claudianum
1902 1218 2131 1274 appellatur
2153 1255 2165 1276 ,
2199 1237 2365 1278 propte-

1314 1291 1382 1319 rea
1413 1275 1518 1330 quod
1554 1276 1737 1318 Neronis
1764 1309 1782 1331 -‚
1814 1278 1858 1320 δε
1889 1278 2051 1320 Tiberii
2087 1279 2201 1333 plura
2233 1282 2272 1323 S.
2305 1282 2358 1325 C.

218 1333 487 1386 Imperatoris
518 1347 643 1376 uxore
667 1361 680 1385 ‚
712 1347 800 1387 quae
825 1332 1176 1396 quinquagenaria
1198 1347 1266 1386 pe·
1314 1332 1549 1375 Claudiano
1582 1333 1754 1378 nomine
1789 1335 2084 1387 comprehensa
2117 1336 2282 1380 fuerunt
2312 1353 2364 1381 ex

217 1391 323 1445 perit
348 1421 357 1432 .
408 1391 477 1432 Ne
522 1390 690 1432 inanem
723 1389 965 1432 eruditionis
996 1388 1171 1443 gloriam
1206 1388 1264 1431 le·
1315 1389 1689 1433 Claudii'nomine
1716 1422 1729 1443 ,
1759 1391 1864 1446 quod
1899 1394 2059 1449 utrique
2095 1394 2327 1437 retinebant
2352 1427 2365 1448 ,

213 1447 406 1503 gentium
438 1446 555 1489 taedio
586 1446 821 1489 affee’oemus
859 1478 872 1500 ‚
921 1446 1003 1490 alia
1046 1447 1265 1490 innumera
1319 1460 1363 1490 ut
1397 1448 1538 1490 Petrus
1567 1449 1696 1491 Faber
1727 1448 1957 1491 observavit
1984 1464 1996 1502 3
2029 1447 2106 1503 (f)
2139 1451 2367 1505 Tiberius,

216 1503 570 1559 praetermittimus
600 1502 824 1558 exempla,
857 1519 906 1548 ex
931 1503 1124 1560 quibus,
1154 1504 1197 1547 ὃς
1216 1519 1265 1548 ex
1316 1508 1333 1556 (
1359 1505 1443 1556 **)
1489 1505 1659 1560 inquam
1700 1536 1713 1558 ,
1756 1505 2083 1561 prohibitionem
2128 1510 2366 1563 nuptiarum

218 1562 320 1605 bene
353 1561 554 1617 perspefi‘ta
587 1560 746 1604 ratione
779 1592 792 1614 ,
836 1561 1112 1605 observatores
1145 1575 1268 1604 natu·
1320 1562 1504 1606 extendit
1536 1562 1663 1605 etiam
1697 1561 1745 1605 ad
1779 1563 2049 1606 matrimonia
2084 1564 2366 1621 sexagenarii,

221 1618 371 1661 ralium
403 1620 613 1662 causarum
636 1650 648 1672 ‚
684 1617 793 1661 inter
825 1634 925 1674 quos
943 1619 1192 1672 Amitinus,
1221 1618 1266 1662 δε

219 1687 443 1731 praeceptor
473 1675 580 1719 olim
615 1675 746 1718 noster
765 1707 777 1728 ‚
811 1691 857 1719 ac
885 1677 1151 1720 beneficentia
1182 1674 1270 1730 plus

222 1748 357 1789 qnam
374 1749 516 1787 parens
539 1733 764 1789 Gregorius
792 1733 1055 1788 Caropresius
1080 1766 1092 1788 ‚
1142 1733 1270 1776 ltalo-

220 1806 314 1833 rum
343 1790 683 1846 philosophorum
713 1821 725 1843 ,
777 1803 894 1834 aetate
922 1791 1054 1834 nostra
1087 1824 1099 1841 ‚
1133 1790 1268 1834 maxi-

219 1863 313 1891 mus
350 1878 362 1901 ‚
413 1848 579 1892 censent
612 1848 835 1904 generandi
872 1848 959 1891 vim
990 1848 1032 1890 in
1060 1848 1231 1891 homine
1259 1880 1269 1901 ,

218 1921 267 1948 ac
292 1906 336 1948 in
363 1905 536 1949 muliere
565 1904 883 1948 foecunditatem
906 1937 917 1959 ,
951 1922 1035 1949 non
1063 1906 1192 1949 solum
1219 1921 1268 1948 ex

222 1963 343 2005 annis
378 1994 390 2016 ‚
434 1963 494 2006 sed
531 1963 660 2006 etiam
687 1979 737 2008 ex
768 1962 910 2006 habitu
943 1963 986 2006 ὃς
1012 1964 1155 2007 robore
1179 1979 1269 2008 cor-

222 2019 329 2073 poris
355 2019 430 2062 esse
455 2020 705 2073 arguendam
727 2052 737 2062 .
772 2024 831 2063 At
857 2021 1056 2076 quoniam
1086 2021 1150 2064 lex
1185 2037 1267 2064 non

221 2075 271 2118 ad
297 2076 448 2119 rariora
469 2107 481 2129 ‚
516 2077 576 2118 sed
610 2080 656 2118 ad
684 2077 964 2132 frequentiora
988 2092 1143 2121 naturae
1169 2094 1267 2122 con-

222 2133 399 2175 vertitur
418 2149 431 2186 3
453 2133 558 2176 reste
583 2132 690 2175 hisce
717 2136 840 2176 annis
866 2135 1143 2189 generationis
1165 2148 1268 2179 tern-

222 2204 320 2244 pora
353 2191 489 2232 finivit
509 2221 518 2230 .
563 2189 774 2245 Siquidem
801 2190 986 2234 hominis
1011 2193 1132 2248 vigor
1158 2193 1267 2236 sexa-

222 2246 374 2302 gesimo
398 2245 479 2290 fere
505 2262 616 2288 anno
644 2246 814 2302 languet
844 2279 857 2301 ,
888 2248 932 2290 ὅτ.
958 2250 1001 2292 in
1029 2249 1268 2293 mulieribus

224 2304 419 2346 menstrui
454 2304 659 2356 sanguinis
693 2305 802 2347 rivus
834 2336 845 2358 ‚
896 2306 976 2349 sine
1018 2323 1099 2361 quo
1138 2323 1266 2363 neque

222 2361 387 2415 concipi
410 2392 422 2414 ‚
454 2374 584 2417 neque
612 2361 759 2404 nutriri
787 2377 922 2417 partus
951 2364 1053 2419 posse
1081 2396 1093 2417 ,
1143 2367 1267 2420 vulgo

223 2430 443 2461 autumant
478 2450 490 2472 ‚
541 2434 652 2461 anno
697 2418 936 2475 plerumque
964 2420 1269 2478 quadragesimo

224 2475 421 2518 exarescit
447 2506 456 2516 .
492 2475 588 2517 Ideo
619 2474 684 2518 lex
713 2477 835 2532 Papia
866 2476 967 2520 viris
1000 2478 1271 2534 sexagenariis

1320 1636 1414 1664 cum
1448 1620 1600 1662 minori
1634 1620 1937 1676 quinquaginta
1972 1652 1982 1663 .
2017 1623 2189 1666 Etenim
2224 1641 2371 1680 quam-

1318 1678 1381 1720 vis
1428 1676 1666 1721 foecundum
1716 1678 1761 1720 sit
1807 1677 1933 1720 solum
1972 1710 1985 1730 ‚
2037 1679 2172 1723 semen
2225 1695 2367 1728 tamen

1319 1735 1462 1788 decst3
1510 1734 1613 1778 unde
1647 1734 1924 1786 hujuscemodi
1958 1735 2147 1793 conjugia
2184 1738 2369 1794 plerum-

1319 1808 1398 1847 que
1443 1792 1557 1835 nulla
1601 1793 1725 1848 prolis
1774 1793 1834 1847 spe
1879 1793 2150 1838 defenduntur
2191 1814 2198 1836 :
2250 1798 2366 1841 Hinc

1319 1850 1536 1894 Svetonius
1594 1851 1635 1893 in
1694 1851 1867 1894 Claudio
1914 1851 2095 1906 scribit,
2145 1855 2367 1897 Tiberium

1320 1908 1474 1964 aliquid
1506 1907 1692 1951 addidisse
1719 1909 1841 1964 capiti
1870 1907 1970 1965 legis
1998 1910 2127 1964 Papiae
2151 1914 2166 1963 (
2198 1911 2273 1954 sive
2294 1913 2368 1953 ad-

1319 1966 1403 2008 dito
1437 1966 1621 2020 legamus
1655 1965 1833 2022 vulgatis
1864 1999 1878 2020 ,
1905 1968 2000 2015 ,five
2037 1969 2204 2012 addac‘io
2245 1985 2293 2013 ex
2328 1985 2371 2013 e-

1323 2023 1552 2067 ruditorum
1589 2024 1862 2079 interpretum
1895 2026 2188 2070 emendatione
2214 2059 2225 2079 ‚
2262 2056 2272 2075 ,
2307 2039 2368 2069 at-

1321 2097 1398 2137 que
1442 2081 1538 2124 huic
1583 2082 1706 2136 capiti
1750 2082 1977 2129 Claudium
2026 2084 2232 2127 contraria
2278 2084 2366 2140 lege

1322 2139 1401 2181 lata
1459 2139 1710 2194 obrogasse:
1767 2141 1874 2195 quod
1918 2156 1968 2183 ex
2016 2143 2239 2186 concubitu
2290 2142 2368 2185 viri

1321 2196 1583 2252 sexagenario
1630 2195 1790 2247 majcris
1834 2213 1929 2240 cum
1965 2199 2116 2242 minori
2162 2200 2368 2254 quinqua—

1320 2256 1488 2309 genaria
1548 2253 1655 2306 spem
1702 2255 1827 2306 prolis
1878 2256 2067 2311 superesse
2122 2257 2365 2300 censuerit:

1318 2311 1485 2366 ideoque
1514 2310 1638 2352 'aliud
1682 2311 1721 2352 S.
1764 2313 1819 2353 C.
1863 2313 2144 2357 Claudianum
2184 2346 2196 2366 ‚
2250 2314 2367 2370 idque

1319 2368 1368 2409 ab
1412 2367 1584 2421 ipsomet
1627 2367 1804 2411 Claudio
1848 2371 2060 2413 emanavit
2096 2403 2107 2423 ‚
2153 2372 2238 2425 (g)
2283 2388 2364 2426 quo

1323 2424 1347 2466 si
1391 2423 1520 2475 major
1563 2426 1822 2478 sexagenario
1866 2427 2072 2481 minorem
2107 2428 2363 2482 quinquage-

1322 2481 1435 2524 naria
1485 2481 1705 2536 duxisset3
1761 2484 1927 2538 perinde
1987 2481 2210 2527 habebatur
2251 2516 2262 2536 ‚
2319 2502 2365 2529 ac

1846 2542 1927 2584 Kk
1989 2556 2012 2584 -2

229 2610 1265 2626 —oe———q-———-——·——
1324 2618 2366 2636 —w—Q—-q--p—-m——n

270 2694 327 2732 (67
353 2691 424 2724 Lib.
446 2702 474 2731 5.
498 2693 570 2735 ωερῖ
593 2691 673 2734 gasmi
692 2717 700 2726 ·

272 2737 323 2777 [b]
350 2743 478 2773 AEnaeas
498 2739 622 2771 Silvius
643 2762 649 2769 .

275 2785 321 2823 [c]
349 2787 389 2815 In
405 2783 574 2822 constitae.
596 2787 678 2825 ch.
695 2783 762 2826 pol}
778 2794 910 2818 mortem
930 2787 947 2829 §
966 2786 1091 2820 ultimo
1105 2808 1115 2819 .

272 2828 323 2869 [d]
354 2830 389 2859 L.
405 2828 573 2870 sssterilt's
589 2829 625 2873 ff:
642 2831 680 2861 de
701 2830 760 2862 αὲἷ.
779 2838 877 2873 empe-

273 2883 282 2908 ι
305 2874 351 2912 ε)
377 2877 414 2906 L.
437 2885 483 2906 12.
516 2879 553 2907 C.
571 2878 608 2907 de
623 2876 716 2918 legit.
737 2877 836 2908 hereti.

273 2919 343 2957 ['‘]
384 2920 653 2953 concubinatum
695 2922 814 2954 Noster
839 2932 916 2954 curn
942 2922 1156 2958 Gothofredo
1182 2932 1261 2966 pra?—

226 2963 367 3011 tertnisst
399 2986 411 3002 ,
452 2964 538 2998 forte
579 2966 667 3009 quod
708 2968 837 3009 utrique
878 2967 1004 3001 sederet
1048 2991 1059 3008 ‚
1111 2980 1187 3001 eum
1224 2979 1263 3000 ex

231 3006 312 3056 legis
337 3010 547 3050 conniventia
577 3022 696 3044 nomen
726 3012 905 3046 adsumfiffe
935 3034 944 3054 ‚
969 3025 1069 3056 quam
1096 3015 1184 3057 quod
1213 3015 1262 3046 lex

225 3051 332 3126 5¹9¹*
373 3053 527 3095 legitimae
568 3055 705 3090 studiosa
740 3058 937 3091 concubinas
964 3059 1103 3093 habendi
1131 3059 1181 3098 jus
1210 3059 1265 3092 de-

249 3103 310 3128 erlt
329 3119 336 3126 .

321 3143 390 3186 ff]
419 3145 458 3175 P.
473 3144 618 3186 semgszr.
636 3157 686 3188 25.
704 3148 742 3181 Θ
760 3146 874 3187 cuiae.
895 3158 922 3182 1.
935 3148 1058 3193 ohserv.
1083 3154 1134 3184 18.

1363 2698 1462 2738 (Η)
1490 2699 1554 2732 Sub
1579 2710 1643 2742 quo
1668 2700 1773 2734 latum
1806 2704 1928 2736 SCtum
1947 2713 2012 2735 non
2036 2702 2257 2736 Claudianum
2274 2725 2284 2742 ,
2314 2703 2363 2737 sed

1322 2742 1536 2776 Persicianum
1559 2768 1568 2783 ,
1596 2745 1773 2789 eodemque
1799 2758 1933 2781 cautum
1966 2771 1976 2786 ,
2003 2757 2038 2781 ut
2066 2751 2362 2792 Sexageuariorum

1320 2789 1347 2820 ὃν.
1376 2790 1743 2832 Quinquagfnariorum
1774 2815 1783 2831 ,
1822 2804 1879 2826 nec
1922 2803 1986 2825 r-on
2030 2794 2209 2836 spadonum
2240 2795 2362 2836 nuptiae

1320 2836 1421 2874 'poenis
1448 2836 1624 2869 coelibatus
1652 2846 1809 2879 perpetuo
1834 2847 2024 2872 tenerentur
2055 2852 2064 2879 3
2104 2841 2154 2873 cui
2184 2852 2286 2882 poenoe
2313 2842 2362 2872 se«

1317 2882 1509 2922 xagenarios
1535 2891 1588 2914 eos
1617 2884 1743 2916 exemit
1770 2883 1954 2922 claudius,
1982 2885 2041 2927 qui¹
2061 2886 2206 2917 minores
2236 2890 2267 2917 L.
2302 2897 2359 2916 αι’.-

1317 2925 1365 2956 nis
1390 2925 1556 2959 duxissent
1584 2950 1592 2958 .
1635 2928 1699 2970 Qui
1728 2929 1814 2962 casus
1839 2929 1909 2973 lege
1936 2932 2037 2971 Papia
2065 2928 2250 2971 prohibitus
2284 2941 2363 2963 cen-2

1317 2969 1444 3004 sebatur
1468 2971 1542 3004 ideo
1575 2995 1585 3011 ,
1627 2972 1714 3015 quod
1755 2985 1791 3007 ea
1833 2975 2040 3016 sexagenario
2084 2975 2229 3007 masculo
2269 2977 2361 3018 quin-

1315 3017 1677 3059 quagenariaeseminae
1702 3020 1834 3064 nuptias
1859 3019 2052 3053 contrahere
2081 3042 2093 3059 ,
2140 3019 2188 3057 ius
2230 3023 2359 3063 penitus

1316 3072 1381 3093 non
1407 3063 1483 3096 esset
1504 3087 1512 3096 .
1540 3065 1725 3108 Figmentis
1751 3064 2040 3099 annumerandum
2066 3065 2112 3098 est
2140 3069 2170 3099 S.
2194 3070 2229 3100 C.
2257 3066 2352 3099 Clau‹

1315 3105 1450 3141 diarium
1481 3111 1625 3152 primurn
1645 3134 1653 3143 .

1363 3154 1439 3197 [g]
1466 3155 1545 3199 Ulp.
1573 3157 1630 3191 tit.
1654 3162 1703 3193 16.
1723 3156 1810 3190 Briff.
1834 3164 1905 3197 ¹37·
1932 3155 1969 3189 tie
1981 3153 2051 3193 jure
2069 3153 2207 3191 connub-
