2596 3479
801 73 1299 151 JUR1sc

392 153 837 213 CAPUT
957 151 1137 196 CLXV.

476 246 543 289 De
567 243 701 289 Baldo
716 273 728 297 ‚
749 239 805 285 (9⁴
824 239 1039 284 Fratribus
1052 271 1061 282 .

385 330 493 385 Ujus
537 330 679 388 gloriae
724 344 807 372 non
852 342 994 383 parurn
1042 329 1201 372 accessit
1245 341 1294 370 ex

324 402 327 407 ’
397 390 523 434 Baldo
553 386 776 443 discipulo:
812 401 894 443 quo
930 384 1120 438 absente,
1153 387 1294 428 Batto-

245 447 310 492 lus
353 447 568 492 videbatur
608 445 678 489 fibi
713 460 847 489 carere
891 443 1142 487 auditoribus
1174 476 1185 495 ‚
1236 442 1296 485 id-

245 520 377 562 eoque
411 506 492 550 sine
525 503 650 549 Baldo
689 503 844 551 Bartoli
884 500 1021 545 schola
1063 501 1297 557 conglacia-

246 563 318 607 bat
348 596 357 607 .
403 563 575 607 Etenim
610 574 774 606 tantum
820 558 891 605 ille
924 559 1020 603 huic
1065 561 1136 603 uni
1180 559 1290 603 disci-

247 620 347 677 pulo
378 621 587 665 tribuebat
613 653 624 674 ‚
656 632 700 663 ut
733 618 857 663 Baldo
900 617 1033 662 adhuc
1067 633 1188 672 puero
1234 617 1295 671 sae-

246 694 298 735 pe
339 679 494 737 aliquid
541 678 796 732 objiciente3
841 678 914 730 (a
952 677 970 729 )
1013 676 1201 719 Bartolus
1249 674 1297 717 ad

250 737 578 793 respondendum
628 749 788 792 tempus
839 747 972 791 petere
1028 750 1111 778 non
1155 733 1293 777 erube-

248 795 376 839 sceret
403 827 413 839 .
461 797 577 839 Hinc
620 794 836 849 discipulus
883 792 1049 836 tandem
1091 791 1216 835 evasit
1248 806 1298 833 τε-

253 853 392 896 mulus
413 886 430 907 ,7
459 855 499 895 ἃ
533 852 662 897 etiam
713 852 756 895 in
790 851 1019 895 certamine
1044 882 1056 906 ‚
1101 866 1147 894 ac
1179 849 1294 906 quin-

250 926 329 966 que
355 911 549 954 horarum
581 909 856 966 disputatione
883 909 1016 952 vifior
1045 941 1054 951 .
1101 910 1203 964 Quae
1237 920 1298 950 ta-

246 984 351 1012 men
390 968 601 1012 aemulatio
626 1001 639 1022 ‚
690 981 734 1012 ut
766 983 858 1012 mea
900 967 980 1012 fert
1020 966 1165 1023 opinio
1189 998 1201 1020 ‚
1237 966 1300 1008 in·

251 1026 364 1082 genii
411 1027 544 1081 potius
586 1026 707 1070 Baldo
735 1058 747 1078 ‚
780 1041 904 1082 quam
939 1024 1106 1069 virtutis
1137 1025 1298 1068 laudem

252 1097 535 1140 promeretur.
569 1084 678 1139 Quid
705 1086 819 1128 enim
847 1083 1143 1136 inhumanius,
1174 1097 1297 1138 quam

253 1157 420 1197 carpere
453 1142 600 1197 ubique
632 1142 839 1185 occasione
883 1141 974 1185 data
1015 1141 1256 1197 magistrum
1288 1171 1299 1193 ‚

253 1213 302 1242 ut
335 1199 433 1243 solet
472 1200 651 1243 Baldus?
698 1197 907 1244 Discordia
951 1212 1089 1243 tamen
1133 1196 1300 1253 ingenia

255 1257 355 1300 dum
401 1257 593 1301 viverent
635 1290 646 1310 ,
691 1258 774 1312 post
807 1269 987 1300 mortem
1025 1271 1196 1299 concors
1227 1255 1299 1296 ho-

258 1315 426 1358 minum
479 1314 697 1357 admiratio
755 1315 1014 1357 comitatur:
1062 1313 1141 1356 hoc
1186 1311 1297 1355 enim

253 1373 310 1416 est
354 1387 579 1415 commune
613 1372 656 1414 in
689 1373 806 1415 omni
853 1371 942 1414 foro
976 1369 1173 1423 judicium
1208 1402 1221 1424 ,
1254 1383 1299 1412 ut

254 1429 314 1474 ibi
347 1429 562 1473 consedisse
600 1429 749 1473 veritas
783 1429 1019 1474 existimeur
1042 1462 1053 1482 ‚
1086 1445 1167 1484 quo
1201 1443 1298 1472 con-

255 1503 345 1531 cors
388 1487 595 1543 utriusque
637 1489 835 1531 sententia
869 1487 1113 1531 convenerit
1135 1519 1143 1527 .
1177 1488 1194 1539 (
1228 1487 1251 1527 b
1285 1486 1300 1536 )

252 1544 393 1596 Hujus
436 1558 574 1588 tamen
620 1545 862 1598 petulantiae
915 1545 1169 1602 gravissimas
1216 1559 1300 1597 poe-

254 1618 327 1645 nas
360 1602 505 1646 Baldus
543 1603 652 1646 dedit
693 1636 701 1646 .
754 1606 817 1647 Ex
864 1603 1144 1659 frequentibus
1186 1603 1298 1644 enini

253 1659 352 1704 rixis
403 1677 497 1704 curn
551 1677 793 1716 praeceptore
830 1695 841 1716 ,
884 1676 975 1704 orta
1019 1661 1073 1704 est
1124 1660 1259 1702 fabula
1289 1691 1301 1711 ‚

257 1718 302 1762 &
333 1731 620 1762 commentum
667 1719 767 1762 illud
820 1719 1006 1769 putidum
1035 1751 1046 1773 ,
1092 1718 1197 1773 quod
1243 1716 1293 1759 for

260 1775 394 1819 renses
442 1776 667 1820 nebulones
728 1777 982 1820 imbiberunt
1026 1809 1038 1829 ‚
1093 1778 1139 1819 de
1180 1774 1302 1817 Baldo

259 1832 421 1890 publice
472 1834 644 1890 flagellis
695 1836 792 1879 caeso
827 1868 840 1890 ,
896 1847 1058 1889 propter
1091 1845 1301 1887 corruptos

260 1907 406 1935 omnes
451 1893 746 1936 Pande-&arum
794 1925 806 1946 ‚
861 1892 932 1948 qui
984 1891 1130 1935 Perusii
1186 1904 1300 1934 erant

261 1949 419 1992 codices
445 1952 527 2003 (²⁶)
562 1951 604 1993 iri
638 1951 725 2006 lege
756 1952 806 1992 52·
835 1950 1019 1995 creditor
1043 1982 1054 2003 ,
1087 1951 1148 1993 D.
1174 1949 1220 1990 [Ie
1240 1950 1298 1990 di-

252 2005 461 2070 strafflione
483 2010 728 2062 pignorum:
790 2021 831 2050 ut
876 2008 1111 2051 adulter-arce
1162 2006 1296 2049 16810-

270 2079 334 2106 nis
373 2064 604 2107 testimonio
642 2065 857 2109 Bartolum
898 2064 1131 2109 confutaret
1165 2079 1173 2103 :
1209 2079 1299 2106 cun<

262 2136 353 2164 eam
376 2128 688 2166 contentionem
716 2155 728 2174 ,
761 2122 820 2166 uti
854 2122 1037 2167 diximus
1058 2155 1070 2175 ‚
1105 2137 1188 2164 nori
1210 2137 1303 2164 cum

262 2178 389 2243 Baldo
430 2180 617 2224 Bariolus
658 2181 844 2224 habuerit
869 2213 880 2233 ‚
933 2181 992 2224 sed
1038 2196 1132 2224 curn
1177 2181 1301 2222 Fran-

261 2236 367 2279 cisco
409 2237 576 2292 Tigrini
616 2254 628 2290 ς
680 2251 721 2281 ut
753 2238 924 2293 optimis
957 2237 1222 2281 relationibus
1263 2254 1303 2279 oe

262 2293 410 2337 stendit
457 2296 720 2339 Laricellotus
753 2328 764 2348 ‚
797 2298 813 2348 (
842 2298 900 2348 c)
951 2296 1166 2339 selefiioris
1199 2308 1305 2338 notae

264 2352 580 2404 jurisconsultus
611 2385 620 2395 .
678 2355 814 2397 Natus
858 2355 911 2398 est
963 2354 1109 2397 Baldus
1158 2353 1305 2397 Perusii

264 2425 315 2473 ex
348 2411 558 2455 francisco
598 2411 761 2454 Ubaldo
794 2412 981 2462 medico,
1012 2411 1183 2467 egregiae
1217 2427 1305 2466 pro-

264 2465 315 2510 lis
356 2482 522 2524 parente
567 2468 832 2515 felicissimo:
878 2469 1074 2526 siquidem
1109 2501 1121 2523 ,
1168 2481 1309 2524 praeter

258 2597 788 2615 u———A--n——-,„„‚------

308 2630 394 2669 (a)
442 2632 599 2664 Castrens.
625 2635 660 2665 in
675 2635 696 2665 l·
728 2633 757 2675 fi
784 2632 891 2674 instit.
911 2643 960 2675 17·
987 2632 1018 2674 §.
1051 2629 1309 2671 deTesfamemo

264 2676 329 2708 ule.
350 2674 390 2719 ff.
418 2677 456 2709 de
483 2677 572 2721 inoff
592 2677 715 2718 testam.

311 2721 330 2759 (
345 2720 364 2752 b
387 2739 391 2744 ·
440 2723 558 2765 Tiraq.
583 2724 620 2756 cle
631 2724 759 2757 νεεναέῖ.
777 2733 925 2758 convent.
957 2726 986 2767 §.
1002 2734 1034 2763 4.
1049 2722 1147 2766 gloss.
1165 2723 1194 2752 6-
1214 2730 1304 2753 n-12·

315 2766 385 2805 [⁴‘]
434 2768 637 2802 Damnatum
674 2771 725 2803 sed
763 2770 978 2804 nihilominus
1024 2768 1100 2801 dein
1125 2766 1311 2800 absolutum

268 2818 379 2844 narrat
419 2815 561 2853 Joanncs
595 2817 801 2849 Nevisanus.
842 2819 953 2850 LIV.
982 2828 1015 2848 n·
1036 2823 1089 2854 23-
1123 2814 1227 2855 Jylvae
1246 2814 1312 2853 suae

269 2859 432 2896 nuptialis
455 2860 541 2902 apud
568 2862 721 2902 Baylium
748 2863 783 2895 in
809 2865 886 2895 vita
912 2862 1017 2894 Batai
1039 2884 1050 2900 ‚
1078 2859 1147 2903 ipso
1172 2858 1312 2891 interce-

271 2897 370 2933 dente
395 2903 530 2937 Bartolo
550 2929 559 2945 ‚
588 2915 766 2950 utenteque
794 2916 993 2949 argumento
1018 2909 1040 2940 1.
1071 2907 1112 2938 ad
1126 2902 1238 2945 bestias
1255 2914 1309 2941 3¹·

273 2945 319 2974 ‘D'
353 2946 390 2978 ἰθ
420 2951 544 2990 Ρωηῖιῑ,
584 2952 617 2985 in
656 2964 719 2995 qua
758 2953 898 2986 artifieio
926 2952 1160 2986 damnatorum
1186 2948 1310 2992 aliquid

273 2986 392 3022 datur.
420 2994 479 3026 Sed
504 2998 695 3032 Pancirolus
730 3009 800 3032 rem
827 3007 934 3033 totam
961 2997 1128 3039 figmentis
1153 3006 1313 3028 annume-

273 3041 352 3069 ΥΠ,
391 3037 421 3068 ὃ(
457 3049 499 3071 ex
540 3042 656 3077 eodem
698 3056 814 3088 genere
840 3047 885 3078 est
911 3044 1096 3088 alloquium
1122 3041 1246 3075 Eartoli
1272 3039 1311 3072 ad

276 3078 716 3137 Baldumguadragenarium
743 3090 886 3123 scholam
914 3088 983 3129 eius
998 3091 1204 3123 intrantem:
1231 3087 1308 3119 Tar-

274 3125 314 3157 de
341 3128 461 3169 ven¹fl¹
487 3134 615 3173 Redde,
659 3136 688 3168 &
715 3136 812 3172 hujus
844 3136 1073 3179 Responsum,
1102 3134 1211 3166 Citius
1234 3143 1308 3164 rece-

275 3169 351 3205 dam
367 3196 379 3215 2
419 3175 473 3208 vel
503 3178 574 3219 sero
613 3183 705 3215 venis
730 3182 859 3223 ealda,
898 3182 960 3216 m‘s
984 3182 1163 3215 advocatus
1187 3179 1223 3213 in
1248 3179 1315 3212 alio

1340 69 1799 126 IVILIS.
2322 86 2388 133 91

1346 146 1517 192 Baldum
1548 178 1560 201 ‚
1605 143 1748 202 genuit
1787 140 1913 188 etiam
1948 140 2158 195 Angelum
2190 173 2204 197 ,
2235 139 2280 186 &
2316 143 2393 188 Pe..

1347 217 1458 251 trum
1521 200 1834 258 Jurisconsultos
1882 198 2038 256 scriptis
2095 214 2181 243 non
2234 200 2388 246 incele-

1347 265 1434 311 bres
1465 297 1477 317 ‚
1521 264 1563 309 &
1594 261 1720 306 Baldo
1763 259 1886 303 fratre
1921 257 2102 303 minime
2157 257 2353 316 indignos
2379 292 2391 304 .

1348 324 1523 365 Annum
1556 321 1691 366 iniens
1732 317 1877 361 Baldus
1916 316 2126 360 decimum
2171 315 2393 370 septimum
2448 352 2455 360 .

1346 377 1610 424 admirationi
1645 376 1723 421 fuit
1763 374 1959 420 omnibus
1984 406 1996 428 ,
2029 372 2165 416 subtili
2212 374 2391 430 explica-

1348 437 1462 481 tione
1506 436 1605 492 legis
1638 447 1789 478 centum
1825 437 1972 488 Capua:
1992 464 2004 487 ‚
2045 433 2103 475 D.
2137 431 2186 474 de
2216 446 2255 474 eo
2286 433 2391 488 quod

1346 508 1444 538 certo
1484 495 1592 536 loco.
1638 492 1793 536 Docuit
1836 491 1973 548 primo
2017 488 2062 532 in
2098 488 2230 532 Patria
2265 521 2278 543 ,
2320 489 2389 533 ubi

1349 554 1513 597 Petrum
1544 549 1770 597 Belfortem
1802 546 2071 594 cardinalem
2120 547 2164 590 in
2203 546 2286 599 jure
2330 547 2394 590 ci-

1347 610 1420 655 vili
1462 609 1731 654 erudiendum
1772 640 1785 662 ,
1837 619 1958 663 atque
2001 605 2050 649 ad
2089 604 2274 649 maxima
2320 620 2390 649 ne-

1347 669 1458 724 gotia
1499 667 1796 715 instituendum
1839 663 2028 721 accepit.
2063 663 2225 709 Deinde
2268 663 2391 707 Tici-

1348 743 1449 771 num
1494 728 1542 771 ad
1584 726 1692 769 idem
1737 739 1888 767 munus
1931 721 2190 778 amplissimis
2238 721 2389 777 stipen-

1347 785 1422 828 diis
1454 786 1657 830 arcessitus
1683 801 1692 826 z
1728 782 1796 825 ubi
1822 797 1929 832 curn,
1957 781 1992 825 se
2023 779 2273 824 auditoribus
2311 795 2390 823 no·

1348 843 1474 888 minis
1517 842 1600 895 ejus
1648 840 1892 886 celebritate
1945 837 2132 894 suspensis
2175 837 2385 883 ostendit:

1348 901 1441 957 quia
1472 902 1621 944 statura
1652 898 1818 955 pusillus
1849 909 1935 940 erat
1959 929 1971 950 ‚
2016 896 2217 940 continuo
2253 894 2390 938 excla-

1349 972 1509 1003 matum
1549 959 1629 1011 est,
1662 958 1810 1001 minuit
1834 955 2043 1012 praesentia
2072 951 2228 1007 famam
2252 970 2266 993 :
2302 951 2392 1007 Ipse

1349 1034 1446 1061 vero
1482 1017 1658 1060 minime
1703 1015 1917 1061 deterritus
1955 1045 1968 1066 ,
2012 1012 2226 1056 confestim
2275 1025 2396 1054 exce-

1350 1075 1441 1130 pit:
1487 1076 1664 1131 Augehit
1695 1085 1819 1116 cetera
1851 1073 1983 1115 virtus
2008 1102 2016 1114 .
2049 1070 2164 1113 Cum
2206 1069 2261 1113 ibi
2298 1068 2393 1111 Phi-

1351 1134 1484 1189 lippus
1524 1132 1743 1180 CassoluS‚
1791 1130 1863 1187 qui
1905 1129 1995 1172 satis
2039 1126 2213 1184 gloriose
2246 1126 2394 1172 Dosto-

1350 1208 1434 1233 rum
1471 1191 1618 1234 Dofior
1667 1188 1950 1244 appellabatur
1980 1218 1992 1238 ‚
2042 1201 2156 1228 more
2202 1196 2391 1228 veterum

1350 1248 1629 1303 Sophii‘tarum
1659 1279 1672 1302 ,
1706 1245 1915 1300 prodiisset
1947 1244 1989 1287 in
2026 1243 2210 1286 medium
2238 1274 2250 1295 ‚
2281 1256 2390 1298 quae·

1350 1306 1622 1362 stionibusque
1667 1303 1860 1346 omnibus
1898 1302 1944 1345 de
1995 1301 2156 1344 ultimis
2200 1300 2394 1342 volunta-

1350 1364 1459 1406 tibus
1499 1378 1549 1406 ex
1595 1376 1779 1416 tempore
1818 1360 1853 1404 se
1897 1359 2181 1414 responsurum
2225 1356 2393 1400 obtulis-

1353 1421 1405 1463 set
1434 1437 1444 1474 3
1476 1421 1621 1464 Ealdus
1647 1453 1659 1475 ,
1705 1431 1749 1462 ut
1781 1418 1965 1461 hominis
2012 1414 2283 1472 petulantiam
2329 1429 2391 1457 re-

1353 1479 1545 1533 primeret
1572 1509 1586 1532 ,
1636 1477 1796 1533 rogavit
1828 1476 1895 1520 ubi
1921 1487 2087 1519 cautum
2129 1472 2224 1517 esset
2258 1471 2301 1515 in
2334 1470 2395 1523 ju·

1352 1553 1424 1590 re,
1470 1551 1516 1580 ut
1548 1537 1775 1580 substitutio
1822 1533 2004 1590 vulgaris
2040 1531 2085 1575 in
2123 1530 2258 1585 legato
2291 1528 2396 1574 saffra

1353 1611 1436 1637 non
1483 1594 1804 1651 comprehendat
1829 1624 1842 1645 ‚
1886 1591 1959 1636 nisi
1992 1590 2127 1633 casum
2149 1621 2160 1643 ,
2204 1603 2285 1644 quo
2318 1603 2395 1630 no-

1355 1653 1474 1696 luerit
1511 1685 1524 1707 ‚
1570 1653 1636 1696 vel
1688 1650 1866 1705 potuerit
1907 1683 1916 1692 .
1961 1647 2147 1692 Hserenti
2200 1644 2393 1702 Philippo

1353 1711 1497 1754 Budas
1528 1711 1567 1754 ei
1599 1710 1772 1754 ostendit
1807 1708 1941 1765 legem
1979 1708 2104 1750 Pater
2133 1704 2393 1757 Severinum,

1359 1772 1407 1811 s).
1441 1771 1488 1812 de
1517 1769 1807 1812 condicionibus
1834 1799 1846 1819 ‚
1877 1766 1933 1810 (9⁶
1963 1762 2357 1818 demmfti·ationibus
2376 1791 2387 1802 .

1357 1827 1419 1870 Ad
1451 1843 1575 1883 quem
1619 1826 1758 1870 locum
1803 1825 1911 1868 hanc
1952 1834 2257 1867 enarrationem
2307 1819 2393 1862 Ca-

1354 1885 1510 1928 sireniis·
1526 1886 1703 1928 attexuit
1724 1917 1733 1927 .
1768 1881 1947 1939 Ingenio
1966 1893 2104 1924 autem
2132 1876 2277 1921 Baldus
2303 1889 2392 1919 tam

1357 1957 1518 1996 promto
1561 1942 1672 1995 fuit,
1706 1956 1749 1985 ut
1783 1942 1847 1984 vel
1883 1941 2015 1995 legem
2047 1970 2059 1993 ,
2108 1952 2197 1994 quae
2227 1936 2274 1978 de
2307 1949 2400 1977 mu-

1359 2000 1427 2042 scis
1454 2033 1465 2051 ‚
1496 2001 1539 2043 &
1576 2000 1705 2053 vespis
1747 1998 1982 2054 loqueretur
2007 2028 2020 2051 ,
2056 1993 2285 2051 petentibus
2327 1992 2400 2034 ob-

1356 2058 1531 2100 tulerit.
1595 2059 1873 2112 Interrogatus
1927 2056 1977 2098 ab
2026 2051 2228 2109 Episcopo
2279 2048 2400 2091 Tici-

1356 2115 1465 2159 nensi
1488 2149 1500 2167 ‚
1533 2131 1604 2159 cur
1636 2115 1742 2169 leges
1774 2126 1859 2156 tam
1892 2110 2040 2164 facile,
2072 2127 2118 2153 ac
2151 2107 2273 2152 toties
2304 2122 2398 2149 tnu-

1356 2186 1538 2217 tarentur
1565 2190 1573 2215 :
1610 2172 1683 2216 ille
1729 2171 1869 2215 retulit
1895 2203 1907 2224 ‚
1952 2168 2200 2223 legislatores
2224 2197 2236 2219 ‚
2268 2163 2404 2209 medi-

1357 2247 1498 2275 corum
1534 2231 1683 2284 instar,
1716 2246 1787 2286 pro
1824 2228 2078 2282 temporibus
2109 2223 2289 2268 remedia
2328 2237 2401 2278 pa-

1358 2305 1441 2332 rare
1469 2307 1477 2331 :
1527 2290 1566 2332 id
1599 2288 1714 2333 enim
1747 2287 1820 2331 esse
1868 2286 2013 2338 justum
2044 2317 2055 2339 ‚
2088 2282 2195 2339 quod
2239 2294 2403 2344 tempo-

1359 2347 1466 2391 ribus
1503 2346 1747 2391 conveniret
1782 2362 1793 2398 3
1839 2346 1882 2388 ὃς
1926 2357 2138 2399 propterea
2165 2372 2176 2394 ‚
2221 2355 2311 2395 quae
2353 2351 2398 2380 m

1359 2421 1453 2462 pace
1487 2418 1679 2449 vetantur
1704 2436 1715 2456 ‚
1768 2404 1811 2447 in
1858 2401 1966 2445 bello
2007 2401 2128 2444 licere
2158 2430 2167 2441 .
2199 2397 2406 2459 Ticinen-

1361 2464 1461 2507 sium
1502 2464 1648 2508 statuta
1681 2460 1785 2506 solus
1829 2459 1993 2517 publico
2027 2457 2129 2504 iussu
2179 2453 2399 2499 condidit:

1929 2519 1982 2560 M
2045 2530 2067 2557 z
2314 2525 2406 2553 om-

1936 2585 2168 2597 --.-..----
2288 2582 2394 2592 ψ--η

1474 2591 1580 2602 ..—

1354 2626 1484 2666 seculo-
1511 2621 1706 2656 Adolescens
1734 2623 1824 2655 enim
1850 2619 2039 2663 quindecim
2066 2627 2170 2648 annos
2199 2624 2294 2647 natus
2320 2615 2400 2645 Bar-

1359 2671 1430 2704 tolo
1455 2678 1523 2703 tam
1550 2677 1662 2714 argute
1698 2666 1928 2706 contradixit,
1970 2672 2006 2698 ut
2034 2663 2090 2695 ille
2116 2669 2247 2704 tempus
2269 2658 2309 2692 ad
2336 2657 2398 2692 res-

1360 2713 1568 2755 pondendum
1606 2714 1762 2758 petierit,
1803 2711 1890 2755 quod
1927 2719 2041 2744 tamen
2066 2707 2194 2746 semel,
2223 2716 2289 2738 non
2314 2703 2394 2745 saepe

1358 2762 1480 2795 fastum
1495 2784 1505 2801 ,
1534 2759 1722 2793 Pancirolus
1745 2759 1904 2791 testatur.
1931 2756 1964 2790 Si
1989 2765 2066 2788 vera
2081 2754 2182 2787 essent
2200 2774 2211 2791 ‚
2238 2761 2308 2800 qum
2324 2753 2395 2781 Ne-

1358 2808 1488 2841 visanus
1514 2815 1647 2843 narrat,
1676 2816 1717 2837 ex
1741 2803 1867 2847 duplici
1893 2802 2001 2846 capite
2015 2798 2201 2833 damnanda
2215 2796 2307 2830 Baldi
2326 2805 2394 2845 mea

1361 2854 1466 2886 moria
1489 2853 1586 2885 esset.
1618 2855 1697 2884 Non
1723 2850 1811 2882 enim
1838 2851 1985 2892 ingratus
2011 2854 2143 2879 tantum
2168 2842 2332 2877 videretur
2358 2849 2393 2871 in

1360 2899 1555 2937 Bartolum,
1581 2908 1682 2941 quem
1709 2896 1818 2929 ubivis
1844 2896 1879 2928 in
1905 2892 2032 2936 scriptis
2070 2891 2132 2923 suis
2157 2888 2334 2938 infestatur
2358 2892 2394 2916 ut

1361 2952 1621 2988 praeceptorem,
1661 2941 1713 2975 sed
1753 2941 1855 2974 etiam
1896 2939 2073 2972 immemor
2100 2934 2302 2979 patrocinii,
2329 2938 2395 2971 quo

1359 2989 1530 3023 formidini
1555 2988 1759 3032 flagellorum
1784 2994 1915 3028 ereptus
1942 2984 2046 3018 fuerat
2063 3003 2071 3013 .
2110 2980 2259 3012 Bartolus
2283 2982 2394 3008 autem

1360 3047 1400 3071 eo
1438 3033 1557 3073 majori
1594 3033 1698 3067 animi
1740 3030 1968 3074 magnitudine
1993 3028 2065 3061 usus
2089 3025 2282 3075 videretur,
2307 3016 2395 3062 quod

1360 3081 1582 3117 defensionem
1624 3079 1693 3117 ejus
1733 3078 1942 3121 suscepisset,
1977 3075 2033 3119 qui
2071 3071 2197 3107 codices
2223 3079 2257 3102 in
2281 3072 2393 3101 necem

1362 3129 1458 3174 ipsius
1483 3125 1695 3169 corrupiffet.

1411 3173 1487 3217 (c)
1535 3174 1576 3206 In
1601 3173 1677 3207 vira
1705 3169 1840 3206 Bartoli
1854 3189 1864 3200 .
