2524 3479
128 146 201 200 70

600 122 717 174 DE
762 118 1034 174 ORTU
1088 120 1209 174 ET
1267 118 1801 176 PROGRESSU

125 201 273 249 scrinia
301 197 635 256 dispositionum.
669 198 756 249 (a)
799 193 969 238 Scriniis
1002 209 1162 239 merno-
1210 195 1432 252 vestituque
1464 195 1675 251 insigniori
1721 194 2078 252 distinguebantur
2125 213 2147 241 a
2180 192 2248 242 cess

124 264 190 307 riae
210 259 278 317 qui
301 269 465 315 praeerat
487 288 499 309 ,
534 254 722 311 magister
756 251 970 295 memoriae
1005 252 1163 295 diceba·
1211 252 1306 297 teris
1335 269 1344 295 ε

1378 251 1504 308 iisque
1534 253 1712 298 defensio
1742 286 1756 309 ‚
1785 253 1829 298 &
1870 269 2007 300 rerum
2050 254 2250 300 fiscalium

127 333 192 364 tur
220 351 231 374 ,
265 316 373 373 isque
407 313 581 358 dietabat
633 308 810 365 Principi
841 309 1128 353 adnotationes
1153 341 1165 364 ,
1219 325 1316 355 cura
1348 311 1646 356 mandabatur.

127 378 208 422 sive
264 373 453 428 rescripta
500 371 713 414 subnotata
748 367 946 423 Principis
989 383 1116 412 manu
1150 399 1163 421 ‚

60 456 62 458 ’
126 435 274 494 quibus
310 431 455 476 deliera
488 426 856 471 condonabantur.
889 426 975 478 (b)
1007 424 1165 468 Scrinia

127 492 389 549 epistolarum
417 521 429 541 ‚
475 486 552 529 sive
604 482 888 539 rescriptorum
923 514 935 536 ‚
979 485 1165 527 continc-

131 552 233 596 bant
278 545 459 604 responsa
497 541 737 598 Principum
780 540 830 584 ad
860 540 1045 597 epistolas
1082 557 1168 584 ma-

127 609 370 667 gistratuum
414 602 606 648 ordinum
634 631 647 655 ‚
672 611 743 644 aut
785 600 1030 642 Senatorum
1062 614 1168 654 quae-

131 667 306 710 stionem
331 662 515 719 aliquam
540 657 635 710 juris
668 657 1017 714 proponentium.
1056 659 1167 712 Quas

132 723 318 781 epistolas
356 717 556 773 Principis
591 715 762 759 nomine
807 714 999 758 scribebat
1040 714 1171 770 magi·

132 783 208 826 sier
239 777 502 836 epistolarum
528 806 541 828 ,
573 773 641 831 qui
679 772 723 816 δι
764 773 966 816 orationes
1014 771 1163 814 Princi*

130 854 230 896 pum
277 834 550 891 componebat
592 847 605 886 3
651 830 759 887 isque
806 830 872 873 sub
918 828 952 873 se
997 829 1170 873 habebat

133 897 278 940 scribas
309 894 359 938 ab
389 889 566 948 epistolis
617 904 711 932 cum
744 887 898 931 Graecis
926 918 938 939 ‚
971 899 1060 930 turn
1094 890 1169 930 La-

132 955 232 998 tinis
260 986 268 996 .
304 946 497 995 Praeterea
523 945 748 1003 legationes
771 945 1034 999 Civitatum,
1065 944 1169 989 alio-

132 1027 306 1068 rumque
341 1007 536 1066 postulata
563 1035 573 1057 ,
622 1004 665 1047 &
702 1017 837 1059 preces
869 1002 1057 1046 audiebat
1081 1036 1092 1055 ,
1127 1014 1199 1058 ut}

135 1070 307 1114 referret
340 1068 389 1110 ad
431 1063 666 1116 Principem
700 1091 709 1102 .
741 1060 900 1103 Scrinia
934 1058 1200 1112 libellorum}

136 1124 517 1182 complectebantur
564 1117 725 1162 libellos
775 1117 971 1172 supplices
1020 1119 1200 1174 Princi-¹

134 1185 175 1241 pi
219 1181 377 1228 oblatos
403 1213 415 1235 ‚
458 1192 558 1236 quos
601 1175 791 1231 magister
835 1174 1070 1220 libellorum
1114 1175 1173 1220 ei-

133 1243 226 1286 dem
274 1238 501 1285 recitandos
547 1234 772 1289 accipiebat
807 1264 820 1286 ‚
862 1246 908 1276 ut
951 1235 1058 1290 quod
1103 1220 1202 1309 illei

1345 424 1388 469 C
1450 427 1488 469 A
1521 419 1529 426 ’
1551 425 1581 470 Ρ
1642 428 1687 471 U
1747 428 1791 471 T
1915 429 2127 474 CXXIX.

1241 541 1308 585 De
1328 532 1560 598 Digestz'one
1572 542 1689 597 Juris
1709 543 1867 587 Civilis
1887 543 1964 597 suh
1981 542 2224 599 Iustiniano.

1223 653 1354 758 EX
1387 654 1450 700 his
1477 668 1613 713 patet,
1646 656 1716 714 qui
1740 657 1864 701 fuerit
1896 657 2033 702 civilis
2069 657 2264 701 dofftrinae

1343 713 1461 757 slatus
1512 716 1578 758 sub
1616 715 1871 770 Principibus
1907 714 2026 770 usque
2058 716 2105 757 ad
2143 715 2266 767 [susti-

1218 771 1389 815 niarium
1416 802 1429 825 ‚
1460 771 1502 815 δι
1534 788 1622 830 quae
1657 788 1825 816 munera
1870 773 2152 829 professoribus
2196 787 2266 826 pa-

1218 828 1381 873 tuissent
1418 828 1560 873 illius.
1608 831 1768 873 Verum
1802 829 1946 882 faciem
1992 829 2265 884 jurispruden-

1217 886 1275 929 tia
1307 887 1374 930 sub
1398 887 1627 939 Julliniano
1664 890 1844 932 mutavit
1870 920 1879 931 .
1915 890 2028 930 Nam
2065 903 2158 931 cum
2191 901 2267 929 an-

1217 957 1284 988 tea
1317 958 1471 988 veteres
1522 946 1627 1001 leges
1666 978 1679 998 ‚
1732 947 1775 988 ἃ
1812 946 1952 989 Edieia
1999 946 2220 988 Proetorurn
2252 974 2265 996 ‚

1218 1001 1263 1045 &
1305 1002 1694 1053 jurisconsultorum
1736 1003 1829 1045 libri
1873 1018 2018 1046 omnes
2056 1002 2262 1046 versaren-

1218 1070 1284 1102 tur
1305 1075 1349 1101 ιη
1372 1060 1595 1112 manibus3
1628 1058 1848 1110 Justiniani
1882 1073 2066 1115 tempore
2084 1091 2095 1112 ‚
2129 1075 2179 1102 ne
2207 1057 2270 1109 {u-

1196 1126 1365 1160 ⁴ventus
1398 1129 1511 1165 tanta
1556 1116 1767 1161 librorum
1799 1117 1901 1160 strue
1934 1149 1948 1170 ,
1993 1133 2039 1159 ac
2073 1116 2262 1159 lePtionis

1195 1174 1416 1219 *varietate
1465 1173 1812 1229 opprimeretur;
1857 1174 2051 1227 abscissa,
2100 1172 2270 1226 rejeE‘ta-

1220 1249 1297 1288 que
1331 1232 1420 1275 sunt
1452 1231 1631 1275 obsoleta
1662 1231 1783 1284 jura;
1817 1245 2034 1287 totumque
2067 1229 2132 1282 jus
2163 1229 2270 1274 civi-

134 1299 294 1354 juffislet
330 1329 342 1352 ‚
393 1296 524 1352 postea
567 1291 800 1336 rescriberet
831 1321 842 1343 ‚
886 1289 1258 1347 dicebaturqueale
1293 1289 1565 1344 compositum
1594 1321 1607 1342 ‚
1662 1290 1813 1334 {cleeris
1855 1305 1904 1333 ex
1948 1287 2268 1341 jurisconsulto-

138 1358 299 1401 libellos
331 1369 447 1411 agere
474 1384 483 1395 .
529 1351 616 1403 (c)

649 1348 732 1404 Qui
767 1348 952 1390 suberant
985 1349 1174 1404 magistro
1196 1341 1202 1391 l
1222 1363 1313 1391 rum
1347 1347 1490 1399 libris,
1522 1362 1612 1403 quae
1643 1359 1731 1390 turn
1757 1346 1882 1390 essent
1915 1347 1957 1389 in
1990 1346 2087 1398 usu,
2114 1362 2195 1401 quo
2222 1345 2267 1388 in

140 1414 380 1458 libellorum
427 1411 471 1454 in
503 1408 582 1452 hoc
614 1420 785 1450 munere
832 1404 1061 1454 libellanres
1104 1423 1173 1459 ap·
1196 1392 1425 1460 'posterum
1459 1404 1520 1456 jus
1552 1404 1713 1453 brevius
1755 1404 1848 1448 effet
1880 1436 1892 1458 ,
1923 1405 1967 1447 ὅ(
1998 1403 2224 1466 expeditius
2254 1428 2273 1444 ε’

138 1471 399 1529 pellabantur
427 1498 436 1508 .

482 1463 641 1510 Scrinia
694 1462 1005 1518 dispositionum
1060 1479 1173 1507 com·
1222 1463 1352 1514 Cujus
1382 1463 1683 1506 emendationis
1715 1476 1814 1518 opus
1841 1492 1855 1516 ,
1896 1476 1943 1505 ac
1976 1473 2080 1504 ratio
2122 1476 2174 1505 ex
2211 1458 2270 1503 se-

135 1527 443 1586 prehendebant
489 1520 765 1578 dispositiones
811 1520 1085 1574 Principum,
1128 1520 1172 1564 si-
1223 1520 1440 1575 quentibus
1474 1519 1613 1576 palam
1639 1522 1735 1564 fiet.

134 1603 184 1630 ve
217 1584 526 1631 constitutiones
554 1611 566 1634 ‚
599 1576 868 1635 pragmaticas
908 1576 1132 1621 sancliones
1161 1610 1173 1632 ,

133 1645 262 1689 edi&
294 1676 307 1697 ,
341 1638 623 1698 promotiones
666 1637 721 1698 ad·
747 1634 922 1698 bonores
949 1667 961 1689 ‚
1007 1637 1172 1678 manda-

139 1714 180 1744 ta
209 1733 221 1756 ‚
262 1697 574 1744 consuetudines
599 1725 611 1748 ‚
664 1692 878 1748 privilegia
919 1724 931 1745 ,
980 1693 1175 1737 beneficia

133 1774 184 1802 ex
215 1757 461 1802 liberalitate
503 1750 704 1806 Principis
739 1782 753 1804 ‚
795 1749 838 1793 δι
871 1749 1063 1806 quidquid
1110 1751 1177 1794 de-

132 1816 256 1871 nique
299 1831 348 1859 ex
391 1812 505 1857 illius
538 1809 750 1852 voluntate
782 1838 794 1860 ‚
829 1807 942 1851 nulla
975 1808 1072 1860 juris
1105 1824 1174 1858 ness

136 1875 311 1918 cessitate
358 1881 531 1926 cogente
565 1898 578 1921 ,
604 1877 816 1909 'manaret
844 1896 853 1906 .
899 1865 1059 1919 Quibus
1106 1866 1174 1922 qui

134 1941 302 1987 praeerat
346 1926 533 1984 magister
579 1922 886 1979 dispositionum
929 1953 941 1974 ,
993 1922 1071 1966 sive
1106 1939 1177 1977 po-

132 1989 213 2032 tius
245 2002 382 2030 comes
422 1981 734 2039 dispositionum
779 1980 1036 2023 vocabatur.
1083 1981 1171 2024 Ne-

130 2059 201 2103 gat
232 2044 333 2089 enin
366 2041 558 2094 Cujacius
589 2041 607 2093 (
641 2039 714 2090 d)
762 2037 942 2081 inveniri
993 2037 1175 2094 magistri

132 2118 285 2147 nomen
323 2102 364 2144 in
385 2096 744 2155 dispositionibus,
777 2093 1033 2138 dissentiente
1067 2097 1177 2139 Gru-

133 2161 249 2205 thero
275 2193 284 2203 .
321 2161 338 2212 (
364 2175 381 2201 e
407 2160 424 2210 )
474 2157 557 2211 Qui
589 2170 685 2197 vero
717 2152 870 2197 similia
904 2152 1071 2208 negotia
1105 2169 1178 2208 pro

130 2218 196 2262 his
220 2230 394 2274 quatuor
427 2212 629 2269 magistris
657 2243 669 2264 ‚
704 2222 775 2254 aut
811 2208 1072 2262 absentibus,
1107 2226 1177 2254 aut

133 2274 370 2319 valetudine
391 2270 597 2325 impeditis
622 2267 867 2321 susciperent
886 2282 933 2310 ac
955 2267 1177 2311 tra&arent

134 2332 238 2388 apud
267 2330 525 2384 Principem,
559 2325 737 2382 proximi
768 2325 983 2367 Sacrorum
1000 2326 1175 2368 Scrinio»

134 2406 227 2434 rum
251 2389 516 2432 dicebantur:
554 2395 761 2439 propterea
790 2381 896 2438 quod
925 2381 1006 2426 haec
1034 2398 1176 2427 mune-

134 2464 176 2492 ra
213 2461 336 2503 prope
366 2443 649 2499 attingerent,
683 2442 1001 2496 proximumque
1047 2457 1069 2483 a
1091 2457 1175 2485 ma—

136 2505 267 2561 gistris
301 2502 540 2548 scriniorum
575 2498 714 2543 locum
745 2510 961 2541 tenerent.
993 2495 1076 2551 (f)

253 2620 295 2662 C
353 2621 393 2664 A
455 2618 486 2661 P
545 2617 590 2660 U
650 2615 695 2657 T
799 2612 1062 2657 CXXVIII.

1223 2169 1316 2199 tum
1364 2155 1409 2199 in
1443 2154 1663 2198 virtutibus
1720 2151 1895 2196 maximi
1946 2150 2130 2193 nominis
2162 2180 2172 2191 .

1380 1635 1422 1685 C
1481 1636 1523 1678 A
1586 1635 1615 1678 P
1675 1636 1720 1677 U
1780 1632 1825 1676 T
1944 1632 2131 1678 CXXX.-

1574 1752 1642 1798 De
1670 1751 1700 1804 J
1703 1748 1898 1805 ustiniano
1909 1781 1919 1792 .
2009 1781 2031 1788 -

1282 1864 1526 1910 Ustinianus
1571 1878 1736 1921 propter
1779 1861 1987 1909 contraria
2021 1862 2261 1917 scriptorum

1312 1924 1436 1967 studia
1478 1955 1490 1976 ‚
1533 1923 1576 1966 δι
1623 1922 1846 1977 imperium
1902 1937 1998 1965 cum
2047 1919 2269 1963 Theodora

1229 1982 1401 2026 muliere
1431 1982 1600 2025 Scenica
1621 2013 1632 2034 ‚
1678 1996 1802 2037 quam
1852 1994 2025 2023 uxorem
2058 1978 2229 2020 duxerat
2259 2007 2273 2030 ,

1227 2038 1614 2092 communicatum,
1655 2039 1848 2090 Princeps
1882 2036 1962 2080 fuit
1995 2033 2193 2090 ancipitis
2213 2032 2276 2076 fa-

1229 2113 1304 2141 mae
1326 2130 1336 2140 .
1367 2097 1604 2152 Utrobique
1641 2109 1781 2139 tamen
1822 2110 1917 2138 cum
1959 2094 1999 2137 in
2034 2092 2238 2190 erroribu3
2261 2121 2275 2143 ‚

2245 2163 2272 2190 n

1226 2211 1463 2256 extollenda
1495 2213 1644 2266 pariter
1687 2212 1860 2254 veritate
1896 2208 2131 2264 Religionis
2163 2237 2176 2259 ,
2225 2205 2270 2248 &

1229 2286 1276 2321 in¹
1304 2270 1593 2325 promovendis
1635 2268 1840 2312 erroribus
1877 2297 1890 2320 ‚
1940 2266 1987 2308 ad
2032 2276 2268 2308 extremum

1228 2329 1320 2371 vitae
1353 2326 1544 2381 susceptis
1571 2357 1583 2377 ‚
1626 2326 1884 2369 acerrimus.
1925 2323 1991 2365 Ad
2025 2320 2267 2370 reparandas

1227 2385 1365 2440 item,
1409 2384 1452 2427 ὃς
1497 2382 1615 2426 simul
1654 2383 1700 2425 ad
1743 2379 1983 2425 evertendas
2035 2377 2168 2434 pretio
2212 2376 2272 2421 le-

1226 2461 1294 2500 ges
1324 2476 1337 2498 ‚
1383 2441 1686 2497 paratissimus:
1733 2451 1779 2482 ut
1822 2438 2031 2487 intelligas
2058 2467 2070 2489 ‚
2105 2434 2273 2488 praecla-

1228 2518 1269 2544 ra
1313 2501 1421 2545 illius
1470 2498 1652 2541 facinora
1707 2512 1790 2539 non
1833 2512 1854 2540 e
1901 2493 2066 2538 virtutis
2108 2492 2271 2545 studio,

1229 2558 1289 2603 sed
1342 2574 1363 2602 e
1412 2554 1620 2613 popularis
1669 2553 1809 2607 gloriae
1852 2552 2070 2609 cupiditate
2115 2549 2271 2605 proces-

1228 2616 1306 2660 fiffe
1332 2648 1345 2670 ,
1377 2631 1501 2671 quarn
1542 2613 1639 2669 saepe
1668 2613 1880 2666 superabat
1924 2610 2004 2654 alia
2037 2608 2269 2672 cupiditasj

1227 2688 1375 2725 nempe
1417 2671 1631 2722 avarit1a3
1687 2685 1812 2726 eaque
1846 2669 2050 2713 fimulatas
2101 2675 2269 2707 virtutes

402 2706 468 2750 De
503 2703 614 2758 fisci
646 2700 893 2744 Advocati&
1225 2730 1451 2787 retegebat.
1485 2727 1664 2771 Evectus
1689 2727 1736 2770 ad
1761 2728 1980 2774 imperium
2007 2723 2083 2766 fuit
2104 2737 2124 2764 a
2149 2721 2269 2772 Justi-

233 2794 347 2837 Rant
379 2791 423 2834 ὅ(
459 2787 562 2832 Fisci
591 2788 794 2831 Advocati
821 2819 832 2840 ‚
865 2783 934 2842 qui
971 2784 1095 2828 etiam
1124 2801 1173 2829 ex
1199 2782 1281 2833 'no
1311 2789 1476 2831 Thrace
1508 2783 1716 2829 avunculo
1739 2815 1752 2837 ‚
1786 2795 1960 2840 quatuor
1997 2795 2122 2836 quam
2163 2793 2276 2820 mor-

262 2846 653 2903 ]urisconsultorum
694 2842 836 2888 ordine
872 2840 1134 2887 sumebantur
1159 2852 1308 2975 ,qtem
1344 2854 1554 2901 oppeteret
1595 2839 1798 2884 mensibus
1823 2871 1835 2895 ‚
1882 2854 1993 2883 anno
2038 2835 2262 2881 DXXVII

2120 2910 2217 2938 cum

2047 2968 2152 2978 -.——

1806 2970 1915 2980 -η

1347 2974 1694 2987 -ffl—

133 2985 254 2997 -α

180 3023 200 3062 ζ
213 3020 266 3060 a)
314 3018 455 3054 Guther.
477 3017 517 3051 de
531 3014 611 3058 effic.
629 3017 727 3047 Dom.
751 3017 838 3055 Aug·
862 3018 930 3055 cap.
951 3021 979 3051 3.
993 3022 1027 3050 4.

132 3069 156 3102 1·
174 3075 230 3155 {b
243 3111 263 3149 )
311 3113 349 3143 L·
368 3119 396 3148 ς.
414 3108 489 3141 Cod.
503 3107 545 3139 ad
559 3107 582 3138 1.
601 3108 692 3138 com.
709 3104 747 3136 de
759 3102 903 3137 sicariis
919 3123 927 3133 .
968 3103 991 3135 Ι.
1011 3104 1071 3136 ult.
1091 3105 1165 3137 cod.

132 3160 170 3194 de
195 3157 314 3198 divers.
340 3155 484 3196 rescript·

181 3202 259 3247 (c)
306 3204 344 3235 L.
361 3201 550 3244 rescriptum
580 3198 614 3231 in
629 3195 730 3240 princ·
759 3192 799 3238 ff.
827 3194 865 3229 de
879 3190 1018 3235 distrafl.
1034 3192 1127 3237 pigo.
1141 3195 1165 3228 ι.

1045 3021 1073 3050 5.
1089 3014 1118 3044 6.
1136 3025 1167 3054 7.
1192 2999 1201 3056 ‘l
1220 3009 1418 3051 precipimus
1435 3006 1461 3046 §·
1479 3002 1572 3045 nostr.
1591 3005 1668 3037 σού.
1687 3003 1724 3035 de
1737 3003 1841 3043 appel.
1858 3002 1881 3034 Ι.
1899 3001 1962 3031 ult.
1985 2999 2065 3033 eod.
2082 2996 2137 3031 ubi
2151 2998 2271 3031 senat.

1215 3053 1320 3090 Guth.
1350 3054 1388 3085 de
1400 3050 1490 3094 offic.
1516 3053 1615 3081 Dom.
1637 3052 1723 3091 Aug.
1739 3045 1797 3080 lib.
1819 3057 1845 3077 i.
1875 3056 1898 3078 c.
1918 3046 1968 3076 26.

1265 3103 1285 3141 ί
1299 3097 1352 3137 d)
1403 3098 1464 3130 Ad.
1486 3097 1498 3128 1
1530 3106 1556 3126 1.
1578 3098 1612 3127 C.
1629 3094 1667 3126 de
1687 3101 1772 3135 prox.
1788 3091 1983 3132 sacnscvin·

1266 3147 1314 3187 (ο
1329 3143 1349 3182 )
1395 3145 1447 3174 De
1462 3138 1542 3183 offic.
1560 3144 1657 3172 Dom.
1679 3143 1763 3180 Aug.
1779 3135 1836 3170 tib.
1855 3145 1883 3175 3,
1912 3147 1936 3169 ι.
1952 3146 1984 3176 7.

1263 3195 1283 3233 C
1295 3190 1321 3231 f
1347 3187 1367 3228 )
1416 3188 1492 3221 Tit.
1510 3186 1584 3220 Coa.
1601 3185 1638 3219 de
1656 3191 1743 3229 prox.
1754 3183 1838 3224 sacr.
1859 3182 1958 3224 scrin.
