<?xml version="1.0" encoding="UTF-8"?>
<!DOCTYPE html PUBLIC "-//W3C//DTD XHTML 1.0 Transitional//EN"
    "http://www.w3.org/TR/xhtml1/DTD/xhtml1-transitional.dtd">
<html xmlns="http://www.w3.org/1999/xhtml" xml:lang="en" lang="en">
 <head>
  <title>
</title>
<meta http-equiv="Content-Type" content="text/html;charset=utf-8" />
  <meta name='ocr-system' content='tesseract 3.04.00' />
  <meta name='ocr-capabilities' content='ocr_page ocr_carea ocr_par ocr_line ocrx_word'/>
</head>
<body>
  <div class='ocr_page' id='page_1' title='image "./janivincentiigra01gravuoft_0104.png"; bbox 0 0 2524 3479; ppageno 0'>
   <div class='ocr_carea' id='block_1_1' title="bbox 207 127 283 178">
    <p class='ocr_par' dir='ltr' id='par_1_1' title="bbox 207 127 283 178">
     <span class='ocr_line' id='line_1_1' title="bbox 207 127 283 178; baseline -0.013 0"><span class='ocrx_word' id='word_1_1' title='bbox 207 127 283 178; x_wconf 81' lang='lat'>44</span> 
     </span>
    </p>
   </div>
   <div class='ocr_carea' id='block_1_2' title="bbox 196 176 1237 1100">
    <p class='ocr_par' dir='ltr' id='par_1_2' title="bbox 196 176 1237 1100">
     <span class='ocr_line' id='line_1_2' title="bbox 200 176 1237 236; baseline -0.007 -9"><span class='ocrx_word' id='word_1_2' title='bbox 200 179 370 236; x_wconf 66' lang='lat' dir='ltr'>&gt;templo</span> <span class='ocrx_word' id='word_1_3' title='bbox 402 210 414 232; x_wconf 88' lang='lat'>,</span> <span class='ocrx_word' id='word_1_4' title='bbox 463 190 583 236; x_wconf 81' lang='lat' dir='ltr'>atque</span> <span class='ocrx_word' id='word_1_5' title='bbox 627 177 761 222; x_wconf 81' lang='lat' dir='ltr'>forma</span> <span class='ocrx_word' id='word_1_6' title='bbox 793 179 936 222; x_wconf 85' lang='lat' dir='ltr'>ceteris</span> <span class='ocrx_word' id='word_1_7' title='bbox 969 176 1237 233; x_wconf 73' lang='lat' dir='ltr'>magistrati-·</span> 
     </span>
     <span class='ocr_line' id='line_1_3' title="bbox 199 236 1210 292; baseline -0.003 -11"><span class='ocrx_word' id='word_1_8' title='bbox 199 243 270 283; x_wconf 70' lang='lat' dir='ltr'>lus</span> <span class='ocrx_word' id='word_1_9' title='bbox 314 238 357 280; x_wconf 83' lang='lat' dir='ltr'>iri</span> <span class='ocrx_word' id='word_1_10' title='bbox 393 236 650 292; x_wconf 73' lang='lat' dir='ltr'>provinciam</span> <span class='ocrx_word' id='word_1_11' title='bbox 684 236 1032 291; x_wconf 76' lang='lat' dir='ltr'>proficiscentibus</span> <span class='ocrx_word' id='word_1_12' title='bbox 1065 251 1210 290; x_wconf 81' lang='lat' dir='ltr'>propo—</span> 
     </span>
     <span class='ocr_line' id='line_1_4' title="bbox 199 293 1205 351; baseline -0.006 -11"><span class='ocrx_word' id='word_1_13' title='bbox 199 310 398 341; x_wconf 84' lang='lat' dir='ltr'>neretur.</span> <span class='ocrx_word' id='word_1_14' title='bbox 436 297 575 351; x_wconf 85' lang='lat' dir='ltr'>Itaque</span> <span class='ocrx_word' id='word_1_15' title='bbox 611 296 739 337; x_wconf 84' lang='lat' dir='ltr'>multa</span> <span class='ocrx_word' id='word_1_16' title='bbox 771 294 890 337; x_wconf 86' lang='lat' dir='ltr'>multi</span> <span class='ocrx_word' id='word_1_17' title='bbox 919 293 1088 336; x_wconf 61' lang='lat' dir='ltr'>refiores</span> <span class='ocrx_word' id='word_1_18' title='bbox 1116 308 1205 347; x_wconf 92' lang='lat' dir='ltr'>pro-</span> 
     </span>
     <span class='ocr_line' id='line_1_5' title="bbox 197 349 1211 397; baseline -0.004 -1"><span class='ocrx_word' id='word_1_19' title='bbox 197 354 433 397; x_wconf 78' lang='lat' dir='ltr'>vinciarum</span> <span class='ocrx_word' id='word_1_20' title='bbox 461 368 508 396; x_wconf 83' lang='lat' dir='ltr'>ex</span> <span class='ocrx_word' id='word_1_21' title='bbox 525 352 654 395; x_wconf 65' lang='lat' dir='ltr'>ediPto</span> <span class='ocrx_word' id='word_1_22' title='bbox 671 353 866 395; x_wconf 83' lang='lat' dir='ltr'>Mutiano</span> <span class='ocrx_word' id='word_1_23' title='bbox 888 351 929 394; x_wconf 92' lang='lat' dir='ltr'>in</span> <span class='ocrx_word' id='word_1_24' title='bbox 953 351 1064 394; x_wconf 84' lang='lat' dir='ltr'>suum</span> <span class='ocrx_word' id='word_1_25' title='bbox 1082 349 1211 393; x_wconf 88' lang='lat' dir='ltr'>trans-</span> 
     </span>
     <span class='ocr_line' id='line_1_6' title="bbox 198 410 1209 466; baseline -0.006 -11"><span class='ocrx_word' id='word_1_26' title='bbox 198 412 384 456; x_wconf 68' lang='lat' dir='ltr'>ferebant</span> <span class='ocrx_word' id='word_1_27' title='bbox 414 428 421 451; x_wconf 92' lang='lat'>:</span> <span class='ocrx_word' id='word_1_28' title='bbox 470 411 535 452; x_wconf 90' lang='lat' dir='ltr'>Ob</span> <span class='ocrx_word' id='word_1_29' title='bbox 567 425 657 452; x_wconf 86' lang='lat' dir='ltr'>eam</span> <span class='ocrx_word' id='word_1_30' title='bbox 693 410 976 466; x_wconf 77' lang='lat' dir='ltr'>integritatem</span> <span class='ocrx_word' id='word_1_31' title='bbox 1003 441 1014 459; x_wconf 77' lang='grc'><em>,</em></span> <span class='ocrx_word' id='word_1_32' title='bbox 1048 424 1126 464; x_wconf 86' lang='lat' dir='ltr'>qua</span> <span class='ocrx_word' id='word_1_33' title='bbox 1149 421 1209 450; x_wconf 91' lang='lat' dir='ltr'>to-</span> 
     </span>
     <span class='ocr_line' id='line_1_7' title="bbox 198 465 1212 522; baseline -0.007 -8"><span class='ocrx_word' id='word_1_34' title='bbox 198 471 278 514; x_wconf 90' lang='lat' dir='ltr'>tius</span> <span class='ocrx_word' id='word_1_35' title='bbox 316 467 533 522; x_wconf 66' lang='lat' dir='ltr'>provinciae</span> <span class='ocrx_word' id='word_1_36' title='bbox 567 467 895 511; x_wconf 81' lang='lat' dir='ltr'>benevolentiam</span> <span class='ocrx_word' id='word_1_37' title='bbox 930 466 1098 522; x_wconf 83' lang='lat' dir='ltr'>collegit</span> <span class='ocrx_word' id='word_1_38' title='bbox 1124 472 1141 519; x_wconf 72' lang='lat'>,⁶</span> <span class='ocrx_word' id='word_1_39' title='bbox 1170 465 1212 507; x_wconf 95' lang='lat' dir='ltr'>in</span> 
     </span>
     <span class='ocr_line' id='line_1_8' title="bbox 200 524 1212 579; baseline -0.007 -7"><span class='ocrx_word' id='word_1_40' title='bbox 200 526 467 572; x_wconf 81' lang='lat' dir='ltr'>offensionem</span> <span class='ocrx_word' id='word_1_41' title='bbox 527 525 641 568; x_wconf 87' lang='lat' dir='ltr'>venit</span> <span class='ocrx_word' id='word_1_42' title='bbox 694 525 1007 579; x_wconf 76' lang='lat' dir='ltr'>publicanorum</span> <span class='ocrx_word' id='word_1_43' title='bbox 1042 556 1053 578; x_wconf 92' lang='lat'>‚</span> <span class='ocrx_word' id='word_1_44' title='bbox 1102 524 1212 576; x_wconf 85' lang='lat' dir='ltr'>(a)</span> 
     </span>
     <span class='ocr_line' id='line_1_9' title="bbox 199 581 1215 641; baseline -0.004 -14"><span class='ocrx_word' id='word_1_45' title='bbox 199 600 377 641; x_wconf 85' lang='lat' dir='ltr'>quorum</span> <span class='ocrx_word' id='word_1_46' title='bbox 423 583 619 638; x_wconf 73' lang='lat' dir='ltr'>rapacitas</span> <span class='ocrx_word' id='word_1_47' title='bbox 663 581 746 634; x_wconf 83' lang='lat' dir='ltr'>ejus</span> <span class='ocrx_word' id='word_1_48' title='bbox 791 582 982 638; x_wconf 79' lang='lat' dir='ltr'>exemplo</span> <span class='ocrx_word' id='word_1_49' title='bbox 1015 613 1027 633; x_wconf 83' lang='lat'>‚</span> <span class='ocrx_word' id='word_1_50' title='bbox 1070 581 1112 624; x_wconf 74' lang='grc' dir='ltr'>ἃ</span> <span class='ocrx_word' id='word_1_51' title='bbox 1145 596 1215 623; x_wconf 89' lang='lat' dir='ltr'>au-</span> 
     </span>
     <span class='ocr_line' id='line_1_10' title="bbox 202 638 1214 694; baseline -0.007 -8"><span class='ocrx_word' id='word_1_52' title='bbox 202 643 392 686; x_wconf 65' lang='lat' dir='ltr'>&amp;oritate</span> <span class='ocrx_word' id='word_1_53' title='bbox 438 642 698 683; x_wconf 83' lang='lat' dir='ltr'>coercebatur</span> <span class='ocrx_word' id='word_1_54' title='bbox 743 672 751 682; x_wconf 93' lang='lat'>.</span> <span class='ocrx_word' id='word_1_55' title='bbox 802 642 970 694; x_wconf 87' lang='lat' dir='ltr'>Quanto</span> <span class='ocrx_word' id='word_1_56' title='bbox 1015 638 1214 693; x_wconf 82' lang='lat' dir='ltr'>superavit</span> 
     </span>
     <span class='ocr_line' id='line_1_11' title="bbox 202 694 1211 750; baseline -0.007 -7"><span class='ocrx_word' id='word_1_57' title='bbox 202 713 347 743; x_wconf 85' lang='lat' dir='ltr'>omnes</span> <span class='ocrx_word' id='word_1_58' title='bbox 378 698 560 740; x_wconf 62' lang='lat' dir='ltr'>dofi‘trina</span> <span class='ocrx_word' id='word_1_59' title='bbox 593 696 690 747; x_wconf 86' lang='lat' dir='ltr'>juris</span> <span class='ocrx_word' id='word_1_60' title='bbox 719 729 731 750; x_wconf 87' lang='lat'>,</span> <span class='ocrx_word' id='word_1_61' title='bbox 777 710 892 740; x_wconf 90' lang='lat' dir='ltr'>tanto</span> <span class='ocrx_word' id='word_1_62' title='bbox 916 709 1068 740; x_wconf 86' lang='lat' dir='ltr'>ceteros</span> <span class='ocrx_word' id='word_1_63' title='bbox 1092 694 1211 747; x_wconf 88' lang='lat' dir='ltr'>Juris-</span> 
     </span>
     <span class='ocr_line' id='line_1_12' title="bbox 204 753 1215 809; baseline -0.006 -9"><span class='ocrx_word' id='word_1_64' title='bbox 204 755 408 800; x_wconf 74' lang='lat' dir='ltr'>consultos</span> <span class='ocrx_word' id='word_1_65' title='bbox 435 754 613 809; x_wconf 60' lang='lat' dir='ltr'>praestitit</span> <span class='ocrx_word' id='word_1_66' title='bbox 638 754 870 809; x_wconf 79' lang='lat' dir='ltr'>eloquentia</span> <span class='ocrx_word' id='word_1_67' title='bbox 908 771 919 806; x_wconf 86' lang='lat'>·‚</span> <span class='ocrx_word' id='word_1_68' title='bbox 954 767 994 796; x_wconf 90' lang='lat' dir='ltr'>ut</span> <span class='ocrx_word' id='word_1_69' title='bbox 1021 753 1215 808; x_wconf 88' lang='lat' dir='ltr'>eloquen-</span> 
     </span>
     <span class='ocr_line' id='line_1_13' title="bbox 196 809 1210 865; baseline -0.005 -9"><span class='ocrx_word' id='word_1_70' title='bbox 196 815 305 857; x_wconf 74' lang='lat' dir='ltr'>tium</span> <span class='ocrx_word' id='word_1_71' title='bbox 338 811 762 864; x_wconf 71' lang='lat' dir='ltr'>Jurisconlultiil&#39;imus</span> <span class='ocrx_word' id='word_1_72' title='bbox 797 845 809 865; x_wconf 84' lang='lat'>‚</span> <span class='ocrx_word' id='word_1_73' title='bbox 858 812 901 854; x_wconf 68' lang='grc' dir='ltr'>ὃς</span> <span class='ocrx_word' id='word_1_74' title='bbox 943 809 1210 863; x_wconf 74' lang='lat' dir='ltr'>Iurisconsul-</span> 
     </span>
     <span class='ocr_line' id='line_1_14' title="bbox 200 868 1214 925; baseline -0.004 -12"><span class='ocrx_word' id='word_1_75' title='bbox 200 884 336 914; x_wconf 83' lang='lat' dir='ltr'>torum</span> <span class='ocrx_word' id='word_1_76' title='bbox 393 869 746 925; x_wconf 68' lang='lat' dir='ltr'>eloquentissimus</span> <span class='ocrx_word' id='word_1_77' title='bbox 811 886 832 911; x_wconf 91' lang='lat' dir='ltr'>a</span> <span class='ocrx_word' id='word_1_78' title='bbox 883 868 1085 911; x_wconf 80' lang='lat' dir='ltr'>Cicerone</span> <span class='ocrx_word' id='word_1_79' title='bbox 1145 883 1214 922; x_wconf 88' lang='lat' dir='ltr'>ap-</span> 
     </span>
     <span class='ocr_line' id='line_1_15' title="bbox 197 924 1210 984; baseline -0.002 -14"><span class='ocrx_word' id='word_1_80' title='bbox 197 928 417 984; x_wconf 70' lang='lat' dir='ltr'>pellarcmr</span> <span class='ocrx_word' id='word_1_81' title='bbox 451 959 461 968; x_wconf 86' lang='grc'><strong>.</strong></span> <span class='ocrx_word' id='word_1_82' title='bbox 495 928 585 978; x_wconf 70' lang='lat' dir='ltr'><em>(ly)</em></span> <span class='ocrx_word' id='word_1_83' title='bbox 615 927 734 982; x_wconf 78' lang='lat' dir='ltr'>Apud</span> <span class='ocrx_word' id='word_1_84' title='bbox 759 926 1056 969; x_wconf 80' lang='lat' dir='ltr'>Centumviros</span> <span class='ocrx_word' id='word_1_85' title='bbox 1082 924 1126 968; x_wconf 86' lang='lat' dir='ltr'>in</span> <span class='ocrx_word' id='word_1_86' title='bbox 1154 924 1210 976; x_wconf 83' lang='lat' dir='ltr'>ju-</span> 
     </span>
     <span class='ocr_line' id='line_1_16' title="bbox 197 981 1215 1040; baseline -0.003 -12"><span class='ocrx_word' id='word_1_87' title='bbox 197 986 303 1029; x_wconf 86' lang='lat' dir='ltr'>dicio</span> <span class='ocrx_word' id='word_1_88' title='bbox 336 985 471 1027; x_wconf 84' lang='lat' dir='ltr'>Marci</span> <span class='ocrx_word' id='word_1_89' title='bbox 505 983 622 1026; x_wconf 87' lang='lat' dir='ltr'>Curii</span> <span class='ocrx_word' id='word_1_90' title='bbox 654 1015 665 1036; x_wconf 93' lang='lat'>‚</span> <span class='ocrx_word' id='word_1_91' title='bbox 710 983 752 1026; x_wconf 73' lang='grc'>8(</span> <span class='ocrx_word' id='word_1_92' title='bbox 788 982 921 1025; x_wconf 80' lang='lat' dir='ltr'>Marci</span> <span class='ocrx_word' id='word_1_93' title='bbox 956 981 1140 1040; x_wconf 80' lang='lat' dir='ltr'>Coponii</span> <span class='ocrx_word' id='word_1_94' title='bbox 1173 998 1215 1025; x_wconf 87' lang='lat' dir='ltr'>a·</span> 
     </span>
     <span class='ocr_line' id='line_1_17' title="bbox 201 1039 1215 1100; baseline -0.003 -14"><span class='ocrx_word' id='word_1_95' title='bbox 201 1055 291 1086; x_wconf 90' lang='lat' dir='ltr'>cute</span> <span class='ocrx_word' id='word_1_96' title='bbox 321 1075 335 1100; x_wconf 52' lang='grc'><strong><em>,</em></strong></span> <span class='ocrx_word' id='word_1_97' title='bbox 376 1058 421 1084; x_wconf 89' lang='lat' dir='ltr'>ac</span> <span class='ocrx_word' id='word_1_98' title='bbox 471 1040 735 1083; x_wconf 80' lang='lat' dir='ltr'>vehementer</span> <span class='ocrx_word' id='word_1_99' title='bbox 784 1056 855 1094; x_wconf 86' lang='lat' dir='ltr'>pro</span> <span class='ocrx_word' id='word_1_100' title='bbox 889 1040 1023 1082; x_wconf 81' lang='lat' dir='ltr'>subtili</span> <span class='ocrx_word' id='word_1_101' title='bbox 1057 1039 1215 1083; x_wconf 81' lang='lat' dir='ltr'>ratione</span> 
     </span>
    </p>
   </div>
   <div class='ocr_carea' id='block_1_3' title="bbox 602 99 1948 163">
    <p class='ocr_par' dir='ltr' id='par_1_3' title="bbox 602 99 1948 163">
     <span class='ocr_line' id='line_1_18' title="bbox 602 99 1948 163; baseline 0.002 -7"><span class='ocrx_word' id='word_1_102' title='bbox 602 104 729 156; x_wconf 85' lang='lat' dir='ltr'>DE</span> <span class='ocrx_word' id='word_1_103' title='bbox 794 102 1084 158; x_wconf 87' lang='lat' dir='ltr'>ORTU</span> <span class='ocrx_word' id='word_1_104' title='bbox 1152 100 1279 157; x_wconf 91' lang='lat' dir='ltr'>ET</span> <span class='ocrx_word' id='word_1_105' title='bbox 1339 99 1948 163; x_wconf 77' lang='lat' dir='ltr'>PROGRESSU</span> 
     </span>
    </p>
   </div>
   <div class='ocr_carea' id='block_1_4' title="bbox 1259 176 2282 580">
    <p class='ocr_par' dir='ltr' id='par_1_4' title="bbox 1259 176 2282 580">
     <span class='ocr_line' id='line_1_19' title="bbox 1259 176 2280 236; baseline 0.002 -14"><span class='ocrx_word' id='word_1_106' title='bbox 1259 193 1388 236; x_wconf 89' lang='lat' dir='ltr'>neque</span> <span class='ocrx_word' id='word_1_107' title='bbox 1430 191 1565 222; x_wconf 85' lang='lat' dir='ltr'>totuin</span> <span class='ocrx_word' id='word_1_108' title='bbox 1608 194 1774 234; x_wconf 85' lang='lat' dir='ltr'>corpore</span> <span class='ocrx_word' id='word_1_109' title='bbox 1823 179 1888 222; x_wconf 91' lang='lat' dir='ltr'>suo</span> <span class='ocrx_word' id='word_1_110' title='bbox 1937 176 2066 224; x_wconf 87' lang='lat' dir='ltr'>telum</span> <span class='ocrx_word' id='word_1_111' title='bbox 2097 179 2280 235; x_wconf 76' lang='lat' dir='ltr'>excepis-</span> 
     </span>
     <span class='ocr_line' id='line_1_20' title="bbox 1261 236 2280 292; baseline 0.001 -13"><span class='ocrx_word' id='word_1_112' title='bbox 1261 238 1314 280; x_wconf 90' lang='lat' dir='ltr'>set</span> <span class='ocrx_word' id='word_1_113' title='bbox 1349 269 1358 280; x_wconf 91' lang='lat'>.</span> <span class='ocrx_word' id='word_1_114' title='bbox 1392 238 1493 291; x_wconf 82' lang='lat' dir='ltr'>Quae</span> <span class='ocrx_word' id='word_1_115' title='bbox 1527 238 1630 280; x_wconf 83' lang='lat' dir='ltr'>haud</span> <span class='ocrx_word' id='word_1_116' title='bbox 1667 236 1904 292; x_wconf 84' lang='lat' dir='ltr'>inopinanti</span> <span class='ocrx_word' id='word_1_117' title='bbox 1939 252 2047 280; x_wconf 87' lang='lat' dir='ltr'>mors</span> <span class='ocrx_word' id='word_1_118' title='bbox 2077 238 2131 283; x_wconf 90' lang='lat' dir='ltr'>est</span> <span class='ocrx_word' id='word_1_119' title='bbox 2161 238 2280 282; x_wconf 84' lang='lat' dir='ltr'>obla-</span> 
     </span>
     <span class='ocr_line' id='line_1_21' title="bbox 1260 294 2280 349; baseline 0.002 -12"><span class='ocrx_word' id='word_1_120' title='bbox 1260 309 1326 337; x_wconf 86' lang='lat' dir='ltr'>ta:</span> <span class='ocrx_word' id='word_1_121' title='bbox 1361 309 1456 337; x_wconf 87' lang='lat' dir='ltr'>cum</span> <span class='ocrx_word' id='word_1_122' title='bbox 1480 297 1594 337; x_wconf 89' lang='lat' dir='ltr'>enim</span> <span class='ocrx_word' id='word_1_123' title='bbox 1639 294 1720 338; x_wconf 68' lang='lat' dir='ltr'>suas</span> <span class='ocrx_word' id='word_1_124' title='bbox 1751 308 1880 349; x_wconf 83' lang='lat' dir='ltr'>partes</span> <span class='ocrx_word' id='word_1_125' title='bbox 1909 307 2025 337; x_wconf 83' lang='lat' dir='ltr'>extra</span> <span class='ocrx_word' id='word_1_126' title='bbox 2046 296 2188 340; x_wconf 86' lang='lat' dir='ltr'>urbem</span> <span class='ocrx_word' id='word_1_127' title='bbox 2223 296 2280 339; x_wconf 80' lang='lat' dir='ltr'>se-</span> 
     </span>
     <span class='ocr_line' id='line_1_22' title="bbox 1259 350 2282 407; baseline 0.002 -13"><span class='ocrx_word' id='word_1_128' title='bbox 1259 352 1327 407; x_wconf 89' lang='lat' dir='ltr'>qui</span> <span class='ocrx_word' id='word_1_129' title='bbox 1355 350 1504 406; x_wconf 80' lang='lat' dir='ltr'>posset,</span> <span class='ocrx_word' id='word_1_130' title='bbox 1538 351 1606 394; x_wconf 88' lang='lat' dir='ltr'>ille</span> <span class='ocrx_word' id='word_1_131' title='bbox 1629 365 1698 404; x_wconf 90' lang='lat' dir='ltr'>‚ut</span> <span class='ocrx_word' id='word_1_132' title='bbox 1717 352 1934 406; x_wconf 70' lang='lat' dir='ltr'>consilium</span> <span class='ocrx_word' id='word_1_133' title='bbox 1960 352 2073 395; x_wconf 84' lang='lat' dir='ltr'>suum</span> <span class='ocrx_word' id='word_1_134' title='bbox 2101 352 2142 394; x_wconf 91' lang='lat' dir='ltr'>in</span> <span class='ocrx_word' id='word_1_135' title='bbox 2163 369 2282 396; x_wconf 88' lang='lat' dir='ltr'>com-</span> 
     </span>
     <span class='ocr_line' id='line_1_23' title="bbox 1263 407 2280 466; baseline 0.003 -16"><span class='ocrx_word' id='word_1_136' title='bbox 1263 407 1460 464; x_wconf 85' lang='lat' dir='ltr'>ponendis</span> <span class='ocrx_word' id='word_1_137' title='bbox 1495 408 1700 452; x_wconf 83' lang='lat' dir='ltr'>discordiis</span> <span class='ocrx_word' id='word_1_138' title='bbox 1726 410 1881 465; x_wconf 89' lang='lat' dir='ltr'>populo</span> <span class='ocrx_word' id='word_1_139' title='bbox 1907 411 2099 466; x_wconf 79' lang='lat' dir='ltr'>praeberet</span> <span class='ocrx_word' id='word_1_140' title='bbox 2129 425 2140 462; x_wconf 90' lang='lat'>;</span> <span class='ocrx_word' id='word_1_141' title='bbox 2177 425 2280 453; x_wconf 87' lang='lat' dir='ltr'>neve</span> 
     </span>
     <span class='ocr_line' id='line_1_24' title="bbox 1262 465 2280 521; baseline 0.001 -13"><span class='ocrx_word' id='word_1_142' title='bbox 1262 466 1309 508; x_wconf 89' lang='lat' dir='ltr'>ad</span> <span class='ocrx_word' id='word_1_143' title='bbox 1348 465 1504 508; x_wconf 80' lang='lat' dir='ltr'>moenia</span> <span class='ocrx_word' id='word_1_144' title='bbox 1542 466 1680 519; x_wconf 78' lang='lat' dir='ltr'>patriae</span> <span class='ocrx_word' id='word_1_145' title='bbox 1730 480 1910 510; x_wconf 83' lang='lat' dir='ltr'>armatus</span> <span class='ocrx_word' id='word_1_146' title='bbox 1948 467 2229 514; x_wconf 86' lang='lat' dir='ltr'>obversaretur</span> <span class='ocrx_word' id='word_1_147' title='bbox 2264 482 2280 521; x_wconf 88' lang='lat'>;</span> 
     </span>
     <span class='ocr_line' id='line_1_25' title="bbox 1263 523 2160 580; baseline 0 -14"><span class='ocrx_word' id='word_1_148' title='bbox 1263 536 1440 566; x_wconf 88' lang='lat' dir='ltr'>mortem</span> <span class='ocrx_word' id='word_1_149' title='bbox 1466 523 1737 578; x_wconf 68' lang='lat' dir='ltr'>praeoptavit,</span> <span class='ocrx_word' id='word_1_150' title='bbox 1770 525 1816 567; x_wconf 92' lang='lat' dir='ltr'>de</span> <span class='ocrx_word' id='word_1_151' title='bbox 1843 540 1923 580; x_wconf 89' lang='lat' dir='ltr'>quo</span> <span class='ocrx_word' id='word_1_152' title='bbox 1950 531 2160 572; x_wconf 83' lang='lat' dir='ltr'>Lucanus:</span> 
     </span>
    </p>
   </div>
   <div class='ocr_carea' id='block_1_5' title="bbox 1261 609 2284 1086">
    <p class='ocr_par' dir='ltr' id='par_1_5' title="bbox 1261 609 2284 1086">
     <span class='ocr_line' id='line_1_26' title="bbox 1261 609 2284 665; baseline 0.002 -12"><span class='ocrx_word' id='word_1_153' title='bbox 1261 612 1323 653; x_wconf 82' lang='lat' dir='ltr'>Te</span> <span class='ocrx_word' id='word_1_154' title='bbox 1347 625 1499 665; x_wconf 74' lang='lat' dir='ltr'>quoque</span> <span class='ocrx_word' id='word_1_155' title='bbox 1530 610 1741 665; x_wconf 66' lang='lat' dir='ltr'>negleHum</span> <span class='ocrx_word' id='word_1_156' title='bbox 1770 611 1924 652; x_wconf 69' lang='lat' dir='ltr'>violatae</span> <span class='ocrx_word' id='word_1_157' title='bbox 1942 609 2108 654; x_wconf 62' lang='lat' dir='ltr'>scevola</span> <span class='ocrx_word' id='word_1_158' title='bbox 2140 611 2284 655; x_wconf 74' lang='lat' dir='ltr'>dextrae</span> 
     </span>
     <span class='ocr_line' id='line_1_27' title="bbox 1262 665 2282 724; baseline 0.001 -14"><span class='ocrx_word' id='word_1_159' title='bbox 1262 669 1370 710; x_wconf 84' lang='lat' dir='ltr'>Ante</span> <span class='ocrx_word' id='word_1_160' title='bbox 1390 665 1516 722; x_wconf 83' lang='lat' dir='ltr'>ipsum</span> <span class='ocrx_word' id='word_1_161' title='bbox 1536 669 1729 721; x_wconf 79' lang='lat' dir='ltr'>penetrale</span> <span class='ocrx_word' id='word_1_162' title='bbox 1744 669 1836 710; x_wconf 51' lang='lat' dir='ltr'>Daue</span> <span class='ocrx_word' id='word_1_163' title='bbox 1850 699 1860 719; x_wconf 88' lang='lat'>‚</span> <span class='ocrx_word' id='word_1_164' title='bbox 1876 666 2100 724; x_wconf 69' lang='lat' dir='ltr'>semperque</span> <span class='ocrx_word' id='word_1_165' title='bbox 2114 671 2282 712; x_wconf 72' lang='lat' dir='ltr'>calentes</span> 
     </span>
     <span class='ocr_line' id='line_1_28' title="bbox 1265 722 2165 779; baseline 0.001 -12"><span class='ocrx_word' id='word_1_166' title='bbox 1265 722 1635 778; x_wconf 65' lang='lat' dir='ltr'>Ma‘c’iaverefocos:</span> <span class='ocrx_word' id='word_1_167' title='bbox 1648 737 1789 779; x_wconf 68' lang='lat' dir='ltr'>pamm</span> <span class='ocrx_word' id='word_1_168' title='bbox 1799 722 1979 778; x_wconf 58' lang='lat' dir='ltr'>sedjbffa</span> <span class='ocrx_word' id='word_1_169' title='bbox 1996 726 2165 775; x_wconf 44' lang='lat' dir='ltr'>[enervus</span> 
     </span>
     <span class='ocr_line' id='line_1_29' title="bbox 1262 779 2277 840; baseline 0 -14"><span class='ocrx_word' id='word_1_170' title='bbox 1262 783 1480 839; x_wconf 74' lang='lat' dir='ltr'>Sanguinis</span> <span class='ocrx_word' id='word_1_171' title='bbox 1493 779 1635 838; x_wconf 69' lang='lat' dir='ltr'>effudit</span> <span class='ocrx_word' id='word_1_172' title='bbox 1649 783 1782 839; x_wconf 66' lang='lat' dir='ltr'>jugulo</span> <span class='ocrx_word' id='word_1_173' title='bbox 1799 781 2074 840; x_wconf 73' lang='lat' dir='ltr'>,flammifiyue</span> <span class='ocrx_word' id='word_1_174' title='bbox 2087 784 2277 839; x_wconf 67' lang='lat' dir='ltr'>pepercit.</span> 
     </span>
     <span class='ocr_line' id='line_1_30' title="bbox 1450 869 2097 912; baseline 0 -1"><span class='ocrx_word' id='word_1_175' title='bbox 1450 869 1489 912; x_wconf 92' lang='lat' dir='ltr'>C</span> <span class='ocrx_word' id='word_1_176' title='bbox 1552 871 1589 911; x_wconf 91' lang='lat' dir='ltr'><strong>A</strong></span> <span class='ocrx_word' id='word_1_177' title='bbox 1654 870 1681 911; x_wconf 88' lang='lat' dir='ltr'>P</span> <span class='ocrx_word' id='word_1_178' title='bbox 1745 872 1783 912; x_wconf 86' lang='lat' dir='ltr'>U</span> <span class='ocrx_word' id='word_1_179' title='bbox 1845 870 1888 911; x_wconf 86' lang='lat' dir='ltr'><strong>T</strong></span> <span class='ocrx_word' id='word_1_180' title='bbox 1999 869 2097 912; x_wconf 91' lang='lat' dir='ltr'>LX.</span> 
     </span>
     <span class='ocr_line' id='line_1_31' title="bbox 1405 927 2025 982; baseline -0.006 -11"><span class='ocrx_word' id='word_1_181' title='bbox 1405 948 1407 950; x_wconf 85' lang='lat'>·</span> <span class='ocrx_word' id='word_1_182' title='bbox 1515 928 1579 970; x_wconf 85' lang='lat' dir='ltr'>De</span> <span class='ocrx_word' id='word_1_183' title='bbox 1610 929 1661 970; x_wconf 89' lang='lat' dir='ltr'>C.</span> <span class='ocrx_word' id='word_1_184' title='bbox 1682 927 1851 982; x_wconf 76' lang='lat' dir='ltr'>Aquilio</span> <span class='ocrx_word' id='word_1_185' title='bbox 1882 927 1999 970; x_wconf 67' lang='lat' dir='ltr'>Gallo</span> <span class='ocrx_word' id='word_1_186' title='bbox 2017 959 2025 968; x_wconf 92' lang='lat'>.</span> 
     </span>
     <span class='ocr_line' id='line_1_32' title="bbox 1268 982 2284 1086; baseline 0.001 -59"><span class='ocrx_word' id='word_1_187' title='bbox 1268 982 1471 1086; x_wconf 71' lang='lat' dir='ltr'>CAjus</span> <span class='ocrx_word' id='word_1_188' title='bbox 1509 984 1699 1039; x_wconf 76' lang='lat' dir='ltr'>Aquilius</span> <span class='ocrx_word' id='word_1_189' title='bbox 1732 984 1878 1027; x_wconf 84' lang='lat' dir='ltr'>Gallus</span> <span class='ocrx_word' id='word_1_190' title='bbox 1920 985 2163 1040; x_wconf 75' lang='lat' dir='ltr'>:equissimus</span> <span class='ocrx_word' id='word_1_191' title='bbox 2189 1016 2200 1037; x_wconf 91' lang='lat'>‚</span> <span class='ocrx_word' id='word_1_192' title='bbox 2236 999 2284 1028; x_wconf 88' lang='lat' dir='ltr'>u-</span> 
     </span>
    </p>
   </div>
   <div class='ocr_carea' id='block_1_6' title="bbox 1400 1040 2285 1095">
    <p class='ocr_par' dir='ltr' id='par_1_6' title="bbox 1400 1040 2285 1095">
     <span class='ocr_line' id='line_1_33' title="bbox 1400 1040 2285 1095; baseline 0.002 -12"><span class='ocrx_word' id='word_1_193' title='bbox 1400 1058 1451 1083; x_wconf 86' lang='lat' dir='ltr'>na</span> <span class='ocrx_word' id='word_1_194' title='bbox 1474 1040 1518 1083; x_wconf 82' lang='lat'>&amp;</span> <span class='ocrx_word' id='word_1_195' title='bbox 1546 1041 1821 1083; x_wconf 71' lang='lat' dir='ltr'>solertissimus</span> <span class='ocrx_word' id='word_1_196' title='bbox 1853 1042 2091 1084; x_wconf 84' lang='lat' dir='ltr'>cautionum</span> <span class='ocrx_word' id='word_1_197' title='bbox 2120 1041 2285 1095; x_wconf 79' lang='lat' dir='ltr'>artifex,</span> 
     </span>
    </p>
   </div>
   <div class='ocr_carea' id='block_1_7' title="bbox 201 1097 2287 1157">
    <p class='ocr_par' dir='ltr' id='par_1_7' title="bbox 201 1097 2287 1157">
     <span class='ocr_line' id='line_1_34' title="bbox 201 1097 2287 1157; baseline 0 -15"><span class='ocrx_word' id='word_1_198' title='bbox 201 1099 302 1152; x_wconf 77' lang='lat' dir='ltr'>juris</span> <span class='ocrx_word' id='word_1_199' title='bbox 336 1098 541 1157; x_wconf 68' lang='lat' dir='ltr'>pugnavit</span> <span class='ocrx_word' id='word_1_200' title='bbox 566 1110 707 1140; x_wconf 85' lang='lat' dir='ltr'>contra</span> <span class='ocrx_word' id='word_1_201' title='bbox 742 1099 786 1140; x_wconf 89' lang='lat' dir='ltr'>L.</span> <span class='ocrx_word' id='word_1_202' title='bbox 823 1097 1038 1152; x_wconf 68' lang='lat' dir='ltr'>Crassum,</span> <span class='ocrx_word' id='word_1_203' title='bbox 1073 1114 1143 1154; x_wconf 89' lang='lat' dir='ltr'>pro</span> <span class='ocrx_word' id='word_1_204' title='bbox 1162 1113 1213 1140; x_wconf 83' lang='lat' dir='ltr'>ae-</span> <span class='ocrx_word' id='word_1_205' title='bbox 1264 1112 1386 1154; x_wconf 86' lang='lat' dir='ltr'>atque</span> <span class='ocrx_word' id='word_1_206' title='bbox 1421 1097 1672 1140; x_wconf 82' lang='lat' dir='ltr'>malitiarum</span> <span class='ocrx_word' id='word_1_207' title='bbox 1708 1129 1719 1150; x_wconf 86' lang='lat'>‚</span> <span class='ocrx_word' id='word_1_208' title='bbox 1764 1110 1807 1140; x_wconf 91' lang='lat' dir='ltr'>ut</span> <span class='ocrx_word' id='word_1_209' title='bbox 1840 1114 1934 1141; x_wconf 89' lang='lat' dir='ltr'>cum</span> <span class='ocrx_word' id='word_1_210' title='bbox 1967 1099 2170 1141; x_wconf 79' lang='lat' dir='ltr'>Cicerone</span> <span class='ocrx_word' id='word_1_211' title='bbox 2224 1098 2287 1143; x_wconf 88' lang='lat' dir='ltr'>lo·-</span> 
     </span>
    </p>
   </div>
   <div class='ocr_carea' id='block_1_8' title="bbox 200 1154 1244 1232">
    <p class='ocr_par' dir='ltr' id='par_1_8' title="bbox 200 1154 1244 1232">
     <span class='ocr_line' id='line_1_35' title="bbox 200 1154 1244 1232; baseline -0.001 -33"><span class='ocrx_word' id='word_1_212' title='bbox 200 1157 354 1212; x_wconf 83' lang='lat' dir='ltr'>quitate</span> <span class='ocrx_word' id='word_1_213' title='bbox 399 1156 581 1197; x_wconf 74' lang='lat' dir='ltr'>adverlus</span> <span class='ocrx_word' id='word_1_214' title='bbox 624 1154 719 1205; x_wconf 80' lang='lat' dir='ltr'>juris</span> <span class='ocrx_word' id='word_1_215' title='bbox 763 1154 1014 1198; x_wconf 84' lang='lat' dir='ltr'>severitatem</span> <span class='ocrx_word' id='word_1_216' title='bbox 1043 1189 1054 1207; x_wconf 81' lang='grc'>,</span> <span class='ocrx_word' id='word_1_217' title='bbox 1107 1154 1244 1232; x_wconf 64' lang='grc' dir='ltr'>[ωτι-Ι</span> 
     </span>
    </p>
   </div>
   <div class='ocr_carea' id='block_1_9' title="bbox 201 1211 1216 1498">
    <p class='ocr_par' dir='ltr' id='par_1_9' title="bbox 201 1211 1216 1498">
     <span class='ocr_line' id='line_1_36' title="bbox 203 1211 1214 1269; baseline -0.002 -13"><span class='ocrx_word' id='word_1_218' title='bbox 203 1230 273 1256; x_wconf 87' lang='lat' dir='ltr'>mo</span> <span class='ocrx_word' id='word_1_219' title='bbox 324 1213 461 1269; x_wconf 87' lang='lat' dir='ltr'>plausu</span> <span class='ocrx_word' id='word_1_220' title='bbox 500 1244 512 1265; x_wconf 85' lang='lat'>,</span> <span class='ocrx_word' id='word_1_221' title='bbox 562 1211 830 1255; x_wconf 81' lang='lat' dir='ltr'>dimicantem</span> <span class='ocrx_word' id='word_1_222' title='bbox 860 1245 869 1255; x_wconf 88' lang='lat'><em>.</em></span> <span class='ocrx_word' id='word_1_223' title='bbox 921 1214 1097 1264; x_wconf 69' lang='lat' dir='ltr'>Quaestio</span> <span class='ocrx_word' id='word_1_224' title='bbox 1129 1225 1214 1256; x_wconf 89' lang='lat' dir='ltr'>erat</span> 
     </span>
     <span class='ocr_line' id='line_1_37' title="bbox 205 1271 312 1314; baseline -0.019 0"><span class='ocrx_word' id='word_1_225' title='bbox 205 1271 275 1314; x_wconf 90' lang='lat' dir='ltr'>illa</span> <span class='ocrx_word' id='word_1_226' title='bbox 305 1287 312 1312; x_wconf 92' lang='lat'>:</span> 
     </span>
     <span class='ocr_line' id='line_1_38' title="bbox 206 1327 1215 1382; baseline -0.001 -12"><span class='ocrx_word' id='word_1_227' title='bbox 206 1341 472 1381; x_wconf 84' lang='lat' dir='ltr'>moreretur,</span> <span class='ocrx_word' id='word_1_228' title='bbox 516 1343 637 1382; x_wconf 85' lang='lat' dir='ltr'>quam</span> <span class='ocrx_word' id='word_1_229' title='bbox 683 1327 725 1368; x_wconf 91' lang='lat' dir='ltr'>in</span> <span class='ocrx_word' id='word_1_230' title='bbox 772 1327 883 1370; x_wconf 88' lang='lat' dir='ltr'>suam</span> <span class='ocrx_word' id='word_1_231' title='bbox 929 1327 1098 1370; x_wconf 82' lang='lat' dir='ltr'>tutelam</span> <span class='ocrx_word' id='word_1_232' title='bbox 1146 1343 1215 1369; x_wconf 91' lang='lat' dir='ltr'>ve-</span> 
     </span>
     <span class='ocr_line' id='line_1_39' title="bbox 203 1384 1214 1436; baseline -0.001 -9"><span class='ocrx_word' id='word_1_233' title='bbox 203 1386 319 1428; x_wconf 62' lang='lat' dir='ltr'>nifl&#39;et</span> <span class='ocrx_word' id='word_1_234' title='bbox 345 1417 356 1436; x_wconf 81' lang='lat'>‚</span> <span class='ocrx_word' id='word_1_235' title='bbox 402 1400 449 1427; x_wconf 87' lang='lat' dir='ltr'>eo</span> <span class='ocrx_word' id='word_1_236' title='bbox 495 1399 578 1426; x_wconf 90' lang='lat' dir='ltr'>non</span> <span class='ocrx_word' id='word_1_237' title='bbox 623 1396 719 1426; x_wconf 84' lang='lat' dir='ltr'>nato</span> <span class='ocrx_word' id='word_1_238' title='bbox 747 1415 758 1435; x_wconf 83' lang='lat'><em>‚</em></span> <span class='ocrx_word' id='word_1_239' title='bbox 795 1384 1016 1427; x_wconf 83' lang='lat' dir='ltr'>succederet</span> <span class='ocrx_word' id='word_1_240' title='bbox 1056 1417 1064 1426; x_wconf 93' lang='lat'>.</span> <span class='ocrx_word' id='word_1_241' title='bbox 1115 1385 1214 1428; x_wconf 82' lang='lat' dir='ltr'>Scae-</span> 
     </span>
     <span class='ocr_line' id='line_1_40' title="bbox 201 1441 1216 1498; baseline -0.001 -12"><span class='ocrx_word' id='word_1_242' title='bbox 201 1443 295 1486; x_wconf 85' lang='lat' dir='ltr'>vola</span> <span class='ocrx_word' id='word_1_243' title='bbox 341 1442 415 1485; x_wconf 78' lang='lat' dir='ltr'>sese</span> <span class='ocrx_word' id='word_1_244' title='bbox 462 1441 593 1484; x_wconf 83' lang='lat' dir='ltr'>verbis</span> <span class='ocrx_word' id='word_1_245' title='bbox 626 1442 864 1484; x_wconf 87' lang='lat' dir='ltr'>continebat</span> <span class='ocrx_word' id='word_1_246' title='bbox 888 1474 901 1496; x_wconf 91' lang='lat'>,</span> <span class='ocrx_word' id='word_1_247' title='bbox 950 1458 1081 1498; x_wconf 79' lang='lat' dir='ltr'>neque</span> <span class='ocrx_word' id='word_1_248' title='bbox 1116 1442 1216 1485; x_wconf 82' lang='lat' dir='ltr'>fere-</span> 
     </span>
    </p>
   </div>
   <div class='ocr_carea' id='block_1_10' title="bbox 198 1498 1218 1552">
    <p class='ocr_par' dir='ltr' id='par_1_10' title="bbox 198 1498 1218 1552">
     <span class='ocr_line' id='line_1_41' title="bbox 198 1498 1218 1552; baseline 0 -10"><span class='ocrx_word' id='word_1_249' title='bbox 198 1501 265 1543; x_wconf 87' lang='lat' dir='ltr'>bat</span> <span class='ocrx_word' id='word_1_250' title='bbox 297 1532 308 1552; x_wconf 86' lang='lat'>,</span> <span class='ocrx_word' id='word_1_251' title='bbox 341 1513 384 1543; x_wconf 87' lang='lat' dir='ltr'>ut</span> <span class='ocrx_word' id='word_1_252' title='bbox 416 1498 482 1541; x_wconf 90' lang='lat' dir='ltr'>sub</span> <span class='ocrx_word' id='word_1_253' title='bbox 510 1514 591 1541; x_wconf 86' lang='lat' dir='ltr'>uno</span> <span class='ocrx_word' id='word_1_254' title='bbox 617 1499 694 1541; x_wconf 88' lang='lat' dir='ltr'>duo</span> <span class='ocrx_word' id='word_1_255' title='bbox 720 1499 827 1542; x_wconf 86' lang='lat' dir='ltr'>casus</span> <span class='ocrx_word' id='word_1_256' title='bbox 856 1499 1168 1544; x_wconf 77' lang='lat' dir='ltr'>involverentur</span> <span class='ocrx_word' id='word_1_257' title='bbox 1207 1532 1218 1552; x_wconf 85' lang='lat'>‚</span> 
     </span>
    </p>
   </div>
   <div class='ocr_carea' id='block_1_11' title="bbox 194 1557 1239 1610">
    <p class='ocr_par' dir='ltr' id='par_1_11' title="bbox 194 1557 1239 1610">
     <span class='ocr_line' id='line_1_42' title="bbox 194 1557 1239 1610; baseline -0.003 -9"><span class='ocrx_word' id='word_1_258' title='bbox 194 1558 238 1601; x_wconf 71' lang='grc' dir='ltr'>ἃ</span> <span class='ocrx_word' id='word_1_259' title='bbox 289 1557 472 1599; x_wconf 78' lang='lat' dir='ltr'>nondum</span> <span class='ocrx_word' id='word_1_260' title='bbox 520 1569 636 1599; x_wconf 88' lang='lat' dir='ltr'>natus</span> <span class='ocrx_word' id='word_1_261' title='bbox 670 1572 739 1610; x_wconf 91' lang='lat' dir='ltr'>pro</span> <span class='ocrx_word' id='word_1_262' title='bbox 766 1570 930 1599; x_wconf 87' lang='lat' dir='ltr'>mortuo</span> <span class='ocrx_word' id='word_1_263' title='bbox 959 1559 1172 1602; x_wconf 85' lang='lat' dir='ltr'>haberetur</span> <span class='ocrx_word' id='word_1_264' title='bbox 1199 1574 1207 1598; x_wconf 91' lang='lat'><strong>:</strong></span> <span class='ocrx_word' id='word_1_265' title='bbox 1237 1576 1239 1584; x_wconf 55' lang='lat'><strong>¹</strong></span> 
     </span>
    </p>
   </div>
   <div class='ocr_carea' id='block_1_12' title="bbox 198 1613 1222 2074">
    <p class='ocr_par' dir='ltr' id='par_1_12' title="bbox 198 1613 1222 2074">
     <span class='ocr_line' id='line_1_43' title="bbox 202 1613 1214 1670; baseline 0.005 -17"><span class='ocrx_word' id='word_1_266' title='bbox 202 1614 363 1657; x_wconf 57' lang='lat' dir='ltr'>Crassus</span> <span class='ocrx_word' id='word_1_267' title='bbox 395 1613 556 1656; x_wconf 81' lang='lat' dir='ltr'>indiciis</span> <span class='ocrx_word' id='word_1_268' title='bbox 593 1646 606 1667; x_wconf 85' lang='lat'>‚</span> <span class='ocrx_word' id='word_1_269' title='bbox 637 1626 755 1670; x_wconf 86' lang='lat' dir='ltr'>atque</span> <span class='ocrx_word' id='word_1_270' title='bbox 789 1614 963 1669; x_wconf 65' lang='lat' dir='ltr'>vestigiis</span> <span class='ocrx_word' id='word_1_271' title='bbox 1000 1617 1214 1659; x_wconf 79' lang='lat' dir='ltr'>verborum</span> 
     </span>
     <span class='ocr_line' id='line_1_44' title="bbox 200 1671 1216 1717; baseline 0.002 -2"><span class='ocrx_word' id='word_1_272' title='bbox 200 1674 247 1715; x_wconf 83' lang='lat' dir='ltr'>ad</span> <span class='ocrx_word' id='word_1_273' title='bbox 294 1671 542 1716; x_wconf 79' lang='lat' dir='ltr'>reconditam</span> <span class='ocrx_word' id='word_1_274' title='bbox 588 1672 844 1716; x_wconf 73' lang='lat' dir='ltr'>voluntatem</span> <span class='ocrx_word' id='word_1_275' title='bbox 893 1675 1115 1717; x_wconf 73' lang='lat' dir='ltr'>eruendam</span> <span class='ocrx_word' id='word_1_276' title='bbox 1148 1673 1216 1717; x_wconf 87' lang='lat' dir='ltr'>du-</span> 
     </span>
     <span class='ocr_line' id='line_1_45' title="bbox 203 1729 1215 1786; baseline 0.005 -17"><span class='ocrx_word' id='word_1_277' title='bbox 203 1731 368 1773; x_wconf 66' lang='lat' dir='ltr'>cebatur</span> <span class='ocrx_word' id='word_1_278' title='bbox 413 1762 424 1782; x_wconf 87' lang='lat'>‚</span> <span class='ocrx_word' id='word_1_279' title='bbox 491 1729 842 1786; x_wconf 74' lang='lat' dir='ltr'>contendebatque</span> <span class='ocrx_word' id='word_1_280' title='bbox 903 1733 1158 1776; x_wconf 78' lang='lat' dir='ltr'>substitutum</span> <span class='ocrx_word' id='word_1_281' title='bbox 1203 1764 1215 1785; x_wconf 89' lang='lat'>,</span> 
     </span>
     <span class='ocr_line' id='line_1_46' title="bbox 198 1785 1218 1842; baseline 0.001 -11"><span class='ocrx_word' id='word_1_282' title='bbox 198 1801 366 1831; x_wconf 76' lang='lat' dir='ltr'>mortuo</span> <span class='ocrx_word' id='word_1_283' title='bbox 400 1785 493 1830; x_wconf 86' lang='lat' dir='ltr'>filio</span> <span class='ocrx_word' id='word_1_284' title='bbox 525 1819 537 1839; x_wconf 84' lang='lat'><strong>‚</strong></span> <span class='ocrx_word' id='word_1_285' title='bbox 570 1801 761 1831; x_wconf 80' lang='lat' dir='ltr'>vocaturn</span> <span class='ocrx_word' id='word_1_286' title='bbox 793 1820 805 1842; x_wconf 86' lang='lat'>,</span> <span class='ocrx_word' id='word_1_287' title='bbox 856 1789 994 1832; x_wconf 87' lang='lat' dir='ltr'>eadem</span> <span class='ocrx_word' id='word_1_288' title='bbox 1030 1790 1218 1833; x_wconf 86' lang='lat' dir='ltr'>volunta-</span> 
     </span>
     <span class='ocr_line' id='line_1_47' title="bbox 203 1844 1220 1902; baseline 0.001 -15"><span class='ocrx_word' id='word_1_289' title='bbox 203 1860 241 1887; x_wconf 89' lang='lat' dir='ltr'>te</span> <span class='ocrx_word' id='word_1_290' title='bbox 277 1844 413 1887; x_wconf 78' lang='lat' dir='ltr'>vocari</span> <span class='ocrx_word' id='word_1_291' title='bbox 449 1877 461 1899; x_wconf 86' lang='lat'>‚</span> <span class='ocrx_word' id='word_1_292' title='bbox 509 1860 556 1887; x_wconf 88' lang='lat' dir='ltr'>eo</span> <span class='ocrx_word' id='word_1_293' title='bbox 589 1860 672 1887; x_wconf 89' lang='lat' dir='ltr'>non</span> <span class='ocrx_word' id='word_1_294' title='bbox 707 1858 841 1899; x_wconf 78' lang='lat' dir='ltr'>nat03</span> <span class='ocrx_word' id='word_1_295' title='bbox 893 1863 979 1902; x_wconf 65' lang='lat' dir='ltr'>quse</span> <span class='ocrx_word' id='word_1_296' title='bbox 1025 1847 1220 1890; x_wconf 78' lang='lat' dir='ltr'>sententia</span> 
     </span>
     <span class='ocr_line' id='line_1_48' title="bbox 200 1903 1218 1960; baseline 0.002 -15"><span class='ocrx_word' id='word_1_297' title='bbox 200 1903 385 1945; x_wconf 79' lang='lat' dir='ltr'>obtinuit</span> <span class='ocrx_word' id='word_1_298' title='bbox 421 1933 432 1953; x_wconf 87' lang='lat'>‚</span> <span class='ocrx_word' id='word_1_299' title='bbox 466 1903 658 1957; x_wconf 77' lang='lat' dir='ltr'>cessitque.</span> <span class='ocrx_word' id='word_1_300' title='bbox 692 1903 877 1947; x_wconf 80' lang='lat' dir='ltr'>severitas</span> <span class='ocrx_word' id='word_1_301' title='bbox 902 1904 1081 1960; x_wconf 73' lang='lat' dir='ltr'>aequitati</span> <span class='ocrx_word' id='word_1_302' title='bbox 1113 1937 1122 1947; x_wconf 91' lang='lat'><strong>.</strong></span> <span class='ocrx_word' id='word_1_303' title='bbox 1155 1905 1218 1947; x_wconf 78' lang='lat' dir='ltr'>Ex</span> 
     </span>
     <span class='ocr_line' id='line_1_49' title="bbox 205 1958 1220 2017; baseline 0.004 -16"><span class='ocrx_word' id='word_1_304' title='bbox 205 1959 324 2011; x_wconf 79' lang='lat' dir='ltr'>hujus</span> <span class='ocrx_word' id='word_1_305' title='bbox 359 1958 640 2003; x_wconf 75' lang='lat' dir='ltr'>familiaritate</span> <span class='ocrx_word' id='word_1_306' title='bbox 671 1993 682 2011; x_wconf 79' lang='grc'><em>,</em></span> <span class='ocrx_word' id='word_1_307' title='bbox 725 1974 920 2017; x_wconf 82' lang='lat' dir='ltr'>tanquam</span> <span class='ocrx_word' id='word_1_308' title='bbox 955 1978 1003 2006; x_wconf 70' lang='lat' dir='ltr'>ex</span> <span class='ocrx_word' id='word_1_309' title='bbox 1031 1978 1220 2005; x_wconf 88' lang='lat' dir='ltr'>commu-</span> 
     </span>
     <span class='ocr_line' id='line_1_50' title="bbox 204 2016 1222 2074; baseline 0.005 -17"><span class='ocrx_word' id='word_1_310' title='bbox 204 2016 248 2059; x_wconf 88' lang='lat' dir='ltr'>ni</span> <span class='ocrx_word' id='word_1_311' title='bbox 283 2016 616 2071; x_wconf 67' lang='lat' dir='ltr'>Jurii&#39;prudentiae</span> <span class='ocrx_word' id='word_1_312' title='bbox 664 2017 798 2061; x_wconf 78' lang='lat' dir='ltr'>schola</span> <span class='ocrx_word' id='word_1_313' title='bbox 835 2018 988 2074; x_wconf 77' lang='lat' dir='ltr'>insigne</span> <span class='ocrx_word' id='word_1_314' title='bbox 1014 2019 1096 2071; x_wconf 84' lang='lat' dir='ltr'>ejus</span> <span class='ocrx_word' id='word_1_315' title='bbox 1129 2033 1222 2062; x_wconf 73' lang='lat' dir='ltr'>zeta-</span> 
     </span>
    </p>
   </div>
   <div class='ocr_carea' id='block_1_13' title="bbox 1265 1153 2286 1268">
    <p class='ocr_par' dir='ltr' id='par_1_13' title="bbox 1265 1153 2286 1268">
     <span class='ocr_line' id='line_1_51' title="bbox 1265 1153 2280 1211; baseline 0 -13"><span class='ocrx_word' id='word_1_316' title='bbox 1265 1172 1388 1211; x_wconf 82' lang='lat' dir='ltr'>quar‚</span> <span class='ocrx_word' id='word_1_317' title='bbox 1420 1157 1512 1207; x_wconf 85' lang='lat' dir='ltr'>(c)</span> <span class='ocrx_word' id='word_1_318' title='bbox 1543 1153 1820 1198; x_wconf 73' lang='lat' dir='ltr'>everriculum</span> <span class='ocrx_word' id='word_1_319' title='bbox 1852 1187 1864 1208; x_wconf 84' lang='lat'>‚</span> <span class='ocrx_word' id='word_1_320' title='bbox 1899 1155 2030 1209; x_wconf 87' lang='lat' dir='ltr'>plures</span> <span class='ocrx_word' id='word_1_321' title='bbox 2062 1156 2203 1198; x_wconf 83' lang='lat' dir='ltr'>habuit</span> <span class='ocrx_word' id='word_1_322' title='bbox 2237 1158 2280 1198; x_wconf 77' lang='lat' dir='ltr'>in</span> 
     </span>
     <span class='ocr_line' id='line_1_52' title="bbox 1266 1211 2286 1268; baseline 0 -12"><span class='ocrx_word' id='word_1_323' title='bbox 1266 1213 1350 1264; x_wconf 80' lang='lat' dir='ltr'>jure</span> <span class='ocrx_word' id='word_1_324' title='bbox 1388 1211 1500 1256; x_wconf 84' lang='lat' dir='ltr'>civili</span> <span class='ocrx_word' id='word_1_325' title='bbox 1542 1212 1782 1265; x_wconf 85' lang='lat' dir='ltr'>auditores,</span> <span class='ocrx_word' id='word_1_326' title='bbox 1816 1212 1857 1255; x_wconf 64' lang='lat' dir='ltr'>Sc</span> <span class='ocrx_word' id='word_1_327' title='bbox 1889 1212 2053 1268; x_wconf 76' lang='lat' dir='ltr'>quidem</span> <span class='ocrx_word' id='word_1_328' title='bbox 2088 1212 2245 1256; x_wconf 86' lang='lat' dir='ltr'>nobiles</span> <span class='ocrx_word' id='word_1_329' title='bbox 2271 1245 2286 1265; x_wconf 93' lang='lat'><em>‚</em></span> 
     </span>
    </p>
   </div>
   <div class='ocr_carea' id='block_1_14' title="bbox 359 1269 2289 1333">
    <p class='ocr_par' dir='ltr' id='par_1_14' title="bbox 359 1269 2289 1333">
     <span class='ocr_line' id='line_1_53' title="bbox 359 1269 2289 1333; baseline 0 -20"><span class='ocrx_word' id='word_1_330' title='bbox 359 1286 410 1313; x_wconf 84' lang='lat' dir='ltr'>an</span> <span class='ocrx_word' id='word_1_331' title='bbox 457 1270 682 1312; x_wconf 77' lang='lat' dir='ltr'>substitutus</span> <span class='ocrx_word' id='word_1_332' title='bbox 727 1271 941 1324; x_wconf 84' lang='lat' dir='ltr'>posthumo</span> <span class='ocrx_word' id='word_1_333' title='bbox 986 1270 1009 1312; x_wconf 87' lang='lat' dir='ltr'>si</span> <span class='ocrx_word' id='word_1_334' title='bbox 1057 1272 1088 1312; x_wconf 84' lang='lat' dir='ltr'>is</span> <span class='ocrx_word' id='word_1_335' title='bbox 1121 1283 1214 1313; x_wconf 88' lang='lat' dir='ltr'>ante</span> <span class='ocrx_word' id='word_1_336' title='bbox 1267 1285 1365 1325; x_wconf 88' lang='lat' dir='ltr'>quos</span> <span class='ocrx_word' id='word_1_337' title='bbox 1393 1271 1497 1313; x_wconf 85' lang='lat' dir='ltr'>inter</span> <span class='ocrx_word' id='word_1_338' title='bbox 1523 1269 1710 1312; x_wconf 79' lang='lat' dir='ltr'>Servium</span> <span class='ocrx_word' id='word_1_339' title='bbox 1742 1286 1902 1324; x_wconf 83' lang='lat' dir='ltr'>quoque</span> <span class='ocrx_word' id='word_1_340' title='bbox 1927 1269 2185 1325; x_wconf 77' lang='lat' dir='ltr'>Sulpicium3</span> <span class='ocrx_word' id='word_1_341' title='bbox 2216 1271 2289 1333; x_wconf 78' lang='lat' dir='ltr'>qui</span> 
     </span>
    </p>
   </div>
   <div class='ocr_carea' id='block_1_15' title="bbox 1267 1326 2289 2069">
    <p class='ocr_par' dir='ltr' id='par_1_15' title="bbox 1267 1326 2289 2069">
     <span class='ocr_line' id='line_1_54' title="bbox 1269 1326 2283 1383; baseline 0.002 -15"><span class='ocrx_word' id='word_1_342' title='bbox 1269 1327 1497 1382; x_wconf 81' lang='lat' dir='ltr'>fragmenta</span> <span class='ocrx_word' id='word_1_343' title='bbox 1519 1326 1654 1382; x_wconf 86' lang='lat' dir='ltr'>aliqua</span> <span class='ocrx_word' id='word_1_344' title='bbox 1676 1326 1752 1369; x_wconf 87' lang='lat' dir='ltr'>suis</span> <span class='ocrx_word' id='word_1_345' title='bbox 1779 1326 1890 1369; x_wconf 74' lang='lat' dir='ltr'>libris</span> <span class='ocrx_word' id='word_1_346' title='bbox 1917 1343 1936 1369; x_wconf 86' lang='lat' dir='ltr'>e</span> <span class='ocrx_word' id='word_1_347' title='bbox 1967 1328 2120 1383; x_wconf 76' lang='lat' dir='ltr'>scriptis</span> <span class='ocrx_word' id='word_1_348' title='bbox 2151 1331 2283 1383; x_wconf 86' lang='lat' dir='ltr'>Aqui-</span> 
     </span>
     <span class='ocr_line' id='line_1_55' title="bbox 1270 1384 2281 1440; baseline 0.001 -13"><span class='ocrx_word' id='word_1_349' title='bbox 1270 1384 1386 1427; x_wconf 87' lang='lat' dir='ltr'>lianis</span> <span class='ocrx_word' id='word_1_350' title='bbox 1433 1384 1631 1426; x_wconf 83' lang='lat' dir='ltr'>inseruit:</span> <span class='ocrx_word' id='word_1_351' title='bbox 1679 1399 1766 1438; x_wconf 73' lang='lat' dir='ltr'>quae</span> <span class='ocrx_word' id='word_1_352' title='bbox 1806 1384 1965 1440; x_wconf 78' lang='lat' dir='ltr'>Aquilii</span> <span class='ocrx_word' id='word_1_353' title='bbox 2012 1386 2156 1439; x_wconf 82' lang='lat' dir='ltr'>scripta</span> <span class='ocrx_word' id='word_1_354' title='bbox 2182 1417 2194 1438; x_wconf 90' lang='lat'>‚</span> <span class='ocrx_word' id='word_1_355' title='bbox 2230 1399 2281 1428; x_wconf 87' lang='lat' dir='ltr'>ne</span> 
     </span>
     <span class='ocr_line' id='line_1_56' title="bbox 1267 1441 2285 1498; baseline -0.001 -13"><span class='ocrx_word' id='word_1_356' title='bbox 1267 1442 1431 1498; x_wconf 76' lang='lat' dir='ltr'>quidem</span> <span class='ocrx_word' id='word_1_357' title='bbox 1465 1441 1512 1484; x_wconf 73' lang='lat' dir='ltr'>ad</span> <span class='ocrx_word' id='word_1_358' title='bbox 1539 1441 1756 1494; x_wconf 77' lang='lat' dir='ltr'>Pomponii</span> <span class='ocrx_word' id='word_1_359' title='bbox 1785 1454 1945 1484; x_wconf 79' lang='lat' dir='ltr'>aetatem</span> <span class='ocrx_word' id='word_1_360' title='bbox 1969 1443 2169 1495; x_wconf 61' lang='lat' dir='ltr'>integram</span> <span class='ocrx_word' id='word_1_361' title='bbox 2197 1456 2285 1497; x_wconf 83' lang='lat' dir='ltr'>per-</span> 
     </span>
     <span class='ocr_line' id='line_1_57' title="bbox 1270 1497 2286 1553; baseline 0 -10"><span class='ocrx_word' id='word_1_362' title='bbox 1270 1513 1500 1543; x_wconf 79' lang='lat' dir='ltr'>venerunt.</span> <span class='ocrx_word' id='word_1_363' title='bbox 1534 1500 1597 1541; x_wconf 75' lang='lat' dir='ltr'>Ex</span> <span class='ocrx_word' id='word_1_364' title='bbox 1632 1497 1808 1541; x_wconf 84' lang='lat' dir='ltr'>aliorum</span> <span class='ocrx_word' id='word_1_365' title='bbox 1844 1500 1968 1552; x_wconf 64' lang='lat' dir='ltr'>igitur</span> <span class='ocrx_word' id='word_1_366' title='bbox 2001 1499 2246 1543; x_wconf 48' lang='lat' dir='ltr'>austoritate</span> <span class='ocrx_word' id='word_1_367' title='bbox 2271 1530 2286 1553; x_wconf 90' lang='lat'>,</span> 
     </span>
     <span class='ocr_line' id='line_1_58' title="bbox 1269 1555 2287 1611; baseline -0.001 -10"><span class='ocrx_word' id='word_1_368' title='bbox 1269 1574 1314 1601; x_wconf 82' lang='lat' dir='ltr'>ac</span> <span class='ocrx_word' id='word_1_369' title='bbox 1347 1557 1420 1601; x_wconf 77' lang='lat' dir='ltr'>fide</span> <span class='ocrx_word' id='word_1_370' title='bbox 1456 1556 1664 1610; x_wconf 73' lang='lat' dir='ltr'>supersunt</span> <span class='ocrx_word' id='word_1_371' title='bbox 1698 1555 1739 1597; x_wconf 90' lang='lat' dir='ltr'>in</span> <span class='ocrx_word' id='word_1_372' title='bbox 1774 1556 1948 1611; x_wconf 77' lang='lat' dir='ltr'>Digestis</span> <span class='ocrx_word' id='word_1_373' title='bbox 1982 1557 2143 1611; x_wconf 72' lang='lat' dir='ltr'>aliquot</span> <span class='ocrx_word' id='word_1_374' title='bbox 2175 1556 2287 1601; x_wconf 86' lang='lat' dir='ltr'>sum-</span> 
     </span>
     <span class='ocr_line' id='line_1_59' title="bbox 1271 1613 2289 1665; baseline 0.001 -8"><span class='ocrx_word' id='word_1_375' title='bbox 1271 1615 1328 1658; x_wconf 85' lang='lat' dir='ltr'>mi</span> <span class='ocrx_word' id='word_1_376' title='bbox 1373 1614 1449 1656; x_wconf 75' lang='lat' dir='ltr'>viri</span> <span class='ocrx_word' id='word_1_377' title='bbox 1503 1625 1779 1657; x_wconf 85' lang='lat' dir='ltr'>monumenta</span> <span class='ocrx_word' id='word_1_378' title='bbox 1807 1645 1819 1665; x_wconf 79' lang='lat'>‚</span> <span class='ocrx_word' id='word_1_379' title='bbox 1864 1628 1954 1656; x_wconf 91' lang='lat' dir='ltr'>tum</span> <span class='ocrx_word' id='word_1_380' title='bbox 1999 1613 2289 1658; x_wconf 78' lang='lat' dir='ltr'>celeberrima-</span> 
     </span>
     <span class='ocr_line' id='line_1_60' title="bbox 1271 1670 2289 1728; baseline 0 -13"><span class='ocrx_word' id='word_1_381' title='bbox 1271 1689 1359 1716; x_wconf 87' lang='lat' dir='ltr'>rum</span> <span class='ocrx_word' id='word_1_382' title='bbox 1398 1671 1700 1720; x_wconf 78' lang='lat' dir='ltr'>formularum,</span> <span class='ocrx_word' id='word_1_383' title='bbox 1731 1670 1861 1726; x_wconf 86' lang='lat' dir='ltr'>qualis</span> <span class='ocrx_word' id='word_1_384' title='bbox 1881 1671 1932 1714; x_wconf 82' lang='lat' dir='ltr'>est</span> <span class='ocrx_word' id='word_1_385' title='bbox 1965 1670 2191 1728; x_wconf 82' lang='lat' dir='ltr'>Aquiliana</span> <span class='ocrx_word' id='word_1_386' title='bbox 2217 1688 2289 1715; x_wconf 86' lang='lat' dir='ltr'>ac-</span> 
     </span>
     <span class='ocr_line' id='line_1_61' title="bbox 1270 1728 2284 1785; baseline -0.002 -11"><span class='ocrx_word' id='word_1_387' title='bbox 1270 1729 1479 1785; x_wconf 80' lang='lat' dir='ltr'>ceptilatio</span> <span class='ocrx_word' id='word_1_388' title='bbox 1509 1761 1521 1783; x_wconf 84' lang='lat'>,</span> <span class='ocrx_word' id='word_1_389' title='bbox 1567 1728 1611 1772; x_wconf 70' lang='lat' dir='ltr'>Sc</span> <span class='ocrx_word' id='word_1_390' title='bbox 1645 1728 1749 1772; x_wconf 73' lang='lat' dir='ltr'>ratio</span> <span class='ocrx_word' id='word_1_391' title='bbox 1794 1728 2133 1772; x_wconf 73' lang='lat' dir='ltr'>instituendorum</span> <span class='ocrx_word' id='word_1_392' title='bbox 2178 1730 2284 1784; x_wconf 84' lang='lat' dir='ltr'>post-</span> 
     </span>
     <span class='ocr_line' id='line_1_62' title="bbox 1271 1786 2284 1843; baseline -0.003 -12"><span class='ocrx_word' id='word_1_393' title='bbox 1271 1788 1491 1833; x_wconf 69' lang='lat' dir='ltr'>humorum</span> <span class='ocrx_word' id='word_1_394' title='bbox 1526 1819 1538 1840; x_wconf 77' lang='lat'>,</span> <span class='ocrx_word' id='word_1_395' title='bbox 1586 1787 1765 1843; x_wconf 83' lang='lat' dir='ltr'>itemque</span> <span class='ocrx_word' id='word_1_396' title='bbox 1800 1786 1977 1831; x_wconf 84' lang='lat' dir='ltr'>formula</span> <span class='ocrx_word' id='word_1_397' title='bbox 2023 1786 2104 1829; x_wconf 90' lang='lat' dir='ltr'>doli</span> <span class='ocrx_word' id='word_1_398' title='bbox 2139 1786 2236 1829; x_wconf 89' lang='lat' dir='ltr'>mali</span> <span class='ocrx_word' id='word_1_399' title='bbox 2268 1801 2284 1841; x_wconf 89' lang='lat'>;</span> 
     </span>
     <span class='ocr_line' id='line_1_63' title="bbox 1272 1844 2285 1892; baseline -0.001 -4"><span class='ocrx_word' id='word_1_400' title='bbox 1272 1861 1356 1889; x_wconf 82' lang='lat' dir='ltr'>tum</span> <span class='ocrx_word' id='word_1_401' title='bbox 1384 1845 1606 1889; x_wconf 77' lang='lat' dir='ltr'>utiliffimae</span> <span class='ocrx_word' id='word_1_402' title='bbox 1648 1844 1744 1892; x_wconf 54' lang='lat' dir='ltr'>leuis</span> <span class='ocrx_word' id='word_1_403' title='bbox 1777 1845 1823 1888; x_wconf 87' lang='lat' dir='ltr'>de</span> <span class='ocrx_word' id='word_1_404' title='bbox 1855 1845 2007 1887; x_wconf 87' lang='lat' dir='ltr'>damno</span> <span class='ocrx_word' id='word_1_405' title='bbox 2053 1844 2285 1887; x_wconf 80' lang='lat' dir='ltr'>sarciendo.</span> 
     </span>
     <span class='ocr_line' id='line_1_64' title="bbox 1269 1901 2284 1958; baseline -0.005 -11"><span class='ocrx_word' id='word_1_406' title='bbox 1269 1905 1326 1955; x_wconf 64' lang='lat'>(¹⁶)</span> <span class='ocrx_word' id='word_1_407' title='bbox 1350 1901 1479 1947; x_wconf 55' lang='lat' dir='ltr'>&#39;Hanc</span> <span class='ocrx_word' id='word_1_408' title='bbox 1513 1902 1769 1958; x_wconf 84' lang='lat' dir='ltr'>prudentiam</span> <span class='ocrx_word' id='word_1_409' title='bbox 1796 1934 1807 1951; x_wconf 79' lang='grc'>,</span> <span class='ocrx_word' id='word_1_410' title='bbox 1843 1902 1885 1944; x_wconf 67' lang='grc' dir='ltr'>δι</span> <span class='ocrx_word' id='word_1_411' title='bbox 1914 1902 2148 1957; x_wconf 79' lang='lat' dir='ltr'>aequitatern</span> <span class='ocrx_word' id='word_1_412' title='bbox 2185 1901 2284 1943; x_wconf 91' lang='lat' dir='ltr'>scri-</span> 
     </span>
     <span class='ocr_line' id='line_1_65' title="bbox 1271 1958 2283 2015; baseline -0.001 -13"><span class='ocrx_word' id='word_1_413' title='bbox 1271 1962 1348 2014; x_wconf 77' lang='lat' dir='ltr'>ptis</span> <span class='ocrx_word' id='word_1_414' title='bbox 1381 1960 1517 2003; x_wconf 86' lang='lat' dir='ltr'>docuit</span> <span class='ocrx_word' id='word_1_415' title='bbox 1539 1992 1550 2011; x_wconf 82' lang='lat'><strong>‚</strong></span> <span class='ocrx_word' id='word_1_416' title='bbox 1595 1959 1638 2001; x_wconf 82' lang='lat'>&amp;</span> <span class='ocrx_word' id='word_1_417' title='bbox 1669 1958 1891 2015; x_wconf 77' lang='lat' dir='ltr'>exemplo:</span> <span class='ocrx_word' id='word_1_418' title='bbox 1941 1975 2034 2002; x_wconf 90' lang='lat' dir='ltr'>cum</span> <span class='ocrx_word' id='word_1_419' title='bbox 2069 1958 2283 2001; x_wconf 55' lang='lat' dir='ltr'>Oeiaciliae</span> 
     </span>
     <span class='ocr_line' id='line_1_66' title="bbox 1274 2015 2287 2069; baseline -0.001 -9"><span class='ocrx_word' id='word_1_420' title='bbox 1274 2018 1492 2061; x_wconf 81' lang='lat' dir='ltr'>Laterensis</span> <span class='ocrx_word' id='word_1_421' title='bbox 1537 2016 1750 2069; x_wconf 82' lang='lat' dir='ltr'>impudicae</span> <span class='ocrx_word' id='word_1_422' title='bbox 1794 2016 1977 2060; x_wconf 80' lang='lat' dir='ltr'>mulieris</span> <span class='ocrx_word' id='word_1_423' title='bbox 2023 2015 2204 2059; x_wconf 84' lang='lat' dir='ltr'>fraudem</span> <span class='ocrx_word' id='word_1_424' title='bbox 2241 2016 2287 2059; x_wconf 86' lang='lat' dir='ltr'>in</span> 
     </span>
    </p>
   </div>
   <div class='ocr_carea' id='block_1_16' title="bbox 1241 1935 1248 2135">
    <p class='ocr_par' dir='ltr' id='par_1_16' title="bbox 1241 1935 1248 2135">
     <span class='ocr_line' id='line_1_67' title="bbox 1241 1935 1248 2135; baseline 0 1344"><span class='ocrx_word' id='word_1_425' title='bbox 1241 1935 1248 2135; x_wconf 95' lang='lat' dir='ltr'> </span> 
     </span>
    </p>
   </div>
   <div class='ocr_carea' id='block_1_17' title="bbox 169 2072 2288 2978">
    <p class='ocr_par' dir='ltr' id='par_1_17' title="bbox 169 2072 2288 2978">
     <span class='ocr_line' id='line_1_68' title="bbox 203 2072 2288 2131; baseline 0.001 -17"><span class='ocrx_word' id='word_1_426' title='bbox 203 2074 256 2116; x_wconf 81' lang='lat' dir='ltr'>tis</span> <span class='ocrx_word' id='word_1_427' title='bbox 303 2074 581 2124; x_wconf 87' lang='lat' dir='ltr'>Jurisconsulti</span> <span class='ocrx_word' id='word_1_428' title='bbox 631 2076 848 2129; x_wconf 74' lang='lat' dir='ltr'>prodiere:</span> <span class='ocrx_word' id='word_1_429' title='bbox 895 2093 1040 2131; x_wconf 84' lang='lat' dir='ltr'>nempe</span> <span class='ocrx_word' id='word_1_430' title='bbox 1075 2076 1220 2120; x_wconf 86' lang='lat' dir='ltr'>Gallus</span> <span class='ocrx_word' id='word_1_431' title='bbox 1269 2075 1452 2128; x_wconf 77' lang='lat' dir='ltr'>judicum</span> <span class='ocrx_word' id='word_1_432' title='bbox 1485 2073 1654 2117; x_wconf 83' lang='lat' dir='ltr'>consilio</span> <span class='ocrx_word' id='word_1_433' title='bbox 1689 2073 1855 2116; x_wconf 88' lang='lat' dir='ltr'>resecuit</span> <span class='ocrx_word' id='word_1_434' title='bbox 1888 2106 1896 2115; x_wconf 91' lang='lat'><strong>.</strong></span> <span class='ocrx_word' id='word_1_435' title='bbox 1952 2074 2121 2116; x_wconf 85' lang='lat' dir='ltr'>Etenim</span> <span class='ocrx_word' id='word_1_436' title='bbox 2156 2072 2288 2116; x_wconf 73' lang='lat' dir='ltr'>Oc‘ta-</span> 
     </span>
     <span class='ocr_line' id='line_1_69' title="bbox 209 2129 2280 2189; baseline 0 -15"><span class='ocrx_word' id='word_1_437' title='bbox 209 2131 405 2187; x_wconf 78' lang='lat' dir='ltr'>Aquilius</span> <span class='ocrx_word' id='word_1_438' title='bbox 440 2163 451 2184; x_wconf 87' lang='lat'>,</span> <span class='ocrx_word' id='word_1_439' title='bbox 501 2131 681 2175; x_wconf 85' lang='lat' dir='ltr'>Lucilius</span> <span class='ocrx_word' id='word_1_440' title='bbox 713 2133 859 2175; x_wconf 79' lang='lat' dir='ltr'>Balbus</span> <span class='ocrx_word' id='word_1_441' title='bbox 887 2166 899 2185; x_wconf 81' lang='lat'><em>‚</em></span> <span class='ocrx_word' id='word_1_442' title='bbox 948 2135 1039 2177; x_wconf 73' lang='lat' dir='ltr'>Sex.</span> <span class='ocrx_word' id='word_1_443' title='bbox 1092 2135 1215 2188; x_wconf 80' lang='lat' dir='ltr'>Papy-</span> <span class='ocrx_word' id='word_1_444' title='bbox 1239 2136 1251 2189; x_wconf 63' lang='grc' dir='ltr'><strong><em>ἶ</em></strong></span> <span class='ocrx_word' id='word_1_445' title='bbox 1272 2133 1368 2176; x_wconf 87' lang='lat' dir='ltr'>cilia</span> <span class='ocrx_word' id='word_1_446' title='bbox 1395 2164 1406 2185; x_wconf 80' lang='lat'>,</span> <span class='ocrx_word' id='word_1_447' title='bbox 1437 2148 1515 2189; x_wconf 86' lang='lat' dir='ltr'>qua</span> <span class='ocrx_word' id='word_1_448' title='bbox 1548 2129 1673 2182; x_wconf 78' lang='lat' dir='ltr'>Caius</span> <span class='ocrx_word' id='word_1_449' title='bbox 1707 2131 1899 2175; x_wconf 83' lang='lat' dir='ltr'>Visellius</span> <span class='ocrx_word' id='word_1_450' title='bbox 1935 2134 2067 2174; x_wconf 84' lang='lat' dir='ltr'>Varro</span> <span class='ocrx_word' id='word_1_451' title='bbox 2100 2130 2280 2174; x_wconf 82' lang='lat' dir='ltr'>obscaene</span> 
     </span>
     <span class='ocr_line' id='line_1_70' title="bbox 208 2187 2283 2275; baseline 0 -44"><span class='ocrx_word' id='word_1_452' title='bbox 208 2189 315 2240; x_wconf 78' lang='lat' dir='ltr'>rius,</span> <span class='ocrx_word' id='word_1_453' title='bbox 349 2187 474 2239; x_wconf 75' lang='lat' dir='ltr'>Caius</span> <span class='ocrx_word' id='word_1_454' title='bbox 506 2190 723 2240; x_wconf 74' lang='lat' dir='ltr'>juventius</span> <span class='ocrx_word' id='word_1_455' title='bbox 745 2222 754 2231; x_wconf 88' lang='grc'><strong>.</strong></span> <span class='ocrx_word' id='word_1_456' title='bbox 790 2192 932 2233; x_wconf 83' lang='lat' dir='ltr'>Libros</span> <span class='ocrx_word' id='word_1_457' title='bbox 959 2192 1129 2246; x_wconf 83' lang='lat' dir='ltr'>reliquit</span> <span class='ocrx_word' id='word_1_458' title='bbox 1155 2193 1221 2235; x_wconf 87' lang='lat' dir='ltr'>de·</span> <span class='ocrx_word' id='word_1_459' title='bbox 1241 2192 1247 2275; x_wconf 50' lang='lat' dir='ltr'>l</span> <span class='ocrx_word' id='word_1_460' title='bbox 1271 2193 1456 2234; x_wconf 83' lang='lat' dir='ltr'>utebatur</span> <span class='ocrx_word' id='word_1_461' title='bbox 1478 2222 1490 2241; x_wconf 85' lang='lat'>‚</span> <span class='ocrx_word' id='word_1_462' title='bbox 1520 2206 1568 2233; x_wconf 92' lang='lat' dir='ltr'>eo</span> <span class='ocrx_word' id='word_1_463' title='bbox 1600 2201 1821 2244; x_wconf 65' lang='lat' dir='ltr'>aegrotante</span> <span class='ocrx_word' id='word_1_464' title='bbox 1852 2221 1864 2243; x_wconf 86' lang='lat'>,</span> <span class='ocrx_word' id='word_1_465' title='bbox 1907 2205 1999 2232; x_wconf 89' lang='lat' dir='ltr'>cum</span> <span class='ocrx_word' id='word_1_466' title='bbox 2024 2221 2035 2241; x_wconf 88' lang='lat'>‚</span> <span class='ocrx_word' id='word_1_467' title='bbox 2084 2205 2133 2232; x_wconf 87' lang='lat' dir='ltr'>ex</span> <span class='ocrx_word' id='word_1_468' title='bbox 2169 2187 2283 2232; x_wconf 82' lang='lat' dir='ltr'>illius</span> 
     </span>
     <span class='ocr_line' id='line_1_71' title="bbox 208 2245 2283 2307; baseline 0 -19"><span class='ocrx_word' id='word_1_469' title='bbox 208 2261 297 2288; x_wconf 86' lang='lat' dir='ltr'>cem</span> <span class='ocrx_word' id='word_1_470' title='bbox 329 2245 373 2288; x_wconf 64' lang='grc' dir='ltr'>ὃς</span> <span class='ocrx_word' id='word_1_471' title='bbox 403 2246 495 2288; x_wconf 68' lang='grc' dir='ltr'>οξὶο</span> <span class='ocrx_word' id='word_1_472' title='bbox 526 2279 538 2298; x_wconf 89' lang='grc'>,</span> <span class='ocrx_word' id='word_1_473' title='bbox 569 2248 714 2302; x_wconf 88' lang='lat' dir='ltr'>quibus</span> <span class='ocrx_word' id='word_1_474' title='bbox 748 2248 997 2302; x_wconf 87' lang='lat' dir='ltr'>Pomponius</span> <span class='ocrx_word' id='word_1_475' title='bbox 1028 2249 1087 2300; x_wconf 79' lang='lat' dir='ltr'>jus</span> <span class='ocrx_word' id='word_1_476' title='bbox 1119 2249 1219 2292; x_wconf 78' lang='lat' dir='ltr'>civi·</span> <span class='ocrx_word' id='word_1_477' title='bbox 1242 2276 1248 2307; x_wconf 71' lang='lat'>3</span> <span class='ocrx_word' id='word_1_478' title='bbox 1270 2249 1508 2291; x_wconf 81' lang='lat' dir='ltr'>testamento</span> <span class='ocrx_word' id='word_1_479' title='bbox 1559 2261 1629 2300; x_wconf 89' lang='lat' dir='ltr'>per</span> <span class='ocrx_word' id='word_1_480' title='bbox 1662 2246 1769 2302; x_wconf 83' lang='lat' dir='ltr'>leges</span> <span class='ocrx_word' id='word_1_481' title='bbox 1811 2261 1950 2301; x_wconf 84' lang='lat' dir='ltr'>capere</span> <span class='ocrx_word' id='word_1_482' title='bbox 2003 2261 2085 2289; x_wconf 90' lang='lat' dir='ltr'>non</span> <span class='ocrx_word' id='word_1_483' title='bbox 2119 2245 2241 2299; x_wconf 81' lang='lat' dir='ltr'>posset</span> <span class='ocrx_word' id='word_1_484' title='bbox 2267 2276 2283 2299; x_wconf 92' lang='lat'>‚</span> 
     </span>
     <span class='ocr_line' id='line_1_72' title="bbox 169 2301 2281 2362; baseline 0.003 -22"><span class='ocrx_word' id='word_1_485' title='bbox 169 2332 172 2340; x_wconf 71' lang='grc'><strong><em>,</em></strong></span> <span class='ocrx_word' id='word_1_486' title='bbox 207 2301 243 2345; x_wconf 89' lang='lat' dir='ltr'>le</span> <span class='ocrx_word' id='word_1_487' title='bbox 290 2302 559 2346; x_wconf 74' lang='lat' dir='ltr'>constitutum</span> <span class='ocrx_word' id='word_1_488' title='bbox 608 2303 681 2347; x_wconf 78' lang='lat' dir='ltr'>esse</span> <span class='ocrx_word' id='word_1_489' title='bbox 725 2304 873 2356; x_wconf 83' lang='lat' dir='ltr'>scripsit</span> <span class='ocrx_word' id='word_1_490' title='bbox 902 2337 910 2347; x_wconf 90' lang='lat'><strong>.</strong></span> <span class='ocrx_word' id='word_1_491' title='bbox 955 2308 1074 2348; x_wconf 87' lang='lat' dir='ltr'>Forte</span> <span class='ocrx_word' id='word_1_492' title='bbox 1114 2306 1469 2362; x_wconf 49' lang='lat' dir='ltr'>quodssqiiantum</span> <span class='ocrx_word' id='word_1_493' title='bbox 1503 2303 1584 2357; x_wconf 90' lang='lat' dir='ltr'>ipsa</span> <span class='ocrx_word' id='word_1_494' title='bbox 1628 2305 1826 2357; x_wconf 82' lang='lat' dir='ltr'>optabat3</span> <span class='ocrx_word' id='word_1_495' title='bbox 1862 2303 2028 2357; x_wconf 84' lang='lat' dir='ltr'>pellexit</span> <span class='ocrx_word' id='word_1_496' title='bbox 2061 2303 2281 2347; x_wconf 86' lang='lat' dir='ltr'>hominem</span> 
     </span>
     <span class='ocr_line' id='line_1_73' title="bbox 215 2359 2279 2415; baseline 0.001 -14"><span class='ocrx_word' id='word_1_497' title='bbox 215 2372 346 2402; x_wconf 87' lang='lat' dir='ltr'>artem</span> <span class='ocrx_word' id='word_1_498' title='bbox 379 2359 559 2414; x_wconf 84' lang='lat' dir='ltr'>aliquam</span> <span class='ocrx_word' id='word_1_499' title='bbox 592 2393 604 2414; x_wconf 84' lang='lat'>‚</span> <span class='ocrx_word' id='word_1_500' title='bbox 648 2361 691 2403; x_wconf 68' lang='lat' dir='ltr'>Sc</span> <span class='ocrx_word' id='word_1_501' title='bbox 734 2362 921 2406; x_wconf 81' lang='lat' dir='ltr'>ordinem</span> <span class='ocrx_word' id='word_1_502' title='bbox 954 2364 1001 2405; x_wconf 87' lang='lat' dir='ltr'>ad</span> <span class='ocrx_word' id='word_1_503' title='bbox 1031 2379 1122 2406; x_wconf 86' lang='lat' dir='ltr'>earn</span> <span class='ocrx_word' id='word_1_504' title='bbox 1153 2364 1221 2406; x_wconf 89' lang='lat' dir='ltr'>do·</span> <span class='ocrx_word' id='word_1_505' title='bbox 1271 2363 1319 2405; x_wconf 85' lang='lat' dir='ltr'>ad</span> <span class='ocrx_word' id='word_1_506' title='bbox 1353 2360 1628 2405; x_wconf 82' lang='lat' dir='ltr'>voluntariam</span> <span class='ocrx_word' id='word_1_507' title='bbox 1671 2360 1792 2402; x_wconf 88' lang='lat' dir='ltr'>debiti</span> <span class='ocrx_word' id='word_1_508' title='bbox 1836 2359 2128 2403; x_wconf 80' lang='lat' dir='ltr'>consessionem</span> <span class='ocrx_word' id='word_1_509' title='bbox 2154 2392 2166 2411; x_wconf 87' lang='lat'><em>‚</em></span> <span class='ocrx_word' id='word_1_510' title='bbox 2198 2376 2279 2415; x_wconf 83' lang='lat' dir='ltr'>qua</span> 
     </span>
     <span class='ocr_line' id='line_1_74' title="bbox 209 2415 2279 2474; baseline 0.001 -15"><span class='ocrx_word' id='word_1_511' title='bbox 209 2416 387 2460; x_wconf 62' lang='lat' dir='ltr'>&amp;tinam</span> <span class='ocrx_word' id='word_1_512' title='bbox 433 2417 589 2472; x_wconf 83' lang='lat' dir='ltr'>primus</span> <span class='ocrx_word' id='word_1_513' title='bbox 631 2417 894 2470; x_wconf 83' lang='lat' dir='ltr'>adjunxerit.</span> <span class='ocrx_word' id='word_1_514' title='bbox 938 2421 1051 2463; x_wconf 86' lang='lat' dir='ltr'>Cum</span> <span class='ocrx_word' id='word_1_515' title='bbox 1085 2421 1404 2474; x_wconf 58' lang='lat' dir='ltr'>Sylla-&lt;Varro</span> <span class='ocrx_word' id='word_1_516' title='bbox 1437 2430 1601 2471; x_wconf 82' lang='lat' dir='ltr'>accepta</span> <span class='ocrx_word' id='word_1_517' title='bbox 1651 2416 1745 2459; x_wconf 88' lang='lat' dir='ltr'>tulit</span> <span class='ocrx_word' id='word_1_518' title='bbox 1791 2415 2002 2459; x_wconf 64' lang='lat' dir='ltr'>Ostaciliae</span> <span class='ocrx_word' id='word_1_519' title='bbox 2046 2431 2279 2462; x_wconf 83' lang='lat' dir='ltr'>trecentum</span> 
     </span>
     <span class='ocr_line' id='line_1_75' title="bbox 205 2466 2286 2533; baseline 0 -16"><span class='ocrx_word' id='word_1_520' title='bbox 205 2475 269 2517; x_wconf 85' lang='lat' dir='ltr'>nis</span> <span class='ocrx_word' id='word_1_521' title='bbox 303 2474 481 2530; x_wconf 87' lang='lat' dir='ltr'>partibus</span> <span class='ocrx_word' id='word_1_522' title='bbox 513 2475 665 2518; x_wconf 82' lang='lat' dir='ltr'>faveret</span> <span class='ocrx_word' id='word_1_523' title='bbox 685 2508 697 2526; x_wconf 72' lang='grc'>.,</span> <span class='ocrx_word' id='word_1_524' title='bbox 731 2476 943 2533; x_wconf 79' lang='lat' dir='ltr'>fraudeque</span> <span class='ocrx_word' id='word_1_525' title='bbox 975 2478 1112 2521; x_wconf 76' lang='lat' dir='ltr'>obsessi</span> <span class='ocrx_word' id='word_1_526' title='bbox 1147 2480 1219 2521; x_wconf 81' lang='lat' dir='ltr'>Pa·</span> <span class='ocrx_word' id='word_1_527' title='bbox 1241 2466 1247 2503; x_wconf 65' lang='lat' dir='ltr'>l</span> <span class='ocrx_word' id='word_1_528' title='bbox 1271 2477 1404 2520; x_wconf 87' lang='lat' dir='ltr'>millia</span> <span class='ocrx_word' id='word_1_529' title='bbox 1427 2490 1721 2528; x_wconf 83' lang='lat' dir='ltr'>nummorum,</span> <span class='ocrx_word' id='word_1_530' title='bbox 1741 2490 1849 2528; x_wconf 79' lang='lat' dir='ltr'>quae‚</span> <span class='ocrx_word' id='word_1_531' title='bbox 1875 2474 2141 2530; x_wconf 77' lang='lat' dir='ltr'>redintegrata</span> <span class='ocrx_word' id='word_1_532' title='bbox 2173 2477 2286 2518; x_wconf 85' lang='lat' dir='ltr'>Var-</span> 
     </span>
     <span class='ocr_line' id='line_1_76' title="bbox 205 2506 2284 2593; baseline 0 -19"><span class='ocrx_word' id='word_1_533' title='bbox 205 2545 283 2575; x_wconf 85' lang='lat' dir='ltr'>tres</span> <span class='ocrx_word' id='word_1_534' title='bbox 312 2534 354 2575; x_wconf 91' lang='lat' dir='ltr'>in</span> <span class='ocrx_word' id='word_1_535' title='bbox 382 2533 534 2575; x_wconf 85' lang='lat' dir='ltr'>Senatu</span> <span class='ocrx_word' id='word_1_536' title='bbox 563 2534 888 2578; x_wconf 78' lang='lat' dir='ltr'>trucidarentur:</span> <span class='ocrx_word' id='word_1_537' title='bbox 924 2536 1002 2589; x_wconf 89' lang='lat' dir='ltr'>ipse</span> <span class='ocrx_word' id='word_1_538' title='bbox 1033 2535 1218 2591; x_wconf 74' lang='lat' dir='ltr'>fugienS‚</span> <span class='ocrx_word' id='word_1_539' title='bbox 1240 2506 1248 2593; x_wconf 70' lang='lat' dir='ltr'>l</span> <span class='ocrx_word' id='word_1_540' title='bbox 1271 2534 1382 2578; x_wconf 87' lang='lat' dir='ltr'>ronis</span> <span class='ocrx_word' id='word_1_541' title='bbox 1424 2533 1654 2576; x_wconf 85' lang='lat' dir='ltr'>valetudine</span> <span class='ocrx_word' id='word_1_542' title='bbox 1682 2563 1694 2584; x_wconf 90' lang='lat'>‚</span> <span class='ocrx_word' id='word_1_543' title='bbox 1738 2531 1941 2576; x_wconf 59' lang='lat' dir='ltr'>ORacilia</span> <span class='ocrx_word' id='word_1_544' title='bbox 1970 2564 1982 2583; x_wconf 82' lang='lat'>‚</span> <span class='ocrx_word' id='word_1_545' title='bbox 2027 2534 2090 2577; x_wconf 93' lang='lat' dir='ltr'>cui</span> <span class='ocrx_word' id='word_1_546' title='bbox 2136 2533 2185 2575; x_wconf 86' lang='lat' dir='ltr'>ab</span> <span class='ocrx_word' id='word_1_547' title='bbox 2232 2531 2284 2575; x_wconf 56' lang='lat' dir='ltr'>i‘lss</span> 
     </span>
     <span class='ocr_line' id='line_1_77' title="bbox 209 2588 2286 2647; baseline -0 -14"><span class='ocrx_word' id='word_1_548' title='bbox 209 2590 371 2645; x_wconf 77' lang='lat' dir='ltr'>arasque</span> <span class='ocrx_word' id='word_1_549' title='bbox 407 2590 536 2633; x_wconf 74' lang='lat' dir='ltr'>Vestae</span> <span class='ocrx_word' id='word_1_550' title='bbox 561 2590 904 2647; x_wconf 70' lang='lat' dir='ltr'>complexus-‚eas</span> <span class='ocrx_word' id='word_1_551' title='bbox 937 2593 1129 2645; x_wconf 75' lang='lat' dir='ltr'>sanguine</span> <span class='ocrx_word' id='word_1_552' title='bbox 1155 2593 1221 2636; x_wconf 92' lang='lat' dir='ltr'>suo</span> <span class='ocrx_word' id='word_1_553' title='bbox 1271 2592 1347 2636; x_wconf 89' lang='lat' dir='ltr'>lius</span> <span class='ocrx_word' id='word_1_554' title='bbox 1401 2591 1612 2635; x_wconf 85' lang='lat' dir='ltr'>heredibus</span> <span class='ocrx_word' id='word_1_555' title='bbox 1667 2590 1839 2644; x_wconf 87' lang='lat' dir='ltr'>petenda</span> <span class='ocrx_word' id='word_1_556' title='bbox 1890 2601 2004 2633; x_wconf 84' lang='lat' dir='ltr'>erant</span> <span class='ocrx_word' id='word_1_557' title='bbox 2045 2623 2058 2643; x_wconf 79' lang='lat'>‚</span> <span class='ocrx_word' id='word_1_558' title='bbox 2105 2591 2156 2633; x_wconf 89' lang='lat' dir='ltr'>ab</span> <span class='ocrx_word' id='word_1_559' title='bbox 2200 2588 2286 2644; x_wconf 88' lang='lat' dir='ltr'>ipso</span> 
     </span>
     <span class='ocr_line' id='line_1_78' title="bbox 208 2645 2285 2703; baseline -0 -14"><span class='ocrx_word' id='word_1_560' title='bbox 208 2647 421 2700; x_wconf 66' lang='lat' dir='ltr'>respersit:</span> <span class='ocrx_word' id='word_1_561' title='bbox 475 2648 710 2691; x_wconf 75' lang='lat' dir='ltr'>vulneratus</span> <span class='ocrx_word' id='word_1_562' title='bbox 743 2649 835 2701; x_wconf 77' lang='lat' dir='ltr'>Caii</span> <span class='ocrx_word' id='word_1_563' title='bbox 868 2651 1057 2693; x_wconf 63' lang='lat' dir='ltr'>fimbriae</span> <span class='ocrx_word' id='word_1_564' title='bbox 1089 2649 1185 2701; x_wconf 74' lang='lat' dir='ltr'>jussu</span> <span class='ocrx_word' id='word_1_565' title='bbox 1207 2683 1219 2703; x_wconf 81' lang='lat'><strong>‚</strong></span> <span class='ocrx_word' id='word_1_566' title='bbox 1272 2652 1456 2692; x_wconf 86' lang='lat' dir='ltr'>Varrone</span> <span class='ocrx_word' id='word_1_567' title='bbox 1503 2648 1543 2690; x_wconf 88' lang='lat' dir='ltr'>in</span> <span class='ocrx_word' id='word_1_568' title='bbox 1576 2646 1771 2698; x_wconf 86' lang='lat' dir='ltr'>judicium</span> <span class='ocrx_word' id='word_1_569' title='bbox 1823 2660 1969 2691; x_wconf 89' lang='lat' dir='ltr'>vocato</span> <span class='ocrx_word' id='word_1_570' title='bbox 2020 2645 2285 2703; x_wconf 87' lang='lat' dir='ltr'>impudentis-</span> 
     </span>
     <span class='ocr_line' id='line_1_79' title="bbox 205 2702 2283 2768; baseline -0 -21"><span class='ocrx_word' id='word_1_571' title='bbox 205 2722 227 2747; x_wconf 86' lang='lat' dir='ltr'>a</span> <span class='ocrx_word' id='word_1_572' title='bbox 259 2720 338 2759; x_wconf 89' lang='lat' dir='ltr'>quo</span> <span class='ocrx_word' id='word_1_573' title='bbox 372 2735 383 2755; x_wconf 83' lang='lat'><strong>‚</strong></span> <span class='ocrx_word' id='word_1_574' title='bbox 426 2720 519 2745; x_wconf 89' lang='lat' dir='ltr'>cum</span> <span class='ocrx_word' id='word_1_575' title='bbox 555 2721 636 2747; x_wconf 90' lang='lat' dir='ltr'>non</span> <span class='ocrx_word' id='word_1_576' title='bbox 670 2722 839 2750; x_wconf 83' lang='lat' dir='ltr'>omnem</span> <span class='ocrx_word' id='word_1_577' title='bbox 871 2707 1002 2750; x_wconf 80' lang='lat' dir='ltr'>adhuc</span> <span class='ocrx_word' id='word_1_578' title='bbox 1036 2708 1219 2760; x_wconf 82' lang='lat' dir='ltr'>spiritum</span> <span class='ocrx_word' id='word_1_579' title='bbox 1241 2736 1247 2768; x_wconf 45' lang='grc' dir='ltr'>ί</span> <span class='ocrx_word' id='word_1_580' title='bbox 1269 2708 1364 2750; x_wconf 87' lang='lat' dir='ltr'>sime</span> <span class='ocrx_word' id='word_1_581' title='bbox 1417 2705 1535 2760; x_wconf 87' lang='lat' dir='ltr'>petiit</span> <span class='ocrx_word' id='word_1_582' title='bbox 1568 2721 1576 2745; x_wconf 75' lang='grc' dir='ltr'><strong><em>ε</em></strong></span> <span class='ocrx_word' id='word_1_583' title='bbox 1643 2705 1727 2747; x_wconf 88' lang='lat' dir='ltr'>Hic</span> <span class='ocrx_word' id='word_1_584' title='bbox 1785 2720 1880 2748; x_wconf 69' lang='lat' dir='ltr'>vero</span> <span class='ocrx_word' id='word_1_585' title='bbox 1925 2705 2116 2759; x_wconf 83' lang='lat' dir='ltr'>Aquilius</span> <span class='ocrx_word' id='word_1_586' title='bbox 2153 2735 2165 2753; x_wconf 81' lang='lat'>‚</span> <span class='ocrx_word' id='word_1_587' title='bbox 2215 2702 2283 2746; x_wconf 85' lang='lat' dir='ltr'>cui</span> 
     </span>
     <span class='ocr_line' id='line_1_80' title="bbox 205 2759 2284 2816; baseline 0 -12"><span class='ocrx_word' id='word_1_588' title='bbox 205 2762 271 2804; x_wconf 86' lang='lat' dir='ltr'>vir</span> <span class='ocrx_word' id='word_1_589' title='bbox 320 2761 575 2815; x_wconf 71' lang='lat' dir='ltr'>gravissimus</span> <span class='ocrx_word' id='word_1_590' title='bbox 627 2762 890 2816; x_wconf 76' lang='lat' dir='ltr'>exhalasset,</span> <span class='ocrx_word' id='word_1_591' title='bbox 940 2764 1114 2807; x_wconf 89' lang='lat' dir='ltr'>ludibrio</span> <span class='ocrx_word' id='word_1_592' title='bbox 1149 2765 1378 2808; x_wconf 77' lang='lat' dir='ltr'>lia-&#39;fraus</span> <span class='ocrx_word' id='word_1_593' title='bbox 1435 2774 1549 2804; x_wconf 83' lang='lat' dir='ltr'>extra</span> <span class='ocrx_word' id='word_1_594' title='bbox 1591 2760 1789 2813; x_wconf 87' lang='lat' dir='ltr'>judicium</span> <span class='ocrx_word' id='word_1_595' title='bbox 1841 2761 2053 2804; x_wconf 87' lang='lat' dir='ltr'>oboluerat</span> <span class='ocrx_word' id='word_1_596' title='bbox 2107 2759 2284 2811; x_wconf 82' lang='lat' dir='ltr'>judicem</span> 
     </span>
     <span class='ocr_line' id='line_1_81' title="bbox 204 2816 2286 2894; baseline -0.001 -33"><span class='ocrx_word' id='word_1_597' title='bbox 204 2819 394 2862; x_wconf 78' lang='lat' dir='ltr'>bebatur:</span> <span class='ocrx_word' id='word_1_598' title='bbox 431 2818 537 2859; x_wconf 72' lang='lat' dir='ltr'>diem</span> <span class='ocrx_word' id='word_1_599' title='bbox 574 2819 684 2860; x_wconf 86' lang='lat' dir='ltr'>enim</span> <span class='ocrx_word' id='word_1_600' title='bbox 722 2819 781 2861; x_wconf 86' lang='lat' dir='ltr'>illi</span> <span class='ocrx_word' id='word_1_601' title='bbox 814 2821 920 2863; x_wconf 85' lang='lat' dir='ltr'>dixit</span> <span class='ocrx_word' id='word_1_602' title='bbox 952 2823 1054 2875; x_wconf 88' lang='lat' dir='ltr'>apud</span> <span class='ocrx_word' id='word_1_603' title='bbox 1090 2823 1217 2876; x_wconf 88' lang='lat' dir='ltr'>Popu-</span> <span class='ocrx_word' id='word_1_604' title='bbox 1241 2839 1246 2894; x_wconf 44' lang='grc' dir='ltr'><strong>ὅ</strong></span> <span class='ocrx_word' id='word_1_605' title='bbox 1267 2835 1418 2878; x_wconf 82' lang='lat' dir='ltr'>agens,</span> <span class='ocrx_word' id='word_1_606' title='bbox 1450 2819 1517 2861; x_wconf 80' lang='lat' dir='ltr'>etsi</span> <span class='ocrx_word' id='word_1_607' title='bbox 1544 2818 1678 2873; x_wconf 80' lang='lat' dir='ltr'>detegi</span> <span class='ocrx_word' id='word_1_608' title='bbox 1709 2818 1825 2860; x_wconf 84' lang='lat' dir='ltr'>dolus</span> <span class='ocrx_word' id='word_1_609' title='bbox 1846 2819 1887 2860; x_wconf 88' lang='lat' dir='ltr'>in</span> <span class='ocrx_word' id='word_1_610' title='bbox 1915 2816 2066 2869; x_wconf 83' lang='lat' dir='ltr'>judicio</span> <span class='ocrx_word' id='word_1_611' title='bbox 2087 2832 2171 2859; x_wconf 89' lang='lat' dir='ltr'>non</span> <span class='ocrx_word' id='word_1_612' title='bbox 2198 2818 2286 2872; x_wconf 86' lang='lat' dir='ltr'>pos-</span> 
     </span>
     <span class='ocr_line' id='line_1_82' title="bbox 195 2873 2285 2934; baseline 0.003 -16"><span class='ocrx_word' id='word_1_613' title='bbox 195 2877 284 2922; x_wconf 69' lang='lat' dir='ltr'>lum</span> <span class='ocrx_word' id='word_1_614' title='bbox 317 2908 329 2929; x_wconf 89' lang='lat'>‚</span> <span class='ocrx_word' id='word_1_615' title='bbox 361 2876 414 2918; x_wconf 85' lang='lat' dir='ltr'>ob</span> <span class='ocrx_word' id='word_1_616' title='bbox 450 2874 488 2917; x_wconf 76' lang='lat' dir='ltr'>id</span> <span class='ocrx_word' id='word_1_617' title='bbox 522 2890 668 2930; x_wconf 86' lang='lat' dir='ltr'>nempe</span> <span class='ocrx_word' id='word_1_618' title='bbox 703 2878 862 2919; x_wconf 87' lang='lat' dir='ltr'>crimen</span> <span class='ocrx_word' id='word_1_619' title='bbox 887 2909 899 2930; x_wconf 92' lang='lat'>,</span> <span class='ocrx_word' id='word_1_620' title='bbox 931 2879 1038 2932; x_wconf 86' lang='lat' dir='ltr'>quod</span> <span class='ocrx_word' id='word_1_621' title='bbox 1061 2881 1218 2934; x_wconf 88' lang='lat' dir='ltr'>parcius</span> <span class='ocrx_word' id='word_1_622' title='bbox 1240 2895 1247 2922; x_wconf 76' lang='lat' dir='ltr'>i</span> <span class='ocrx_word' id='word_1_623' title='bbox 1271 2881 1351 2933; x_wconf 59' lang='grc' dir='ltr'>[εἰς</span> <span class='ocrx_word' id='word_1_624' title='bbox 1382 2892 1463 2934; x_wconf 80' lang='lat' dir='ltr'>quo</span> <span class='ocrx_word' id='word_1_625' title='bbox 1489 2889 1628 2918; x_wconf 88' lang='lat' dir='ltr'>tamen</span> <span class='ocrx_word' id='word_1_626' title='bbox 1665 2874 1823 2918; x_wconf 86' lang='lat' dir='ltr'>exitum</span> <span class='ocrx_word' id='word_1_627' title='bbox 1846 2873 2107 2931; x_wconf 81' lang='lat' dir='ltr'>praecluderet</span> <span class='ocrx_word' id='word_1_628' title='bbox 2131 2874 2285 2919; x_wconf 74' lang='lat' dir='ltr'>fraudi-</span> 
     </span>
     <span class='ocr_line' id='line_1_83' title="bbox 2210 2933 2283 2978; baseline 0.041 -3"><span class='ocrx_word' id='word_1_629' title='bbox 2210 2933 2283 2978; x_wconf 85' lang='lat' dir='ltr'>bus</span> 
     </span>
    </p>
   </div>
   <div class='ocr_carea' id='block_1_18' title="bbox 1241 2603 1247 2733">
    <p class='ocr_par' dir='ltr' id='par_1_18' title="bbox 1241 2603 1247 2733">
     <span class='ocr_line' id='line_1_84' title="bbox 1241 2603 1247 2733; baseline 0 746"><span class='ocrx_word' id='word_1_630' title='bbox 1241 2603 1247 2733; x_wconf 95' lang='lat' dir='ltr'> </span> 
     </span>
    </p>
   </div>
   <div class='ocr_carea' id='block_1_19' title="bbox 531 3012 636 3018">
    <p class='ocr_par' dir='ltr' id='par_1_19' title="bbox 531 3012 636 3018">
     <span class='ocr_line' id='line_1_85' title="bbox 531 3012 636 3018; baseline 0 0"><span class='ocrx_word' id='word_1_631' title='bbox 531 3012 636 3018; x_wconf 95' lang='lat' dir='ltr'> </span> 
     </span>
    </p>
   </div>
   <div class='ocr_carea' id='block_1_20' title="bbox 183 2928 2287 3179">
    <p class='ocr_par' dir='ltr' id='par_1_20' title="bbox 239 2928 2287 3137">
     <span class='ocr_line' id='line_1_86' title="bbox 312 2928 2287 3034; baseline 0 -14"><span class='ocrx_word' id='word_1_632' title='bbox 312 3012 412 3020; x_wconf 78' lang='lat'>—-—</span> <span class='ocrx_word' id='word_1_633' title='bbox 427 3012 529 3020; x_wconf 80' lang='lat'>-————-</span> <span class='ocrx_word' id='word_1_634' title='bbox 1240 2928 1247 3034; x_wconf 59' lang='grc' dir='ltr'>ι</span> <span class='ocrx_word' id='word_1_635' title='bbox 1272 3008 2015 3024; x_wconf 61' lang='grc'>.-.-.4-----------·----</span> <span class='ocrx_word' id='word_1_636' title='bbox 2177 3009 2287 3019; x_wconf 74' lang='lat'>——-</span> 
     </span>
     <span class='ocr_line' id='line_1_87' title="bbox 243 3035 2284 3088; baseline -0.001 -12"><span class='ocrx_word' id='word_1_637' title='bbox 243 3048 327 3088; x_wconf 69' lang='lat' dir='ltr'>(a)</span> <span class='ocrx_word' id='word_1_638' title='bbox 353 3046 418 3078; x_wconf 87' lang='lat' dir='ltr'>Cic.</span> <span class='ocrx_word' id='word_1_639' title='bbox 443 3051 500 3086; x_wconf 82' lang='lat' dir='ltr'>pro</span> <span class='ocrx_word' id='word_1_640' title='bbox 520 3047 632 3076; x_wconf 61' lang='lat' dir='ltr'>Pianc.</span> <span class='ocrx_word' id='word_1_641' title='bbox 655 3056 668 3076; x_wconf 84' lang='lat' dir='ltr'><em>c</em></span> <span class='ocrx_word' id='word_1_642' title='bbox 702 3055 748 3083; x_wconf 78' lang='lat'>¹3·</span> <span class='ocrx_word' id='word_1_643' title='bbox 802 3044 884 3085; x_wconf 80' lang='lat' dir='ltr'>(b)</span> <span class='ocrx_word' id='word_1_644' title='bbox 910 3046 977 3079; x_wconf 80' lang='lat' dir='ltr'>Cic.</span> <span class='ocrx_word' id='word_1_645' title='bbox 996 3047 1055 3077; x_wconf 29' lang='lat'>1⁴1.</span> <span class='ocrx_word' id='word_1_646' title='bbox 1073 3048 1109 3078; x_wconf 84' lang='lat' dir='ltr'>de</span> <span class='ocrx_word' id='word_1_647' title='bbox 1127 3048 1219 3079; x_wconf 68' lang='lat' dir='ltr'>Orat.</span> <span class='ocrx_word' id='word_1_648' title='bbox 1241 3035 1248 3079; x_wconf 87' lang='lat' dir='ltr'>l</span> <span class='ocrx_word' id='word_1_649' title='bbox 1269 3049 1308 3081; x_wconf 79' lang='lat' dir='ltr'>de</span> <span class='ocrx_word' id='word_1_650' title='bbox 1343 3046 1454 3078; x_wconf 75' lang='lat' dir='ltr'>Hered.</span> <span class='ocrx_word' id='word_1_651' title='bbox 1488 3043 1592 3081; x_wconf 74' lang='grc' dir='ltr'><em>ἰηβὶε.</em></span> <span class='ocrx_word' id='word_1_652' title='bbox 1622 3044 1651 3075; x_wconf 82' lang='lat'>&amp;</span> <span class='ocrx_word' id='word_1_653' title='bbox 1683 3042 1730 3080; x_wconf 75' lang='lat' dir='ltr'>ius</span> <span class='ocrx_word' id='word_1_654' title='bbox 1758 3043 1981 3084; x_wconf 69' lang='lat' dir='ltr'>posthumum</span> <span class='ocrx_word' id='word_1_655' title='bbox 2017 3043 2056 3074; x_wconf 85' lang='lat' dir='ltr'>ad</span> <span class='ocrx_word' id='word_1_656' title='bbox 2093 3043 2200 3086; x_wconf 79' lang='lat' dir='ltr'>patrui</span> <span class='ocrx_word' id='word_1_657' title='bbox 2226 3042 2284 3074; x_wconf 80' lang='lat' dir='ltr'>be-</span> 
     </span>
     <span class='ocr_line' id='line_1_88' title="bbox 239 3088 2280 3137; baseline -0.001 -16"><span class='ocrx_word' id='word_1_658' title='bbox 239 3094 285 3133; x_wconf 50' lang='grc' dir='ltr'>ζα</span> <span class='ocrx_word' id='word_1_659' title='bbox 302 3091 320 3121; x_wconf 56' lang='grc' dir='ltr'>Ὗ</span> <span class='ocrx_word' id='word_1_660' title='bbox 348 3089 461 3127; x_wconf 76' lang='lat' dir='ltr'>Lib.3.</span> <span class='ocrx_word' id='word_1_661' title='bbox 485 3090 522 3121; x_wconf 72' lang='lat' dir='ltr'>de</span> <span class='ocrx_word' id='word_1_662' title='bbox 542 3100 649 3121; x_wconf 62' lang='lat' dir='ltr'>mtur-</span> <span class='ocrx_word' id='word_1_663' title='bbox 668 3094 764 3122; x_wconf 76' lang='lat' dir='ltr'>Deor.</span> <span class='ocrx_word' id='word_1_664' title='bbox 786 3099 910 3133; x_wconf 75' lang='lat' dir='ltr'>c.=p.74.</span> <span class='ocrx_word' id='word_1_665' title='bbox 943 3090 1095 3130; x_wconf 64' lang='lat' dir='ltr'>&amp;lib.4.</span> <span class='ocrx_word' id='word_1_666' title='bbox 1123 3093 1159 3125; x_wconf 82' lang='lat' dir='ltr'>de</span> <span class='ocrx_word' id='word_1_667' title='bbox 1173 3094 1221 3135; x_wconf 79' lang='lat' dir='ltr'>of·</span> <span class='ocrx_word' id='word_1_668' title='bbox 1270 3091 1447 3126; x_wconf 80' lang='lat' dir='ltr'>reditatem</span> <span class='ocrx_word' id='word_1_669' title='bbox 1474 3088 1782 3124; x_wconf 69' lang='lat' dir='ltr'>admittendorum,</span> <span class='ocrx_word' id='word_1_670' title='bbox 1823 3091 1846 3120; x_wconf 90' lang='lat' dir='ltr'>l.</span> <span class='ocrx_word' id='word_1_671' title='bbox 1872 3100 1941 3124; x_wconf 83' lang='lat'>127.</span> <span class='ocrx_word' id='word_1_672' title='bbox 1975 3092 2019 3120; x_wconf 91' lang='lat' dir='ltr'>D.</span> <span class='ocrx_word' id='word_1_673' title='bbox 2049 3090 2086 3121; x_wconf 80' lang='lat' dir='ltr'>de</span> <span class='ocrx_word' id='word_1_674' title='bbox 2107 3090 2213 3129; x_wconf 68' lang='lat' dir='ltr'>iegat.</span> <span class='ocrx_word' id='word_1_675' title='bbox 2250 3096 2280 3137; x_wconf 45' lang='grc' dir='ltr'>ι..</span> 
     </span>
    </p>

    <p class='ocr_par' dir='ltr' id='par_1_21' title="bbox 183 3131 2278 3179">
     <span class='ocr_line' id='line_1_89' title="bbox 183 3131 2278 3179; baseline -0.001 -13"><span class='ocrx_word' id='word_1_676' title='bbox 183 3139 230 3179; x_wconf 64' lang='lat' dir='ltr'>ft:</span> <span class='ocrx_word' id='word_1_677' title='bbox 282 3137 320 3167; x_wconf 71' lang='lat'>(¹3⁴</span> <span class='ocrx_word' id='word_1_678' title='bbox 340 3140 373 3168; x_wconf 76' lang='lat' dir='ltr'>in</span> <span class='ocrx_word' id='word_1_679' title='bbox 396 3138 498 3168; x_wconf 71' lang='lat' dir='ltr'>Brut.</span> <span class='ocrx_word' id='word_1_680' title='bbox 519 3141 625 3170; x_wconf 59' lang='lat' dir='ltr'>cupro</span> <span class='ocrx_word' id='word_1_681' title='bbox 646 3136 756 3168; x_wconf 73' lang='lat' dir='ltr'>Cecin.</span> <span class='ocrx_word' id='word_1_682' title='bbox 1273 3138 1384 3170; x_wconf 75' lang='lat' dir='ltr'>vitain</span> <span class='ocrx_word' id='word_1_683' title='bbox 1423 3133 1492 3171; x_wconf 75' lang='lat' dir='ltr'>ejus</span> <span class='ocrx_word' id='word_1_684' title='bbox 1547 3134 1714 3170; x_wconf 65' lang='lat' dir='ltr'>novissime</span> <span class='ocrx_word' id='word_1_685' title='bbox 1755 3133 1866 3170; x_wconf 72' lang='lat' dir='ltr'>Celeb.</span> <span class='ocrx_word' id='word_1_686' title='bbox 1894 3134 2088 3169; x_wconf 80' lang='lat' dir='ltr'>Heineccius</span> <span class='ocrx_word' id='word_1_687' title='bbox 2123 3131 2278 3178; x_wconf 71' lang='lat' dir='ltr'>singulm</span> 
     </span>
    </p>
   </div>
   <div class='ocr_carea' id='block_1_21' title="bbox 237 3179 1647 3227">
    <p class='ocr_par' dir='ltr' id='par_1_22' title="bbox 237 3179 1647 3227">
     <span class='ocr_line' id='line_1_90' title="bbox 237 3179 1647 3227; baseline -0.002 -11"><span class='ocrx_word' id='word_1_688' title='bbox 237 3183 322 3223; x_wconf 69' lang='lat'>[“)</span> <span class='ocrx_word' id='word_1_689' title='bbox 350 3180 465 3216; x_wconf 78' lang='lat' dir='ltr'>Eidem</span> <span class='ocrx_word' id='word_1_690' title='bbox 516 3180 652 3215; x_wconf 61' lang='lat' dir='ltr'>dzbztiir</span> <span class='ocrx_word' id='word_1_691' title='bbox 699 3179 751 3219; x_wconf 80' lang='lat' dir='ltr'>jus</span> <span class='ocrx_word' id='word_1_692' title='bbox 778 3179 1000 3223; x_wconf 58' lang='lat' dir='ltr'>accrescendi,</span> <span class='ocrx_word' id='word_1_693' title='bbox 1036 3184 1063 3217; x_wconf 74' lang='grc' dir='ltr'>Ι.</span> <span class='ocrx_word' id='word_1_694' title='bbox 1093 3192 1150 3222; x_wconf 59' lang='lat' dir='ltr'>¹4r</span> <span class='ocrx_word' id='word_1_695' title='bbox 1170 3186 1222 3215; x_wconf 84' lang='lat' dir='ltr'>D.</span> <span class='ocrx_word' id='word_1_696' title='bbox 1269 3182 1422 3227; x_wconf 76' lang='lat' dir='ltr'>oratione</span> <span class='ocrx_word' id='word_1_697' title='bbox 1447 3179 1647 3214; x_wconf 68' lang='lat' dir='ltr'>illustravit.</span> 
     </span>
    </p>
   </div>
   <div class='ocr_carea' id='block_1_22' title="bbox 637 3012 847 3020">
    <p class='ocr_par' dir='ltr' id='par_1_23' title="bbox 637 3012 847 3020">
     <span class='ocr_line' id='line_1_91' title="bbox 637 3012 847 3020; baseline -0.01 0"><span class='ocrx_word' id='word_1_698' title='bbox 637 3012 847 3020; x_wconf 75' lang='grc'>,,-..-..-</span> 
     </span>
    </p>
   </div>
   <div class='ocr_carea' id='block_1_23' title="bbox 851 3013 955 3019">
    <p class='ocr_par' dir='ltr' id='par_1_24' title="bbox 851 3013 955 3019">
     <span class='ocr_line' id='line_1_92' title="bbox 851 3013 955 3019; baseline 0 0"><span class='ocrx_word' id='word_1_699' title='bbox 851 3013 955 3019; x_wconf 95' lang='lat' dir='ltr'> </span> 
     </span>
    </p>
   </div>
   <div class='ocr_carea' id='block_1_24' title="bbox 2068 3011 2171 3019">
    <p class='ocr_par' dir='ltr' id='par_1_25' title="bbox 2068 3011 2171 3019">
     <span class='ocr_line' id='line_1_93' title="bbox 2068 3011 2171 3019; baseline 0 0"><span class='ocrx_word' id='word_1_700' title='bbox 2068 3011 2171 3019; x_wconf 95' lang='lat' dir='ltr'> </span> 
     </span>
    </p>
   </div>
   <div class='ocr_carea' id='block_1_25' title="bbox 197 3014 304 3022">
    <p class='ocr_par' dir='ltr' id='par_1_26' title="bbox 197 3014 304 3022">
     <span class='ocr_line' id='line_1_94' title="bbox 197 3014 304 3022; baseline 0 457"><span class='ocrx_word' id='word_1_701' title='bbox 197 3014 304 3022; x_wconf 95' lang='lat' dir='ltr'> </span> 
     </span>
    </p>
   </div>
   <div class='ocr_carea' id='block_1_26' title="bbox 958 3012 1167 3022">
    <p class='ocr_par' dir='ltr' id='par_1_27' title="bbox 958 3012 1167 3022">
     <span class='ocr_line' id='line_1_95' title="bbox 958 3012 1167 3022; baseline 0 457"><span class='ocrx_word' id='word_1_702' title='bbox 958 3012 1167 3022; x_wconf 95' lang='lat' dir='ltr'> </span> 
     </span>
    </p>
   </div>
   <div class='ocr_carea' id='block_1_27' title="bbox 2488 1479 2524 3479">
    <p class='ocr_par' dir='ltr' id='par_1_28' title="bbox 2488 1479 2524 3479">
     <span class='ocr_line' id='line_1_96' title="bbox 2488 1479 2524 3479; baseline 0 0"><span class='ocrx_word' id='word_1_703' title='bbox 2488 1479 2524 3479; x_wconf 95' lang='lat' dir='ltr'> </span> 
     </span>
    </p>
   </div>
  </div>
 </body>
</html>
