2524 3479
467 134 994 191 DEDICATIO
1063 132 1183 184 AD
1246 121 1841 181 CLEMENTEM
1906 120 2012 172 XI.
2263 138 2321 172 xi:

176 212 405 277 dequaque
429 210 647 259 imitanda
677 209 781 256 sciat
801 206 1152 261 esserradtffitam
1175 217 1189 254 J
1228 201 1346 262 Quis
1379 218 1488 248 vero
1519 196 1644 245 inani
1673 198 1717 243 8<
1751 193 1912 260 puerili
1950 190 2325 240 doetrinaimbu.

181 294 276 336 ωε,
316 279 579 345 turgidaque
615 275 918 322 recentiorum
956 289 1217 335 temporum
1251 267 1453 314 facundia
1490 264 1667 314 inflatus
1703 258 2005 326 grauiores&
2037 259 2322 307 sublimiores

181 344 409 392 doetrinas
429 344 591 392 vicerit
621 341 738 405 apud
763 359 864 387 eum
889 338 1157 386 Pontificem
1180 371 1191 392 ‚
1230 335 1281 382 ad
1300 350 1434 397 quem
1464 329 1786 379 instituendum
1819 326 2030 376 omnium
2058 343 2329 388 temporum

180 410 411 458 seleffliora
444 409 582 457 studia
610 407 900 457 confluxere?
939 409 1094 467 Quem
1126 405 1179 450 ab
1200 401 1376 448 ineunte
1395 413 1522 449 aetate
1548 396 1738 444 latinam
1769 393 2078 459 eloquentiam
2099 392 2325 441 addisce&

181 493 275 523 tem
300 475 507 524 Tulliani
544 474 685 522 saeculi
723 476 800 520 lux
833 476 878 520 ὃς
913 472 1083 520 candor
1110 468 1348 530 excoluit3
1384 465 1459 513 ,cui
1495 463 1548 512 ad
1582 480 1742 528 graecas
1763 462 1915 509 literas
1947 460 2107 524 cupide
2143 477 2328 525 progre-

179 542 320 591 dienti
343 579 356 601 ,
395 561 494 589 cum
514 541 722 589 omnium
747 540 1036 598 inventorum
1054 575 1065 595 ‚
1102 553 1234 600 atque
1268 532 1433 579 artium
1467 531 1642 579 suarum
1661 527 1802 592 copiis
1820 527 2071 575 Academia
2090 526 2327 586 universa,¹

181 627 374 673 cumque
401 609 698 656 Demostenea
719 606 763 654 vi
786 643 798 664 ,
838 623 971 669 atque
992 604 1249 669 frugalitate
1269 599 1482 647 Atticum
1501 598 1651 644 forum
1682 596 1942 642 exultanter
1959 594 2157 641 occurrit
2177 628 2187 641 .
2227 589 2327 653 Qui

181 674 572 740 jurisprudentiam
594 675 646 720 ab
665 672 894 721 Antonini
916 690 1043 719 aetate
1065 709 1077 728 ,
1103 666 1405 731 Tlieologiam
1427 684 1450 711 a
1469 662 1797 711 Theodosianis
1818 660 2098 723 temporibus
2117 658 2327 722 arripuit,

182 742 423 807 omnesque
442 741 666 789 doetrinas
695 757 827 804 atque
863 754 976 792 artes
996 757 1017 785 e
1039 736 1293 801 purioribus
1313 731 1512 780 fontibus
1530 728 1751 777 arcessivit
1771 764 1782 774 .
1820 731 1887 774 Eo
1906 730 2030 775 cultu
2051 763 2063 785 ‚
2102 742 2236 790 atque
2259 724 2326 773 se-

183 808 376 859 veritate
401 808 647 854 studiorum
667 810 844 853 Tecum
879 805 930 852 ad
966 805 1219 867 supremum
1240 798 1441 847 Ecclesiae
1461 796 1686 861 fastigium
1705 795 1865 842 reduce
1885 829 1899 851 ,
1938 812 2029 842 non
2070 791 2332 856 Principem,

120 939 123 941 μ
183 875 386 922 literulas
409 877 603 921 alentem
622 873 879 920 videbimus
903 874 947 918 8<
966 870 1209 936 argutiolas
1230 887 1244 934 3
1281 867 1351 914 sed
1386 863 1692 913 Hernicorum
1725 878 1979 925 temporum
2000 858 2322 916 eruditionem,

182 941 507 1004 &sapientiam
528 939 813 987 suscitantem
840 939 1133 1002 aspicieiii·i153
1174 932 1461 996 Romanique
1495 929 1603 993 juris
1638 928 1918 992 Majestatein
1957 926 2125 988 jamdiu
2164 926 2328 982 obum-

184 1008 355 1054 bratam
392 1007 491 1053 foro
526 1006 780 1053 reddentem
804 1041 815 1062 ,
851 1010 894 1055 ὃς
931 1005 983 1052 ad
1015 1002 1179 1051 veteris
1213 1000 1415 1047 Ecclesiae
1435 998 1648 1063 pietatem
1669 1031 1681 1051 ‚
1719 992 2326 1059 atque‚do&rinamnost1·a-

184 1073 302 1119 tium
321 1073 584 1120 criticorum
605 1072 821 1136 religione
842 1110 853 1130 ,
893 1088 1021 1135 atque
1041 1069 1207 1133 judicio
1227 1066 1463 1129 expensam
1483 1067 1526 1110 8<
1547 1062 1779 1109 excogiam
1801 1097 1813 1118 ‚
1853 1078 2032 1108 auream
2067 1060 2195 1107 illam
2231 1059 2328 1106 eloe

180 1140 416 1203 quentiam
446 1139 764 1203 adjungentem
785 1176 798 1199 ,
836 1156 970 1203 quam
990 1137 1036 1183 in
1057 1136 1236 1186 Italiam
1258 1169 1270 1189 ‚
1309 1131 1482 1180 Leonis
1513 1133 1568 1175 X.
1598 1127 1895 1178 beneficentia
1915 1163 1928 1184 ,
1966 1143 2225 1177 revocatam
2248 1142 2328 1172 no-

185 1223 244 1252 va
262 1204 477 1252 sermonis
495 1206 708 1266 contagio
736 1224 847 1267 pene
884 1203 1168 1266 profligavit.
1207 1203 1359 1260 Quam
1390 1197 1491 1243 sane
1510 1212 1690 1242 morum
1725 1210 1859 1256 atque
1893 1195 2113 1241 bonarum
2147 1192 2319 1240 artium

187 1271 452 1318 felicitatem
481 1287 614 1333 prope
633 1270 852 1331 adspirare
871 1270 1003 1319 video
1018 1306 1030 1325 ,
1071 1268 1165 1332 post
1192 1282 1324 1329 quam
1347 1262 1558 1326 exemplo
1574 1263 1682 1307 Tuo
1701 1277 1750 1306 ea
1768 1259 1963 1307 defertur
1982 1259 2185 1305 conditio
2206 1257 2322 1322 peti-

189 1337 388 1393 toribus,
429 1351 475 1381 ut
495 1352 569 1382 aut
590 1335 680 1399 spes
713 1338 939 1386 honorum
958 1335 1017 1383 eis
1036 1332 1294 1397 deponenda
1314 1330 1390 1386 sit,
1428 1345 1505 1376 aut
1536 1327 1705 1375 vetusta
1737 1343 1917 1373 morum
1950 1328 1993 1372 8<
2014 1325 2328 1375 dostrinarum

188 1402 396 1450 sanetitas
417 1402 654 1466 repetenda
672 1438 682 1448 .
721 1404 848 1451 Hinc
866 1407 942 1451 Tu
962 1441 974 1459 ,
1018 1403 1225 1464 Princeps
1254 1396 1569 1445 humanissime
1587 1431 1599 1451 ,
1640 1392 1735 1440 voti
1756 1410 1943 1455 compos
1961 1391 2040 1439 fies
2054 1428 2066 1448 ,
2104 1394 2149 1439 8<
2170 1391 2331 1438 severi-

188 1485 330 1515 tatem
351 1504 363 1525 ,
399 1486 494 1532 quae
513 1469 718 1516 animum
737 1487 866 1516 tuum
886 1489 909 1516 a
927 1468 1159 1518 dominatu
1180 1465 1409 1513 avertebat
1430 1499 1442 1519 ,
1483 1459 1695 1524 effugies:
1733 1459 1935 1506 moribus
1958 1458 2082 1507 enim
2116 1457 2234 1504 reS’ta
2261 1456 2330 1502 di-

189 1534 402 1598 sciplina,
441 1537 485 1582 8<
521 1535 750 1584 literarum
780 1539 955 1584 cultura
989 1533 1279 1599 compositis,
1319 1529 1655 1577 defletorum&
1693 1525 1913 1575 vitiorum
1947 1524 2114 1575 semina
2150 1523 2332 1575 tandem

192 1601 430 1666 extingues
449 1638 461 1659 ,
500 1618 547 1649 ut
567 1602 803 1651 severitate
821 1603 932 1660 Tibi
954 1621 1044 1651 non
1065 1602 1117 1648 sit
1136 1598 1354 1648 utendum
1374 1632 1386 1654 ‚
1426 1595 1642 1659 quoniam
1677 1592 1803 1642 bonis
1828 1590 2132 1639 dominaberis
2153 1608 2166 1656 ;
2206 1606 2332 1653 pote-

190 1668 336 1732 risque
365 1669 710 1717 clementissime
731 1707 743 1728 ,
783 1686 913 1734 atque
931 1687 985 1716 ex
1008 1667 1148 1715 animi
1170 1665 1232 1714 tui
1254 1662 1480 1713 sententia
1515 1662 1734 1724 imperare
1753 1695 1763 1707 .
1806 1663 1915 1707 Non
1935 1658 2056 1706 enim
2093 1655 2334 1705 clementia

192 1735 251 1782 est
273 1752 449 1798 parcere
483 1736 683 1783 sontibus
703 1773 714 1794 ‚
753 1754 944 1801 quorum
964 1735 1063 1783 vita
1097 1751 1166 1781 tot
1195 1732 1254 1779 est
1284 1728 1537 1779 insontibus
1558 1725 1723 1773 noxia:
1765 1726 1834 1772 sed
1854 1744 1903 1773 ea
1931 1725 2112 1772 demum
2144 1741 2248 1785 veiga
2272 1723 2333 1770 est

191 1800 460 1858 clementia,
501 1820 736 1850 numerum
768 1821 927 1868 augere
957 1803 1178 1851 bonorum
1215 1797 1348 1847 regiis
1397 1793 1781 1850 institutionibus,
1820 1791 1958 1856 iisque
1994 1791 2164 1837 aditum
2199 1788 2338 1854 sepire

188 1867 458 1915 criminibus
472 1905 484 1926 ‚
524 1886 571 1916 ut
589 1888 722 1935 quam
742 1870 958 1918 rariffime
982 1884 1189 1933 oporteat
1208 1866 1292 1912 effe
1311 1864 1516 1915 severum
1536 1897 1546 1906 .
1583 1859 1819 1920 Quoniam
1851 1877 1959 1907 vero
1979 1855 2093 1905 haud
2114 1856 2238 1921 pauci
2273 1874 2337 1902 re-

194 1934 460 1998 periuntur,
499 1938 577 1998 qui
613 1955 759 1984 ramos
789 1938 1011 1984 malorum
1047 1932 1297 1981 deciderint
1326 1948 1341 1995 3
1382 1929 1578 1976 radicem
1622 1944 1728 1973 vero
1779 1926 1856 1990 qui
1886 1923 2165 1981 tentaverit,
2203 1922 2341 1969 adhuc

197 2018 333 2047 nemo
355 2019 364 2047 :
404 2003 448 2047 8<
469 2002 583 2048 v'itia
612 2005 873 2068 plerumque
895 2002 1035 2050 studio
1064 1999 1250 2049 virtutis
1267 2016 1357 2045 non
1394 1995 1680 2059 deponuntur
1697 2029 1710 2050 ,
1749 1993 1817 2038 sed
1837 1994 1937 2056 fuga
1958 2008 2188 2056 poenarum
2210 2007 2224 2054 3
2265 2007 2341 2035 co-

192 2083 361 2131 guntur
380 2066 611 2131 Principes
642 2069 878 2118 atrocitate
906 2071 1185 2116 decretorum
1209 2083 1284 2112 eos
1317 2063 1573 2110 exulcerare
1593 2098 1605 2118 ,
1643 2059 1716 2123 qui
1741 2059 1817 2105 vel
1849 2060 2133 2122 voluptatem
2165 2074 2218 2103 ex
2239 2062 2340 2119 pro-

194 2133 306 2205 priis
325 2169 338 2189 ‚
376 2136 452 2179 vel
473 2134 717 2182 utilitatem
741 2154 797 2182 ex
829 2135 987 2182 alienis
1016 2134 1145 2182 vitiis
1177 2130 1398 2193 capiunt3
1438 2127 1606 2192 quique
1627 2162 1639 2183 ,
1678 2125 1771 2172 illis
1799 2124 1958 2175 ablatis
1978 2162 1990 2181 ,
2029 2122 2339 2188 quotidianam

194 2216 330 2246 etiam
365 2199 469 2260 vitae
500 2202 843 2266 occupationem
881 2201 1173 2251 amitterent.
1212 2201 1289 2246 'Fu
1326 2214 1466 2251 vero,
1503 2195 1580 2258 qui
1612 2192 1834 2239 virtutum
1867 2191 2074 2238 omnium
2109 2189 2343 2236 scientiam

194 2265 328 2312 habes
353 2267 396 2312 8<
427 2266 549 2313 usum
573 2305 585 2326 ‚
625 2269 846 2331 exemplis
864 2269 980 2316 Tuis
1000 2305 1013 2326 ‚
1052 2271 1096 2315 8<
1131 2284 1252 2313 nova
1286 2260 1549 2311 emendandi
1584 2274 1676 2305 arte
1705 2258 1881 2306 animos
1907 2257 1959 2305 ad
1993 2257 2092 2304 illas
2111 2255 2220 2304 adeo
2240 2274 2344 2302 con-

195 2331 471 2389 docefacies‚
511 2351 559 2381 ut
580 2334 733 2383 sensim
765 2334 973 2382 dele&ati
996 2333 1260 2381 melioribus
1281 2367 1293 2387 ,
1330 2328 1554 2377 deteriora
1584 2326 1665 2373 sint
1696 2324 1933 2388 reliffluiig
1972 2342 2020 2371 ac
2055 2342 2134 2370 nec
2154 2324 2342 2385 opinan-

195 2414 261 2444 tes
280 2416 302 2444 a
326 2398 517 2471 sensibus
536 2402 722 2463 jucunde
751 2401 965 2463 deceffuri
1001 2400 1054 2447 ad
1088 2400 1390 2454 honestatem.
1429 2399 1586 2457 Itaque
1623 2391 1868 2442 virtutibus
1897 2390 2042 2438 illatis
2062 2427 2074 2447 ‚
2113 2390 2226 2437 vitia
2248 2389 2336 2435 fine

196 2464 384 2538 satellite
405 2502 417 2522 ‚
458 2485 505 2513 ac
525 2468 613 2515 sine
632 2486 748 2517 voce
771 2467 982 2533 praeconis
1018 2467 1262 2513 exulabunt
1278 2500 1288 2513 .
1324 2466 1428 2510 Tua
1447 2479 1556 2509 vero
1575 2457 1772 2523 gravitas
1810 2456 2057 2506 lenitudine
2076 2471 2339 2521 temperata,

196 2531 373 2603 orisque
407 2534 606 2595 majestas
644 2535 920 2599 benignitate
946 2532 1127 2581 condita
1149 2568 1160 2589 ,
1199 2527 1443 2591 suffusaque
1477 2525 1672 2574 suaviter
1712 2525 1913 2572 moribus
1935 2560 1946 2581 ,
1985 2526 2029 2570 8<
2060 2521 2340 2570 sermonibus

199 2599 317 2644 Tuis
345 2596 501 2646 decora
526 2637 539 2659 ,
577 2604 620 2650 8<
658 2602 849 2649 verenda
885 2599 1073 2647 comitas
1094 2636 1106 2657 ,
1145 2615 1295 2645 nonne
1329 2595 1498 2654 fastum·
1520 2591 1744 2656 deprimet
1768 2629 1779 2650 ‚
1815 2594 1859 2639 8<
1879 2589 2124 2655 superbiam
2143 2589 2337 2653 depellet

199 2680 435 2737 procerum
461 2665 643 2714 illorum
665 2704 677 2725 ,
717 2668 793 2732 qui
815 2668 1075 2715 tenuiorum
1096 2678 1330 2712 contemtu
1350 2697 1361 2719 ,
1400 2663 1443 2707 8<
1462 2658 1655 2724 petitoris
1673 2675 1852 2706 tumore
1872 2695 1884 2716 ‚
1922 2674 2055 2722 atque
2079 2656 2236 2721 capitis
2255 2657 2342 2702 ela-

197 2745 325 2777 tione
343 2731 459 2779 celso
475 2769 487 2791 ,
525 2733 807 2798 fulgentique
841 2735 894 2780 de
913 2751 1043 2781 curru
1062 2730 1141 2778 fibi
1172 2729 1384 2776 videntur
1401 2726 1601 2788 praeferre
1619 2725 1751 2773 fasces
1771 2762 1783 2783 ,
1818 2728 1863 2773 8<
1895 2725 1939 2772 in
1960 2725 2134 2789 privata
2164 2723 2340 2770 fortuna
2394 2720 2395 2723 ¹

198 2798 380 2871 publice
399 2799 651 2862 imperare?
690 2806 846 2864 Atque
864 2818 964 2847 cum
985 2799 1149 2846 divinae
1167 2814 1324 2844 omnes
1343 2792 1481 2845 animi
1500 2791 1560 2840 tui
1581 2792 1707 2840 dotes
1742 2791 1787 2839 in
1808 2791 2111 2840 universarum
2131 2788 2338 2856 gentium

192 2865 442 2937 utili-tatem
461 2865 705 2915 redundent
727 2886 736 2914 ε
779 2867 811 2914 ii
833 2867 968 2914 etiam
991 2904 1003 2924 ‚
1040 2865 1115 2929 qui
1135 2862 1399 2927 jampridem
1421 2859 1676 2924 patrocinio
1694 2863 1801 2906 Tuo
1821 2859 2104 2924 perfruuntur
2124 2893 2135 2914 ,
2175 2873 2265 2920 quo
2285 2854 2338 2901 il·

199 2929 244 2974 lo
261 2930 386 2994 digni
415 2931 685 2991 videantur,
725 2950 853 2981 motu
884 2934 1089 2980 feruntur
1121 2930 1279 2978 eodem
1307 2947 1316 2975 :
1356 2926 1404 2978 ut
1422 2931 1465 2975 8<
1486 2926 1564 2992 ipsi
1599 2945 1678 2991 pro
1699 2925 1817 2975 virili
1852 2925 2021 2990 aliquid
2041 2922 2217 2988 publice
2242 2937 2339 2986 pro-

203 2993 316 3060 desse
334 2997 507 3060 cupiant
527 3035 537 3046 .
577 3002 712 3059 Quos
736 2999 853 3047 inter
873 3036 884 3056 ,
922 3002 966 3046 8<
997 3017 1079 3063 ego
1099 3033 1112 3054 ‚
1150 2996 1227 3061 qui
1258 2995 1413 3044 omnia
1445 3011 1528 3041 tuae
1562 2994 1678 3040 solus
1712 2992 2017 3045 beneficentiae
2052 2990 2226 3048 debeo,
2264 3003 2340 3051 per

202 3077 335 3132 quam
366 3064 503 3135 etiam
523 3066 576 3112 ab
597 3070 934 3114 INNOCENTH
965 3069 1073 3112 XII.
1105 3063 1385 3128 benignitate
1418 3060 1648 3125 publicum
1683 3060 1790 3122 juris
1819 3057 2007 3107 docendi
2035 3074 2196 3104 munus
2214 3071 2334 3102 acce·

200 3143 245 3190 pi
266 3144 281 3191 3
321 3144 521 3178 animum
555 3131 715 3182 induxi
750 3151 901 3182 meum
918 3169 931 3191 ‚
971 3149 1019 3180 ut
1044 3130 1220 3198 privata
1238 3146 1417 3196 quoque
1436 3127 1576 3175 studia
1594 3127 1640 3175 in
1665 3145 1906 3175 commune
1926 3124 2190 3174 adducerem
2211 3156 2222 3177 ‚
2260 3118 2336 3164 ab·

1356 3196 1384 3242 b
1454 3209 1481 3241 2
2228 3182 2345 3230 solu-
