2596 3479
614 76 745 132 ET
831 63 1962 129 SENATUSCONSULTIS.

198 154 250 202 tis
283 154 422 212 legatae
453 168 463 197 t
518 152 573 197 ita
616 166 659 196 ut
694 163 834 206 praeter
865 149 1043 204 legatum
1077 146 1182 191 dotis
1216 179 1227 198 ‚

196 230 299 260 uxor
333 215 485 256 bonore
520 208 774 255 matrimonii
808 207 935 251 etiarn
965 205 1132 249 decimae
1163 220 1228 248 ca-

193 272 351 328 piendae
383 271 441 321 jus
475 269 662 313 haberet.
695 268 760 317 (a)
792 265 948 309 Eadem
974 263 1133 307 decima
1158 263 1225 305 bo-

190 345 342 373 norum
374 343 486 381 erat,
521 342 605 370 non
637 323 872 367 hereditatis
898 323 1058 378 portio,
1089 322 1137 365 ad
1158 320 1220 363 he-

188 386 406 432 reditatem
431 385 573 436 enim,
607 397 696 438 quae
719 381 911 425 solvendo
938 396 1021 422 non
1047 380 1128 433 est,
1162 378 1226 422 lex

190 445 316 499 Papia
349 459 432 487 non
468 440 713 497 porrigitur:
748 439 813 492 (b)
846 437 1072 481 &decimae
1096 452 1222 494 quan-

186 503 284 547 titas
317 500 532 554 praestanda
563 499 643 552 est,
676 495 854 541 detrae‘ta
885 495 997 551 prius
1029 495 1224 548 Falcidia,

188 563 281 614 (c)
312 557 582 613 detraffisque
615 557 732 600 rebus
763 571 834 611 per
866 552 1223 596 fideicommissum

186 616 339 660 relisiis
369 648 379 658 .
404 617 441 664 ⁴(
460 617 523 667 d)
556 616 612 658 Et
643 612 750 668 quod
783 611 1018 667 legitimum
1053 609 1224 653 modurn

181 676 263 728 (⁸)
294 672 536 725 excesserit,
570 670 836 727 praestandum
868 669 921 712 est
948 700 961 722 ,
1005 669 1032 711 si
1062 684 1112 712 ex
1145 666 1224 711 alia

181 732 298 777 causa
322 763 334 785 ‚
384 729 512 774 veluti
546 728 688 773 crediti
716 760 728 782 ,
776 739 846 771 aut
878 725 1075 770 mercedis
1105 725 1221 769 debe-

181 800 252 834 tur
284 821 296 844 ,
346 788 444 832 dum
475 804 499 832 a
531 785 728 844 legatario
759 785 952 828 doceatur
989 814 1002 837 ‚
1050 798 1223 827 omnem

179 845 285 903 legis
317 846 500 889 fraudem
531 843 682 888 abesse.
714 844 773 895 (e)
798 844 872 885 Ob
902 842 1074 885 eandem
1096 841 1220 884 ratio-

177 919 279 948 nem
321 902 516 960 quidquid
559 918 581 945 a
625 900 826 958 legatario
858 900 906 943 ad
937 898 1220 944 conditionem

177 960 436 1016 implendam
470 958 679 1003 confertur
699 991 712 1012 ‚
747 958 831 1014 peti
853 970 996 1014 praeter
1015 956 1220 1001 decimam

176 1019 305 1075 potest
342 1050 355 1072 ,
406 1017 649 1074 cogiturque
693 1016 809 1061 heres
852 1014 1023 1067 adjicere
1054 1014 1222 1059 decimae

176 1075 374 1132 quidquid
417 1091 466 1119 ex
498 1091 544 1118 ea
576 1074 824 1119 conditionis
856 1072 1075 1129 implendae
1107 1071 1222 1116 causa

177 1133 405 1178 detraftum
436 1133 536 1184 (⁴⁴³)
575 1131 828 1188 a'legatario
861 1130 940 1174 fuit
966 1162 975 1174 .
1009 1125 1103 1184 (f)
1136 1130 1221 1172 Ve-

174 1206 270 1235 rum
318 1189 546 1246 prohibitio
591 1189 708 1233 solidi
753 1187 940 1245 capiendi
982 1203 1031 1231 ex
1065 1185 1221 1231 mutuis

176 1247 439 1293 testamentis
469 1246 574 1290 faeta
606 1245 848 1301 conjugibus
878 1245 927 1289 ad
956 1244 1136 1289 aliorum
1164 1255 1222 1286 te-

173 1306 376 1369 stamenta
408 1320 494 1347 non
526 1304 763 1349 extenditur
788 1335 800 1358 ‚
843 1303 888 1347 in
920 1302 1067 1359 quibus
1100 1313 1221 1345 utun-

175 1374 244 1407 tur
274 1377 359 1414 1ure
390 1363 606 1405 communi
633 1378 643 1404 ε
678 1373 889 1417 propterea
920 1375 1024 1404 uxor
1047 1390 1060 1412 ‚
1091 1373 1180 1414 quae
1200 1374 1222 1400 a

173 1420 328 1465 marito
373 1419 580 1463 substituta
613 1418 771 1475 pupillo
804 1418 936 1463 fuerat
968 1448 982 1471 ‚
1031 1414 1222 1473 quamvis

174 1494 227 1527 ex
257 1478 501 1522 testamento
532 1477 672 1520 mariti
708 1508 721 1531 ,
758 1476 882 1520 >nihil
928 1474 1037 1519 ultra
1081 1472 1222 1529 legiti-

173 1552 295 1580 mum
327 1535 498 1578 modurn
530 1550 673 1590 capere
709 1535 825 1590 possit
858 1565 871 1586 ‚
921 1532 965 1576 &
1009 1531 1222 1588 pupillaris

175 1592 405 1637 substitutio
437 1591 484 1634 fit
518 1608 609 1647 pars
639 1591 870 1635 testamenti
905 1590 1065 1646 paterni
1100 1605 1113 1644 3
1164 1601 1224 1632 ta-

156 1667 278 1696 ·men
310 1650 337 1693 sl
369 1662 513 1706 praeter
546 1650 652 1693 bona
684 1648 809 1704 patris
839 1649 947 1692 bona
968 1647 1131 1704 propria
1152 1662 1225 1703 pu-

177 1708 271 1765 pilli
304 1709 559 1763 reperientur
588 1706 635 1751 in
669 1706 925 1760 hereditate,
960 1705 1138 1749 minime
1171 1703 1222 1747 ab

178 1767 229 1811 iis
271 1777 404 1809 mater
444 1764 658 1808 arcebatur
683 1796 697 1819 ,
742 1763 840 1821 quia
889 1762 959 1808 etsi
994 1762 1071 1807 viri
1104 1762 1220 1806 testa-

180 1835 326 1868 mento
360 1822 569 1866 substituta
595 1853 605 1873 ‚
640 1822 749 1866 bona
780 1833 921 1866 tamen
954 1819 1102 1877 pupilli
1136 1835 1220 1863 non

182 1882 233 1926 ab
263 1879 406 1925 eadem
439 1880 607 1936 persona
630 1911 653 1934 ‚.
675 1886 825 1936 nempe
856 1896 879 1923 a
911 1879 1088 1932 marito,
1121 1876 1183 1922 sed
1203 1894 1224 1920 a

181 1937 342 1996 pupillo
373 1953 515 1993 capere
547 1938 760 1981 videbatur
784 1969 794 1980 .
825 1938 912 1993 (g)
946 1936 1066 1992 Quod
1097 1935 1225 1981 etiam

182 1997 362 2051 benigna
401 1996 747 2051 ,interpretatione
778 1995 1103 2040 minuendarum
1136 2009 1221 2050 poe-

183 2068 334 2098 narum
366 2053 482 2096 causa
514 2065 724 2108 receptum
759 2053 839 2096 fuit
876 2085 886 2096 .
930 2052 1053 2096 Unde
1086 2051 1113 2095 si
1147 2052 1179 2095 is
1211 2082 1224 2105 ‚

182 2111 253 2168 qui
287 2110 517 2154 substitutus
549 2110 709 2166 pupillo
740 2110 845 2165 fuit,
878 2125 1052 2154 uxorem
1073 2109 1226 2153 habue-

181 2171 236 2213 ris
282 2167 485 2212 moriente
529 2168 688 2224 pupillo
723 2184 736 2223 3
781 2168 842 2212 sed
875 2166 1080 2212 moriente
1114 2178 1225 2224 patre

184 2226 369 2270 testatore
402 2224 533 2269 fuisset
566 2225 717 2270 coelebs
743 2243 759 2267 .·
803 2226 993 2283 quamvis
1023 2226 1076 2270 ob
1108 2224 1224 2270 coeli·

183 2285 300 2328 batus
333 2298 500 2338 poenam
536 2283 733 2327 testatoris
765 2282 992 2328 hereditate
1027 2283 1227 2339 privetur,

182 2341 360 2385 minime
394 2353 536 2384 tamen
568 2357 710 2397 capere
745 2341 985 2396 prohibetur
1015 2357 1065 2386 ex
1094 2341 1225 2385 substi-

182 2398 346 2443 tutione
379 2397 610 2453 pupillari,
655 2398 752 2456 quia
783 2399 988 2444 moriente
1022 2399 1181 2456 pupillo
1215 2432 1226 2451 ‚

185 2471 318 2514 poenae
349 2454 451 2511 legis
481 2470 569 2500 non
597 2468 685 2500 erat
714 2456 918 2502 obnoxius
946 2489 956 2500 .
989 2457 1079 2510 (h)
1108 2460 1168 2500 At
1200 2457 1225 2500 si

188 2588 539 2604 -—·--———

236 2627 297 2668 (a)
322 2628 360 2658 L.
377 2634 429 2665 53.
441 2623 480 2669 ff
495 2627 534 2659 de
550 2627 650 2669 tegat.
669 2638 700 2660 2.

234 2670 296 2712 (b)
320 2674 363 2704 L.
377 2680 430 2712 72.
443 2669 483 2714 ff
500 2672 538 2704 de
553 2672 653 2705 bned.
671 2670 864 2712 instituend-

236 2716 286 2757 (ι)
311 2719 350 2749 L·
365 2721 420 2757 67.
433 2715 473 2760 ff.
488 2717 533 2749 ad
543 2719 566 2749 1.
585 2719 715 2751 Falcid.

240 2762 298 2800 (A)
324 2762 360 2792 L.
377 2773 433 2801 42.
447 2762 485 2794 de
500 2764 602 2806 legat.
623 2774 654 2795 2.

241 2808 289 2847 ι’)
320 2809 341 2837 P
352 2816 409 2840 uta
421 2806 584 2840 decimam
596 2808 760 2842 bonorum
772 2829 783 2841 .

240 2850 289 2892 (e)
321 2855 359 2884 L.
377 2864 431 2893 27·
444 2851 484 2896 ff
499 2853 538 2885 de
560 2853 683 2895 probat.
700 2857 722 2887 Ι.
739 2865 810 2887 cum
828 2854 900 2898 quis
917 2853 1020 2899 37.ff.
1036 2856 1073 2888 de
1086 2857 1150 2899 leg.
1169 2864 1201 2894 3·

913 2589 1228 2606 ἠ*-

2206 79 2309 130 271

1278 144 1397 189 uxori
1430 143 1588 188 decima
1621 142 1755 198 legata
1789 140 1835 183 sit
1862 172 1875 193 ‚
1906 139 1949 181 ὃς
1980 137 2127 181 fundus
2160 139 2280 180 Titio
2302 170 2315 191 ‚

1277 203 1429 255 adjeSm
1460 200 1697 246 conditione
1723 231 1736 254 ‚
1781 198 1808 241 fi
1841 195 1960 242 uxori
1993 195 2188 239 testatoris
2220 210 2317 239 cen-

1279 275 1367 305 tum
1399 260 1588 312 dederit,
1637 274 1684 302 ea
1716 271 1886 301 centum
1924 254 2111 310 ponenda
2146 253 2234 316 sunt
2268 255 2314 298 in

1277 320 1436 362 ratione
1466 318 1668 370 decimae;
1701 315 1795 372 quia
1827 313 2018 372 quamvis
2049 329 2071 354 a
2102 311 2223 374 Titio
2249 313 2318 356 da-

1276 389 1314 420 ta
1349 376 1502 420 fuerint
1528 408 1541 430 ‚
1572 390 1622 419 ex
1656 374 1790 431 legato
1823 387 1965 417 tamen
1998 369 2197 414 testatoris
2222 387 2317 426 per-

1275 446 1476 479 venerunt
1496 465 1507 487 ,
1540 431 1652 484 cujus
1683 431 1934 483 conditionis
1965 427 2188 485 implendae
2219 444 2316 472 eau-

1276 493 1313 537 sa
1352 491 1498 536 Titius
1529 504 1699 535 centum
1729 488 1918 546 erogavit
1943 520 1953 531 .
2002 488 2078 542 (i)
2122 485 2315 531 Prohibi-

1274 551 1333 594 tio
1366 566 1461 594 vero
1494 549 1579 593 haec
1612 547 1727 592 solidi
1758 546 1946 603 capiendi
1978 545 2088 590 inter
2121 543 2328 600 conjuges,

1274 620 1466 665 perpetua
1510 622 1596 651 non
1639 616 1727 650 erat
1764 637 1776 660 ‚
1820 620 1918 648 nam
1951 619 2037 648 non
2069 603 2318 659 complefi‘te-

1272 668 1390 710 batur
1419 681 1486 710 eos
1508 697 1521 720 ‚
1550 665 1616 718 (k)
1648 679 1826 722 quorum
1852 677 1948 706 aetas
1973 661 2053 719 legi
2075 662 2207 718 Papiae
2228 676 2316 704 non

1270 724 1595 780 obstringebatur
1616 754 1629 776 ‚
1664 720 1791 765 veluti
1824 720 1853 764 fi
1885 719 2079 777 conjuges
2104 752 2118 775 ‚
2149 732 2218 764 aut
2251 718 2330 762 al-'

1271 795 1333 836 ter
1363 797 1508 826 eorum
1538 779 1622 833 ejus
1652 779 1782 824 aetatis
1813 778 2000 823 nondum
2031 777 2155 823 essent
2179 809 2192 833 ‚
2224 792 2317 833 quae

1273 840 1418 884 liberos
1448 839 1662 896 exigebat,
1696 853 1845 893 nempe
1866 836 1930 880 v'ir
1948 851 2154 880 annorum
2168 835 2313 880 XXV.

1271 914 1375 942 uxor
1398 899 1510 951 XX;
1543 895 1607 940 ve'l
1640 911 1771 939 annos
1798 895 1886 951 lege
1908 892 2130 951 praefinitos
2153 893 2198 937 iu
2226 908 2314 936 ma-

1270 955 1473 1000 trimonio
1503 953 1751 998 excessissent
1776 985 1788 1006 ‚
1821 967 1970 1008 nempe
2002 950 2153 996 mulier
2182 949 2316 1007 egres-

1273 1014 1308 1056 sa
1338 1012 1432 1057 esset
1463 1027 1573 1055 anuo
1607 1014 1651 1055 L.
1687 1011 1748 1054 vir
1768 1012 1856 1055 LX.
1889 1009 2077 1066 Cognati
2103 1021 2314 1066 praeterea,

1271 1079 1315 1115 ut
1345 1070 1524 1114 diximus
1551 1101 1563 1123 ‚
1593 1069 1662 1125 qui
1696 1068 1740 1112 in
1773 1067 2094 1112 matrimonium
2127 1065 2313 1119 coissent,

1270 1128 1391 1184 usque
1423 1127 1470 1170 ad
1505 1127 1663 1171 sextum
1696 1125 1867 1182 gradum
1901 1141 1914 1179 ;
1962 1124 2163 1181 quoniam
2206 1124 2316 1168 inter

1269 1200 1336 1231 eos
1378 1184 1470 1229 esset
1504 1184 1690 1228 successio
1721 1183 1767 1226 de
1799 1182 1884 1235 jure
1916 1183 2133 1226 communi
2166 1182 2216 1226 ab
2249 1182 2313 1225 in-

1270 1243 1411 1287 testato
1451 1274 1464 1295 ‚
1516 1240 1794 1298 prohibitione
1839 1240 1938 1297 legis
1971 1241 2103 1297 Papiae
2135 1240 2313 1285 minime

1269 1301 1552 1344 tenebantur:
1598 1297 1746 1341 adimit
1790 1298 1905 1342 enim
1936 1313 1983 1342 ea
2017 1298 2083 1342 lex
2115 1297 2313 1342 beneficia

1271 1355 1497 1401 voluntatis
1522 1354 1692 1408 alienae,
1727 1370 1813 1398 non
1844 1356 2066 1399 commoda
2096 1355 2312 1411 cognatio-

1271 1415 1359 1468 nis3
1390 1415 1433 1458 St
1454 1413 1660 1470 legitimas
1682 1413 1945 1457 successiones
1961 1413 2141 1457 minime
2162 1411 2308 1456 aufert.

1270 1473 1415 1517 Libera
1446 1484 1532 1515 erat
1563 1471 1691 1515 etiam
1723 1471 1835 1515 inter
1865 1470 2064 1528 coniuges
2096 1470 2319 1514 testamen·

1271 1532 1302 1574 ti
1336 1529 1458 1574 faffio
1484 1562 1497 1584 ,
1541 1529 1568 1573 si
1611 1527 1785 1584 reipubl.
1824 1529 1942 1573 causa
1985 1529 2050 1574 vir
2081 1527 2268 1573 abfuisset
2300 1543 2315 1581 ;

1270 1590 1346 1642 (l)
1386 1600 1455 1631 aut
1498 1586 1526 1630 si
1557 1587 1755 1643 coniuges
1783 1602 1806 1630 a
1838 1585 1990 1643 populo
2027 1619 2040 1641 ,
2088 1587 2214 1641 (***)
2248 1585 2315 1630 vel

1271 1664 1293 1690 a
1328 1644 1515 1702 principe
1546 1644 1607 1697 jus
1640 1644 1863 1689 liberorum
1888 1644 2172 1702 impetrassent
2203 1660 2214 1686 τ
2268 1655 2316 1688 ut

1273 1702 1591 1758 intelligamus,
1636 1703 1766 1760 magis
1809 1703 1933 1761 longe
1975 1702 2085 1748 aliud
2130 1704 2312 1757 ('‘***)

1271 1762 1346 1807 effe
1378 1761 1456 1805 hoc
1488 1761 1552 1805 ius
1579 1760 1807 1806 liberorum
1842 1793 1856 1816 ,
1900 1778 1981 1819 quo
2014 1762 2325 1819 impedimenta«

1274 1820 1375 1877 legis
1409 1819 1542 1875 Papiae
1575 1818 1790 1864 solvuntur
1811 1851 1825 1874 ,
1855 1820 1906 1863 ab
1938 1819 2014 1864 illo
2049 1852 2063 1876 ‚
2107 1837 2188 1879 quo
2220 1836 2316 1864 mu-

1275 1893 1421 1922 nerum
1463 1877 1667 1932 praestatur
1711 1878 1999 1933 immunitas3
2054 1879 2102 1923 ad
2148 1879 2316 1935 praesens

1275 1948 1414 1980 autem
1457 1933 1681 1980 liberorum
1727 1936 1788 1979 ius
1838 1936 2018 1992 pertinet
2063 1936 2138 1980 illa
2172 1936 2332 1980 Isidori‘

1274 1991 1463 2038 definitio
1487 1995 1565 2046 (m)
1590 1993 1696 2038 libro
1716 1995 1772 2037 V.
1806 1996 2049 2052 Coniugium
2067 1994 2155 2048 sine
2179 1995 2317 2038 liberis

1275 2054 1448 2096 invicem
1484 2062 1554 2107 pro
1597 2053 1675 2094 loco
1701 2053 1910 2108 pignorum
1934 2053 2167 2097 hereditatis
2195 2053 2316 2095 alter-

1276 2128 1335 2155 na.
1359 2109 1587 2165 conscriptio
1607 2142 1617 2152 .
1650 2111 1781 2166 Quale
1813 2110 1874 2162 jus
1906 2143 1918 2165 ,
1968 2126 2117 2167 nempe
2150 2109 2318 2156 veniam

1278 2167 1379 2225 legis
1425 2168 1558 2224 Papiae
1600 2167 1852 2225 liberamque
1897 2169 2007 2213 inter
2038 2168 2236 2226 coniuges
2259 2180 2321 2212 te·

1279 2226 1467 2271 stamenti
1502 2225 1726 2270 faffionem
1751 2259 1763 2281 ‚
1796 2226 2098 2270 Constantinus
2130 2229 2318 2282 Impera-

1280 2299 1344 2329 tor
1376 2283 1619 2328 concesserat
1653 2284 1934 2328 Naviculariis
1966 2282 2156 2328 Orientis
2178 2316 2187 2327 .
2219 2284 2320 2336 (n)

1281 2342 1492 2387 Honorius
1523 2354 1661 2386 autem
1689 2375 1701 2396 ,
1733 2342 1776 2385 ὅ(
1801 2342 2056 2387 Theodofius
2077 2341 2324 2399 generaliter

1279 2400 1472 2445 omnibus
1506 2432 1518 2453 ‚
1565 2400 1720 2443 sublato
1764 2400 1998 2444 discrimine
2032 2401 2143 2444 inter
2175 2401 2321 2443 coniu-

1282 2475 1348 2515 ges
1374 2490 1386 2512 ‚
1427 2458 1574 2515 quibus
1607 2457 1720 2501 solidi
1754 2457 1943 2514 capiendi
1976 2456 2039 2509 jus
2067 2457 2319 2556 iampriderrsi

2207 2530 2290 2558 ami
2310 2540 2330 2550 -

1286 2595 1391 2604 ——

1326 2628 1421 2670 (k)
1448 2626 1528 2670 Ulp.
1554 2629 1611 2660 tiri
1634 2630 1688 2659 τό.

1324 2676 1369 2715 (ι
1386 2673 1406 2712 )
1431 2672 1545 2710 Cuiac'.
1570 2674 1612 2706 ad
1636 2673 1716 2716 [ΗΡ.
1745 2674 1800 2706 rit.
1822 2678 1870 2706 16.
1900 2674 1939 2706 ὡ·
1964 2676 1986 2707 t.
2008 2678 2061 2713 36.
2088 2673 2192 2713 (5⁴38.
2218 2673 2256 2718 ff.
2287 2683 2323 2706 ex

1285 2718 1400 2762 quibus
1441 2719 1526 2759 caus.
1566 2717 1678 2757 maior.
1712 2718 1751 2751 Θ·
1778 2721 1800 2751 l.
1835 2729 1885 2758 35.
1914 2720 1955 2753 Θ·
1981 2731 2033 2762 37.
2073 2719 2179 2753 eodem
2205 2719 2321 2762 Jacob·

1286 2762 1440 2798 Gothofr.
1467 2771 1536 2807 cap.
1557 2766 1606 2798 18.
1632 2765 1675 2798 ad
1701 2766 1780 2798 hanc
1804 2767 1930 2808 legem,
1957 2765 1997 2797 (9·
2020 2766 2190 2799 Martialis
2213 2765 2272 2799 lib.
2290 2768 2324 2798 8.

1287 2811 1498 2854 epigramm.

1335 2856 1448 2897 (’”)
1476 2857 1549 2888 [mo
1576 2854 1628 2894 jus
1651 2854 1835 2890 liberorum
1861 2864 2012 2899 tempore
2029 2857 2104 2890 latae
2119 2857 2198 2901 legis
2216 2855 2324 2899 Papiae

244 2897 322 2936 (¹¹⁸)
350 2898 460 2930 Veluti
495 2899 736 2943 quinquaginta
753 2923 764 2941 ‚
790 2900 812 2933 fi
832 2901 957 2934 marito
973 2905 1010 2935 C.
1028 2901 1135 2945 legata
1149 2901 1213 2934 sint
1228 2922 1240 2941 ‚
1292 2911 1360 2935 non
1381 2911 1399 2932 a
1428 2901 1574 2943 populo,
1605 2899 1658 2934 sed
1687 2914 1704 2934 a
1735 2905 1856 2936 Senatu
1881 2903 2022 2946 praestari
2048 2902 2182 2936 solitum
2203 2901 2294 2936 fuisse
2310 2922 2321 2942 ‚

201 2941 225 2975 'si
244 2941 339 2973 Titio
355 2945 395 2974 1..
414 2944 601 2984 praestiterit
618 2968 627 2976 .

247 2985 326 3027 (f)
352 2990 387 3018 L.
402 2988 499 3030 sedsi
514 2991 569 3021 boc
582 2993 635 3021 62.
650 2988 688 3033 ff
706 2991 744 3023 de
760 2991 879 3023 condit.
895 2990 937 3023 (9¹
949 2990 1153 3032 demonstrat.

246 3032 332 3071 (g)
371 3034 408 3063 L.
443 3036 474 3064 6.
511 3033 551 3077 ff
591 3035 629 3067 de
668 3038 764 3078 vulg.
790 3035 829 3067 Θ·
852 3037 960 3079 pupil.
989 3036 1046 3069 ubi
1070 3036 1187 3075 cujac.
1214 3037 1246 3069 δε

201 3080 365 3161 §egigni
400 3131 447 3152 11.
462 3120 500 3163 ff
516 3123 696 3163 devuloar.
714 3125 755 3157 ἐν
768 3127 872 3168 propit.
897 3125 955 3157 ubi
971 3129 1123 3161 Govean.

252 3165 307 3207 (i)
332 3168 370 3198 L.
388 3167 470 3209 quod
488 3169 605 3201 condis.
621 3168 658 3212 ff
675 3171 714 3203 do·
730 3181 823 3204 mort.
843 3173 937 3213 causa
954 3172 1065 3205 donat.

1292 2945 1433 2980 ostendit
1449 2946 1647 2980 Heinnecius
1662 2958 1691 2986 p.
1710 2956 1787 2987 289.

1340 2993 1358 3032 Ε
1380 2993 1456 3012 '‘⁴²⁴‘'
1471 2991 1490 3030 )
1519 2995 1559 3025 In
1583 2991 1645 3025 hoc
1659 2993 1751 3025 enim
1766 2991 1815 3030 ius
1831 2993 2012 3026 liberorum
2026 2992 2060 3025 in
2076 3002 2192 3035 genere
2208 2991 2324 3026 datum

1296 3036 1423 3081 prodest
1436 3036 1475 3069 ad
1489 3036 1760 3080 solidicapionem
1774 3059 1785 3078 ‚
1815 3038 1885 3071 illic
1899 3038 2002 3071 trium
2018 3039 2068 3072 vel
2082 3047 2224 3080 quatuor
2243 3038 2325 3072 libe·

1300 3094 1412 3117 rorum
1429 3080 1478 3120 ius
1491 3082 1631 3116 dabatur
1646 3106 1654 3114 .

1345 3128 1412 3169 (Μ’)
1437 3126 1549 3164 Cuiac.
1576 3128 1612 3159 in
1625 3127 1711 3161 notis
1725 3129 1765 3159 ad
1779 3129 1850 3170 Ulp.
1868 3128 1922 3160 rit.
1944 3132 1994 3159 15.

1346 3173 1409 3217 (n)
1436 3176 1470 3207 L,
1491 3186 1521 3216 7.
1543 3177 1578 3207 C.
1598 3174 1754 3214 Theodofi
1774 3173 1808 3204 ›2¹:-
1827 3174 1966 3206 navicu).-
