2596 3479
796 78 1163 154 JURIS
1244 73 1787 139 CIVILIS.

2311 100 2384 148 99

251 160 397 210 melius
415 153 618 201 orationis
644 155 898 200 lenocinium
920 155 997 207 juri
1022 157 1138 201 civili
1159 158 1286 215 adpli-
1343 159 1479 212 deret,
1502 157 1711 211 patefaffis
1732 153 1885 199 infidiis
1901 186 1912 207 ‚
1936 156 2096 198 coactus
2114 157 2166 200 est
2186 155 2230 199 in
2254 158 2384 200 Fran-

252 222 359 266 cuit.
387 215 445 268 (*)
469 216 537 258 Ab
556 215 814 260 Accurfianis
829 246 841 269 ‚
860 215 904 258 δι
925 216 1145 260 Bartolinis
1166 217 1291 260 inter-

251 275 467 334 pretibu33
500 288 600 328 quos
642 273 684 316 in
730 272 818 315 foro
862 272 1032 317 triverat
1063 306 1075 328 ‚
1112 275 1288 331 quosque

251 350 360 378 nova
385 332 569 375 instituta
604 331 774 374 docendi
805 331 964 374 ratione
994 332 1144 388 ubique
1181 349 1290 376 mor-

250 393 343 445 det3
377 390 483 433 haud
506 405 631 444 pauca
663 401 802 432 tamen
825 388 960 432 sumsit
981 422 992 442 ‚
1025 406 1112 445 quae
1135 391 1288 445 adsper-

250 451 288 494 sa
322 448 517 493 sermonis
554 447 758 503 elegantia
780 479 791 500 ‚
827 447 871 490 in
902 463 1056 490 novam
1108 450 1286 491 vertebat

253 508 401 552 faciem
429 539 438 548 .
469 504 634 548 Solebat
676 507 790 549 enim
833 520 882 548 ex
915 505 1215 550 abstrulioribus
1247 506 1287 549 ἂ

253 564 545 623 prolixioribus
604 579 745 608 eorum
797 563 1109 607 commentariis
1159 565 1288 619 legere

247 625 407 681 optima
440 656 449 666 .
482 622 603 677 Quod
655 638 704 665 ne
737 621 923 664 videatur
970 637 992 663 a
1025 637 1090 665 me
1122 622 1168 666 de
1202 623 1288 664 viro

1343 232 1507 259 comam
1549 216 1803 271 confugere:
1843 215 1910 256 ubi
1951 215 2062 255 cessit
2096 229 2116 256 e
2154 215 2236 258 vita
2268 231 2378 259 anno

1316 271 1322 276 ⁸
1345 275 1561 317 MDXCI.
1592 275 1718 316 aetatis
1746 274 1818 316 suce
1849 272 2010 314 LXIV.
2037 272 2377 317 Commentarios

1342 330 1440 381 juris
1475 330 1610 374 civilis
1645 330 1811 386 reliquit
1850 328 2103 381 uberrimos,
2136 328 2178 371 ὃ(
2203 331 2381 373 acutilsi-

1345 404 1455 430 mos:
1489 389 1635 443 quibus
1661 387 2017 441 jurisprudentiarn
2049 386 2090 428 in
2119 389 2383 430 commodio-

1343 462 1428 488 rem
1460 446 1649 488 ordinem
1677 445 1857 498 redigere
1882 444 2054 487 studuit.
2089 444 2170 486 Cui
2203 446 2312 499 operi
2337 461 2385 488 u-

1344 504 1473 546 tinam
1504 516 1733 547 extremam
1766 517 1938 545 manum
1982 501 2124 545 addere
2159 502 2343 555 potuilset
2371 521 2383 557 3

1343 577 1472 617 neque
1504 574 1644 604 tamen
1677 561 1813 603 minus
1831 560 1968 616 quales
1995 575 2103 602 nunc
2133 559 2220 602 sunt
2239 559 2381 611 juven-

1343 633 1418 662 tuti
1443 619 1662 663 conferunt
1683 651 1694 672 ‚
1729 631 1891 674 propter
1922 616 2165 661 soliditatem
2200 633 2332 661 rerum
2369 651 2381 673 ‚

243 683 470 727 doetiffimo
520 681 740 724 confifi'tum
767 712 779 734 ,
821 678 1102 724 testimonium
1147 681 1287 737 produ·
1309 694 1316 751 Ι
1340 678 1383 721 &
1407 677 1556 720 restam
1583 676 1725 724 seriem
1751 709 1760 719 .
1796 677 1896 718 Puer
1922 691 2017 718 vero
2054 675 2152 718 adeo
2186 675 2320 718 literas
2341 693 2383 719 a-

247 757 340 785 cam
371 756 421 784 ex
465 738 698 794 praefatione
745 737 922 781 secundae
954 738 1077 792 partis
1118 754 1288 793 operum
1345 735 1596 788 versabatur,
1627 747 1670 777 ut
1701 734 1748 777 ad
1778 749 1843 777 eas
1875 749 1958 776 non
1991 747 2085 777 ante
2122 732 2155 776 se
2187 733 2347 777 flexerit
2368 767 2381 789 ,

250 799 334 851 ejus
353 830 364 851 ‚
385 814 407 841 a
427 796 572 852 gentili
609 797 675 839 suo
697 796 925 850 conscripta
948 827 956 837 .
992 796 1030 837 Is
1049 795 1137 837 ait:
1177 798 1267 837 Dua

252 871 401 900 renum
431 856 526 908 saepe
566 855 606 896 in
633 869 700 896 ore
733 853 911 896 habuisse
951 851 1055 896 illud
1083 854 1286 899 Lucretii:

306 910 518 965 Florifhris
542 924 584 954 ut
603 922 696 966 apes
714 912 755 953 in
774 911 950 964 saltibus
973 910 1105 952 omnia
1130 911 1260 953 libant
1278 944 1288 963 ,

307 972 456 1013 Omnia
476 987 543 1012 nos
563 969 701 1012 itidem
720 969 969 1026 deposcimus
1004 984 1125 1010 aurea
1155 969 1262 1011 dicia
1281 1002 1287 1010 .

335 1087 376 1130 C
434 1088 476 1129 A
539 1087 568 1130 P
628 1088 673 1128 U
703 1086 776 1127 ‘T
896 1083 1194 1128 CLXXVIII.

529 1176 595 1219 De
627 1175 794 1230 Hugone
823 1172 1017 1216 Donello.

395 1259 544 1303 Oriens
584 1261 800 1303 Duarenus
846 1258 950 1300 haud
983 1255 1183 1311 imparem
1216 1256 1286 1298 do-

423 1318 563 1361 &rinae
601 1349 613 1370 ‚
661 1330 780 1372 atque
826 1314 1081 1357 simultatum
1127 1314 1284 1356 suarum

247 1374 442 1417 heredem
485 1374 650 1430 reliquit
683 1375 911 1429 Hugonem
948 1370 1176 1413 Donellum
1227 1371 1284 1412 di-

246 1432 450 1486 scipulum
473 1464 484 1486 ,
528 1448 650 1488 quem
683 1432 862 1487 eleganti
894 1429 1085 1473 oratione
1120 1429 1163 1471 in
1190 1444 1285 1482 prae-

244 1503 458 1545 ceptorum
493 1490 719 1545 collegium
752 1488 996 1544 cooptavit.
1033 1490 1073 1530 Is
1105 1487 1284 1542 magistri

243 1548 451 1590 rationem
496 1548 539 1591 in
571 1548 753 1591 docendo
784 1547 868 1599 jure
919 1545 1159 1601 complexus
1192 1545 1244 1587 est
1273 1577 1285 1598 ‚

246 1604 291 1648 &
324 1605 524 1648 indie‘curn
557 1605 660 1648 olim
698 1605 872 1656 Cujacio
912 1603 1071 1647 bellum
1111 1602 1285 1645 redinte-

244 1663 379 1719 gravit
406 1695 415 1705 .
452 1665 608 1706 Verum
638 1679 733 1706 cum
756 1663 798 1705 in
819 1661 1169 1706 Calvinianorum
1197 1676 1281 1715 par-

248 1732 307 1764 tes
343 1751 356 1773 ,
406 1719 559 1772 abjecta
614 1721 738 1764 veteri
801 1721 975 1776 veraque
1042 1719 1242 1774 religione
1275 1750 1284 1770 ,

245 1778 495 1831 tranfiiffet3
531 1791 690 1821 mutato
734 1777 848 1821 cultu
897 1777 1042 1820 divino
1068 1809 1080 1831 ‚
1124 1776 1285 1819 coa&us

248 1836 302 1878 est
334 1835 461 1879 etiam
496 1835 624 1879 solum
658 1850 813 1879 vertere
834 1869 843 1877 .
880 1835 1085 1890 Variaque
1117 1834 1284 1877 fortuna

245 1891 415 1946 {aelatus
440 1925 452 1946 ,
485 1894 527 1937 &
569 1894 614 1936 in
639 1895 915 1938 Germaniam
949 1891 1181 1949 profeehis,
1214 1892 1283 1934 do-

236 1951 329 1994 *cuit
376 1951 661 2008 Heidelbergae
698 1969 707 1994 :
764 1953 870 1995 unde
914 1953 960 1994 ad
995 1951 1103 1993 idem
1137 1965 1287 1993 munus

244 2007 445 2050 Leodium
476 2011 579 2060 (⁸⁶¹²)
611 2010 802 2052 concessit
825 2026 833 2051 :
869 2009 1043 2063 indeque
1067 2007 1172 2063 quod
1198 2006 1284 2049 Bri-

243 2076 467 2108 tannorum
489 2065 658 2109 factioni
687 2082 747 2110 res
768 2082 894 2109 novas
915 2066 1182 2109 molientium
1209 2065 1283 2107 stu-

907 2201 1075 2211 -..-.----

293 2235 377 2275 (⁴⁸)
424 2235 574 2268 Docendi
612 2247 741 2279 quoque
779 2236 938 2269 methodo
979 2234 1111 2278 reliquis
1138 2235 1282 2276 palmam

246 2279 420 2324 praeripit.
450 2283 527 2323 Quo
553 2282 698 2322 pertinet
723 2281 808 2314 illud
850 2281 1047 2323 disertiffiini
1075 2279 1284 2312 Burmanni:

343 2329 392 2359 Et
407 2326 574 2366 superans
600 2338 706 2359 omnes
738 2331 911 2359 Duarenus
949 2327 985 2358 in
1013 2337 1082 2358 arte
1109 2326 1256 2357 docendi.

248 2373 384 2404 Annum
409 2378 522 2403 tamen
552 2371 720 2415 integrum
749 2371 925 2405 consumsit
953 2373 985 2404 in
1005 2371 1208 2406 definitione
1238 2368 1282 2407 ju-

247 2415 327 2449 dicii
369 2416 566 2457 explicanda
612 2429 687 2450 curn
724 2417 851 2460 aliquot
890 2417 1131 2453 divisionibus,
1161 2424 1196 2448 ut
1222 2415 1284 2456 ipse

247 2460 353 2494 refert
385 2461 457 2493 Tit.
489 2463 527 2495 de
543 2461 644 2500 judic.
664 2473 735 2502 153.
764 2464 939 2497 Orationis
972 2470 1085 2494 tamen
1113 2460 1285 2493 lenociniis

249 2506 431 2544 Duareno,
461 2513 497 2540 ut
524 2508 658 2551 reliquis
685 2509 838 2542 omnibus
868 2508 992 2549 praestat
1022 2509 1281 2543 Hottomannus,

251 2549 344 2588 cuius
374 2551 478 2591 stylus
504 2564 587 2585 vena
615 2553 784 2587 Ciceronis
823 2553 966 2586 fluebat.
1011 2553 1115 2593 Opera
1142 2552 1283 2583 Duareni

252 2596 390 2637 juntflim
418 2598 509 2631 edita
547 2610 621 2632 cura
650 2600 786 2641 casim,
826 2599 978 2641 Francos.
1011 2607 1105 2637 1592.
1133 2599 1184 2628 ΙΙ.
1216 2599 1280 2629 Vol.

251 2644 287 2675 in
308 2644 371 2684 fol.

298 2689 399 2729 (⁴‘⁴‘)
453 2693 527 2723 Imo
560 2688 696 2723 Leidam
713 2713 724 2729 ‚
763 2691 816 2723 seu
832 2689 1028 2735 Lugdunum
1053 2691 1255 2721 Batavorum
1272 2709 1280 2725 ,

248 2731 288 2766 in
315 2733 406 2772 cuius
440 2735 648 2769 Bibliotheca
689 2736 886 2770 Academica
912 2735 1018 2769 adhuc
1045 2733 1222 2767 custoditur
1250 2734 1282 2765 in

249 2777 357 2819 effigie
385 2789 423 2813 os
447 2780 530 2814 illud
559 2782 700 2825 probum
733 2784 763 2815 81:
792 2782 985 2826 generosum
1012 2780 1145 2814 Donelli
1172 2790 1283 2813 recens

257 2822 426 2859 defunsti·
455 2827 556 2860 Leida
580 2836 692 2860 autem
716 2828 863 2862 triennio
891 2836 967 2861 ante
998 2835 1143 2860 mortem
1173 2826 1276 2858 Altor-

256 2868 336 2901 fium
378 2870 413 2902 in
448 2873 666 2906 franconiam
705 2875 922 2907 concesserat.
966 2873 1166 2915 Biturigibus
1204 2882 1282 2904 vero

257 2923 298 2946 ⁸⁰
323 2921 472 2957 tempore
499 2918 669 2961 Profugit,
696 2930 760 2962 quo
785 2920 949 2959 Catholici
978 2930 1094 2961 magna
1110 2916 1282 2950 crudelita-

253 2965 287 2990 te
327 2959 356 2990 &
392 2961 520 3002 publica
550 2964 640 2997 clade
669 2965 702 2998 in
736 2965 947 2998 Reformatos
973 2963 1173 3000 faeviebantv
1214 2973 1281 3005 (111ae

254 3004 374 3054 finges
409 3006 484 3046 qnia
522 3009 653 3042 Parisiis
697 3011 896 3052 potiffimum
935 3010 1011 3042 data
1048 3008 1134 3049 fuit,
1162 3008 1283 3050 nuptiae

256 3048 411 3100 farisinae
436 3052 666 3092 appellantur.
697 3057 774 3088 Erat
799 3065 910 3088 autem
936 3065 1086 3097 tempore
1103 3054 1183 3093 sugae
1200 3054 1284 3086 veste

256 3093 390 3126 indutus
422 3096 643 3141 Germanica,
680 3111 780 3143 eaque
817 3113 835 3133 a
864 3101 1041 3135 Germanis
1069 3099 1280 3132 adolescenti-

257 3138 316 3172 bus
354 3138 477 3174 ficariis
516 3142 579 3175 suis
609 3152 741 3186 ereptus
767 3147 833 3179 est.
860 3150 944 3180 curn
970 3155 1051 3179 vero
1079 3144 1282 3188 Biturigibus

1341 809 1464 849 quam
1502 792 1622 836 illum
1659 804 1772 847 pater
1803 791 1949 846 pudore
1971 824 1982 844 ‚
2015 808 2060 834 ac
2097 803 2212 834 metu
2248 793 2382 835 affice-

1343 865 1423 893 ret:
1458 851 1527 907 qui
1552 851 1734 894 arcessito
1767 851 1815 892 ad
1847 849 1880 893 se
1901 881 1912 902 ,
1949 864 2086 892 coram
2116 865 2238 903 puero
2260 881 2273 901 ,
2307 866 2377 904 pa-

1343 911 1440 952 llore
1465 909 1593 951 suario
1610 941 1621 962 ,
1655 908 1766 963 paPta
1789 907 1999 959 mercede,
2022 906 2154 952 filium
2175 907 2210 949 ei
2237 906 2271 948 se
2296 918 2378 949 tra-

1341 967 1520 1009 diturum
1548 966 1755 1009 simulavit
1781 982 1790 1007 t
1826 981 1906 1022 quo
1933 964 2133 1007 Donellus
2165 963 2375 1020 intellige-

1343 1037 1399 1067 ret
1420 1055 1429 1071 ,
1462 1024 1592 1080 qualis
1618 1023 1702 1066 vita
1728 1023 1824 1075 sibi,
1846 1022 1918 1065 nisi
1940 1023 2108 1065 studeret
2136 1021 2262 1064 literis
2283 1038 2377 1077 pro-

1343 1096 1579 1135 poneretur:
1615 1080 1791 1124 Fallacia
1813 1081 1896 1122 haec
1920 1079 2089 1135 puerilis
2115 1079 2303 1124 animum
2331 1079 2381 1122 il-

1343 1141 1419 1182 lius
1450 1139 1599 1192 vertit,
1633 1155 1678 1181 ac
1704 1151 1866 1181 tantum
1888 1138 2106 1194 ingenium
2136 1137 2376 1193 posteritati,

1340 1198 1383 1241 δ(
1407 1197 1534 1252 literis
1558 1196 1665 1239 dedit
1687 1228 1696 1237 .

1456 1284 1496 1325 C
1559 1284 1593 1324 A
1660 1283 1688 1323 P
1748 1283 1792 1322 U
1853 1283 1897 1323 T
2014 1282 2258 1326 CLXXIX.

1541 1341 1606 1383 De
1637 1341 1676 1381 F
1680 1338 1850 1391 ranctsco
1869 1339 2138 1382 Hortomamzo
2161 1371 2170 1382 .

1429 1426 1595 1470 Rotulit
1643 1426 1686 1468 δε
1721 1424 1864 1469 Gallia
1915 1423 2176 1469 Franciscum
2223 1427 2378 1470 Horto-

1458 1499 1661 1528 mannum
1707 1500 1755 1527 ex
1794 1483 1972 1537 illustri,
2015 1484 2059 1526 ὃς
2093 1484 2220 1527 veteri
2256 1484 2381 1538 fami-

1340 1541 1392 1583 lia
1416 1574 1428 1596 ,
1461 1559 1551 1599 quae
1579 1543 1644 1584 sub
1670 1542 1878 1585 Ludovico
1907 1543 1986 1584 VL
2012 1542 2138 1594 (***)
2164 1558 2183 1585 e
2205 1543 2382 1585 Germa-

1340 1600 1406 1642 nia
1428 1632 1440 1653 ,
1470 1600 1679 1644 occasione
1714 1599 1876 1642 militiae
1901 1631 1912 1652 ,
1955 1600 2150 1656 migravit
2194 1599 2236 1642 in
2271 1600 2375 1642 Gal-

1341 1656 1467 1700 liam:
1505 1659 1572 1701 ubi
1609 1657 1729 1701 claris
1760 1657 2029 1700 affinitatibus
2055 1658 2096 1701 8(
2123 1658 2374 1701 continuatis

1340 1714 1564 1759 honoribus
1608 1715 1781 1759 floruit.
1826 1714 2028 1758 Francisci
2080 1727 2218 1758 tamen
2253 1715 2376 1767 hujus

1340 1774 1506 1835 ingenio
1528 1773 1606 1816 fuit
1632 1773 1752 1829 longe
1782 1772 2025 1830 splendidior
2050 1805 2058 1816 .
2095 1774 2273 1820 Is-enim
2299 1774 2372 1824 Ju-

1341 1832 1595 1875 rilconsultus
1622 1830 1726 1884 fuit,
1757 1830 1800 1873 δι
1831 1844 1970 1873 orator
1994 1831 2194 1874 eximius.
2227 1832 2297 1883 Jus
2318 1831 2378 1874 ci-

1339 1888 1419 1932 vile
1449 1890 1590 1932 didicit
1633 1890 1676 1933 in
1712 1888 1999 1932 Aurelianensi
2037 1888 2173 1932 schola
2207 1921 2218 1942 ‚
2268 1888 2382 1931 inde-

1339 1961 1414 2001 que
1460 1947 1670 1990 Lutetiam
1721 1946 1967 1989 Parisiorum
2022 1946 2071 1989 ad
2117 1947 2377 1990 Senatoriam

1341 2003 1468 2046 Patris
1505 2004 1754 2059 dignitatem
1790 2016 1957 2047 vocatus
1981 2035 1992 2057 ‚
2027 2003 2248 2047 forensium
2294 2003 2377 2054 jur-

1339 2061 1502 2117 giorum
1535 2062 1773 2115 stomacho,
1811 2061 1859 2104 ad
1887 2061 1949 2103 sua
1986 2062 2131 2104 vetusti
2158 2060 2299 2160 ἰαύει),
2331 2060 2375 2103 ὃς

1865 2120 1910 2162 Ν
1975 2134 1996 2161 2
2279 2133 2380 2161 ona-

2277 2192 2380 2203 -z-n

1553 2199 1600 2206 —-

1343 2230 1540 2274 Lugdunum
1572 2233 1601 2263 ἃ
1630 2231 1705 2264 inde
1736 2235 1910 2264 Genevam
1938 2239 2114 2272 pergeret,
2142 2238 2256 2272 captus
2282 2230 2326 2261 est
2351 2229 2387 2261 in

1339 2287 1379 2308 eo
1412 2277 1532 2309 itinere
1549 2300 1559 2311 ,
1597 2278 1626 2309 8:
1650 2278 1830 2319 quamvis.
1860 2276 1933 2318 quis
1952 2277 2029 2308 esset
2048 2298 2058 2314 ‚
2087 2276 2295 2318 ignoraretur
2313 2282 2388 2314 ‚ta-

1340 2334 1414 2355 men
1444 2333 1502 2364 pro
1529 2324 1726 2365 Hugonotto
1753 2322 1883 2366 agnitus
1921 2323 1950 2354 δε
1977 2319 2170 2365 objurgatus
2197 2321 2267 2359 est,
2294 2319 2383 2363 quod

1340 2368 1371 2399 in
1407 2368 1612 2400 sermonibus
1642 2368 1703 2400 suis
1734 2370 1861 2407 (tanta
1888 2375 1959 2399 tum
1990 2375 2061 2399 erat
2092 2366 2224 2399 licentia
2245 2365 2379 2403 seculi)

1340 2424 1506 2455 nunquam
1536 2411 1666 2445 auditus
1693 2412 1799 2446 suiset
1823 2410 1970 2448 deierare
1992 2434 2000 2443 .
2029 2412 2139 2454 Scipio
2166 2411 2310 2443 Gentilis
2343 2411 2380 2442 in

1340 2460 1413 2491 vita
1439 2461 1599 2498 Donelli,
1633 2459 1758 2496 adjectu
1786 2459 1922 2491 Donelli
1966 2458 2128 2498 opusculis
2156 2454 2331 2497 posthumis
2363 2475 2375 2494 ,

1337 2503 1493 2547 impreffis
1523 2504 1681 2536 Hanoviae
1713 2506 1857 2542 ¹603·8·
1898 2502 1982 2534 unde
2011 2513 2082 2533 eam
2111 2501 2255 2533 Buderus
2289 2499 2375 2533 inse-

1338 2550 1401 2581 ruit
1426 2548 1609 2581 collec‘i‘iom·
1638 2548 1698 2580 suae
1724 2551 1872 2581 vitarum
1916 2546 2168 2590 Clarisfimorum
2191 2546 2371 2587 juriscon-

1333 2595 1496 2634 sultorum
1512 2617 1521 2631 ‚
1549 2594 1604 2636 qui
1634 2595 1743 2626 Grotii
1763 2617 1772 2633 ‚
1803 2592 1941 2626 Reidani
1958 2615 1967 2630 ,
1997 2591 2119 2628 Stradae
2139 2614 2147 2623 .
2175 2592 2298 2624 Haberi
2315 2589 2319 2593 ’
2339 2592 2369 2623 δε

1337 2639 1466 2672 Thuani
1511 2639 1582 2672 loca
1622 2638 1745 2676 adjecit
1774 2638 1812 2671 de
1842 2637 1941 2670 caufis
1967 2638 2090 2677 exilii,
2117 2647 2183 2680 quo
2208 2635 2372 2669 Donellus

1339 2683 1445 2717 Leidae
1470 2685 1576 2717 solum
1602 2693 1731 2718 vertere
1757 2684 1888 2717 coaetus
1916 2684 1980 2716 est.
2029 2683 2259 2725 compendium
2287 2692 2370 2714 com-

1335 2731 1563 2763 mentariorum
1600 2730 1672 2767 eius
1710 2731 1748 2762 de
1774 2730 1843 2769 jure
1873 2730 1980 2767 Civili
2008 2728 2193 2762 oswaldus
2222 2726 2366 2771 Hilliger

1334 2775 1462 2815 edidit,
1491 2775 1771 2821 quemadmodum
1811 2774 1976 2808 Arnoldus
2016 2774 2182 2811 munius,
2210 2773 2375 2806 excitatus

1333 2821 1489 2864 exemplo
1527 2821 1596 2860 ejus
1615 2844 1625 2861 ‚
1653 2833 1739 2855 nova
1766 2822 1913 2854 methodo
1938 2821 2141 2862 partitiones
2162 2821 2264 2861 suris
2282 2819 2375 2850 Civi-

1334 2869 1376 2899 lis
1403 2867 1508 2901 edidit
1525 2889 1535 2904 ,
1582 2868 1636 2910 qui
1689 2867 1753 2911 ipse
1779 2878 1908 2911 quoque
1938 2867 2060 2900 crebris
2091 2864 2217 2904 cujacii
2242 2862 2378 2896 insecta-

1334 2913 1479 2946 tionibus
1505 2913 1710 2947 deieetatur.

1378 2960 1452 2999 ζ’)
1503 2962 1578 2993 Imo
1621 2958 1790 2992 Ludovico
1816 2959 1877 2991 XI.
1910 2965 1946 2990 ut
1987 2956 2163 2998 suspicatur
2205 2953 2338 2993 Baylius
2360 2973 2370 2984 .

1334 3006 1418 3036 Satis
1444 3014 1594 3038 accurate
1622 3015 1732 3037 autern
1764 3005 1868 3037 noster
1894 3002 1932 3035 de
1960 3007 2191 3035 Hottomanno
2216 2998 2365 3035 disserit,

1334 3049 1432 3088 usus,
1460 3060 1496 3083 ut
1528 3050 1561 3083 in
1591 3051 1654 3083 fine
1695 3051 1858 3087 testatur,
1886 3050 1962 3082 vita
1988 3047 2081 3087 ejus,
2123 3057 2142 3078 a
2172 3048 2274 3077 Petro
2302 3047 2368 3074 Ne-

1335 3095 1445 3128 velato
1490 3096 1632 3128 Doschio
1674 3095 1786 3133 edita,
1829 3095 1858 3126 δε
1888 3104 1987 3137 quam
2013 3092 2074 3127 suae
2101 3092 2250 3125 vitarum
2278 3088 2369 3122 colle·

1333 3140 1437 3176 mom·
1469 3141 1573 3176 etiam
1603 3141 1740 3175 inseruit
1770 3139 1975 3174 Lcikherus.
