2596 3479
515 101 643 155 ET
724 87 1924 152 SENATUSCONSULTIS.

300 231 343 277 C
401 233 441 276 A
501 232 532 276 P
591 230 635 272 U
693 229 737 272 T
827 229 1046 272 XXVIII.

400 321 467 364 De
496 318 540 360 S.
564 320 616 361 C.
647 314 950 367 Articuleiano.

227 405 273 448 N
305 403 528 460 provinciis
559 417 657 446 vero
688 417 734 445 ea
767 400 956 458 cognitio
980 413 1067 447 erat
1094 402 1198 445 Prae-

245 462 371 506 sidum
403 476 573 512 eorum,
605 474 781 515 quorum
814 459 1081 504 iurisdiuioni
1114 459 1198 502 sub-

160 532 246 563 erat
277 520 466 570 testator,
496 518 540 560 δε
561 517 718 559 servus:
751 531 830 571 qua
857 516 903 559 de
929 531 969 559 re
996 517 1064 560 sub
1092 517 1200 558 Tra-

162 574 256 628 jano
285 575 434 630 prodiit
460 575 498 617 S.
514 575 567 616 C.
594 572 959 625 Arriculejanum‚
994 574 1078 628 ipso
1092 574 1201 615 Tra-

162 631 258 685 jano
280 663 292 685 ,
324 633 368 675 &
398 629 629 682 Articuleio
654 631 761 673 Paeto
788 629 897 672 Coff.
915 662 926 682 ‚
959 646 1040 685 quo
1067 629 1198 672 conti-

163 689 363 742 nebatur,
385 702 428 732 ut
459 689 503 731 in
530 687 754 743 provinciis
780 686 959 742 praesides
982 686 1202 741 provinciae

164 747 459 802 cognoscerent
487 777 500 797 ‚
555 745 651 788 licet
692 743 805 788 heres
847 744 1013 787 alterius
1037 744 1081 786 sit
1109 759 1201 797 pro-

164 803 315 847 vinciae
336 835 346 845 .
377 804 466 855 (a)
497 804 604 846 Item
634 800 972 844 senatusconsulto
998 800 1202 852 Junciano

165 861 251 912 (⁸)
296 875 381 902 non
425 859 548 901 modo
578 859 625 902 de
660 858 770 901 servo
804 858 961 902 heredis
995 856 1158 911 proprio
1189 888 1203 909 ,

167 916 230 958 sed
261 917 311 959 de
342 916 485 972 quovis
515 915 599 957 alio
633 946 645 965 ‚
694 915 762 970 qui
809 930 882 958 nec
927 914 1082 958 heredis
1112 914 1204 957 esset

170 972 302 1015 servus
324 1004 336 1025 ,
369 988 443 1015 nec
479 971 706 1024 testatoris,
748 985 913 1015 cautum
946 985 1032 1015 erat
1061 1004 1074 1023 ‚
1108 984 1152 1013 ut
1179 969 1204 1013 fi

168 1029 322 1072 Praetor
354 1028 654 1083 pronunciasset
681 1061 693 1081 ‚
726 1030 767 1070 in
800 1046 843 1070 ea
876 1029 994 1082 causa
1025 1026 1096 1083 effe
1124 1028 1203 1081 ser·

169 1103 294 1139 vum,
326 1099 369 1128 ut
394 1085 430 1138 si
461 1083 603 1139 adeffet
635 1086 741 1127 herci-
773 1117 784 1136 ‚
818 1087 1006 1140 cogendus
1038 1083 1126 1140 effet
1158 1085 1204 1126 il-

169 1144 252 1186 lum
284 1144 595 1195 manumittere3
641 1143 803 1196 perinde
835 1140 923 1196 effet
951 1175 962 1195 ,
993 1160 1039 1184 ac
1062 1141 1099 1194 fi
1124 1142 1208 1195 ser-

169 1216 247 1242 vus
272 1197 412 1253 ficiffet
444 1217 490 1241 ex
514 1197 809 1252 fidet'commtffo
842 1196 1128 1253 mammztffus,
1159 1212 1208 1240 ex

170 1272 253 1312 quo
280 1256 526 1311 intelligitur
545 1288 558 1307 ,
591 1257 695 1309 quod
727 1255 836 1309 supra
859 1258 1099 1302 innuimus..
1135 1255 1210 1296 ser-

172 1328 271 1355 vum
306 1313 415 1355 hunc
448 1329 494 1356 ex
529 1313 568 1354 S.
598 1313 647 1354 C.
682 1313 896 1355 liberatum
931 1344 943 1364 ,
977 1311 1131 1355 heredis
1164 1310 1208 1353 li-

175 1370 337 1411 bertum
373 1369 682 1422 permansurum
710 1385 718 1409 :
755 1369 847 1423 quia
880 1369 992 1412 enim
1029 1369 1091 1410 lex
1113 1382 1192 1422 prae

172 1424 271 1467 stitit
305 1425 457 1468 fa&um
492 1425 647 1467 heredis
675 1457 686 1476 ‚
730 1426 888 1469 videtur
934 1439 1128 1480 tanquam
1164 1439 1210 1466 ex

173 1482 484 1525 fideicommisso
518 1481 597 1536 ipse
631 1482 744 1524 heres
779 1482 954 1526 liberasse
982 1512 989 1520 ·
1034 1484 1097 1532 (b)
1131 1482 1215 1523 Ce-

177 1550 311 1582 terum
356 1555 439 1581 non
476 1539 589 1581 video
622 1571 635 1591 ‚
680 1554 752 1582 cur
803 1539 879 1581 hoc
925 1552 1044 1589 caput
1089 1537 1213 1592 aliqui

178 1595 421 1646 subjecerint
454 1595 683 1638 ffimiliano
714 1596 752 1636 S.
787 1596 839 1637 C.
865 1597 907 1638 ὃς
942 1595 1215 1638 AEmilianum

176 1668 199 1696 a
232 1653 436 1703 Junciano
469 1651 733 1695 discreverint
760 1684 773 1705 ,
805 1664 925 1708 atque
959 1652 1043 1695 haec
1079 1651 1214 1694 nomi-

177 1725 229 1751 na
256 1741 268 1762 ‚
300 1725 387 1764 quae
418 1709 537 1751 unius
571 1708 753 1751 hominis
787 1709 875 1752 sunt
908 1741 919 1762 ‚
954 1711 999 1751 ad
1031 1710 1128 1751 duos
1159 1708 1217 1750 di·

178 1766 392 1809 straxerint
433 1782 445 1817 3
500 1782 593 1808 cum
642 1766 786 1809 omnia
828 1767 879 1809 ab
924 1782 1005 1809 uno
1036 1765 1219 1818 *ffimilio

182 1823 330 1876 Juncio
365 1823 661 1878 profluxerint.

352 1937 392 1980 C
454 1938 493 1980 A
555 1937 584 1978 P
643 1936 687 1977 U
747 1938 791 1979 T
880 1938 1046 1982 XXIX.

450 2051 517 2094 De
547 2051 591 2092 S.
624 2053 675 2094 C.
708 2049 924 2104 Wtrastano
945 2083 955 2094 .

188 2165 344 2267 AT
376 2178 469 2206 cum
502 2162 722 2217 aliquando
754 2164 1013 2220 contingeret
1045 2197 1056 2215 ‚
1088 2176 1132 2207 ut
1166 2134 1257 2209 te-l

323 2221 445 2264 stator
512 2219 743 2263 libertatem
807 2237 855 2263 ex
919 2221 1230 2265 fideicommisso

189 2278 438 2335 relinqueret
489 2276 669 2331 pluribus
731 2278 943 2321 heredibus
995 2278 1187 2322 institutis

1242 168 1334 221 (d)
1369 166 1528 211 Idcirco
1558 162 1737 220 Sulpitio
1770 160 1906 204 Galba
1927 191 1939 213 ,
1984 158 2163 204 Vitrasio
2185 101 2291 204 {³317-

1245 225 1356 269 lione
1387 224 1504 268 Coss.
1536 224 1639 276 (¹¹¹³)
1669 223 1841 264 Senatus
1871 218 1978 271 jussit
2000 247 2012 270 ‚
2044 230 2090 260 ut
2120 220 2287 273 perinde

1244 283 1368 328 essent
1400 314 1413 335 .,
1464 297 1510 324 ac
1542 279 1569 323 fi
1601 278 1737 323 infans
1771 289 1930 333 partem
1962 273 2138 317 dominii
2176 277 2289 322 suam

1246 339 1515 384 vendidisset.
1560 336 1658 380 Ideo
1689 335 1906 380 coheredes
1941 363 1956 396 ³.
1998 331 2170 376 liberato
2203 333 2284 385 jam

1247 399 1360 442 servo
1384 428 1397 449 ,
1442 394 1566 450 precii
1599 394 1771 438 nornine
1802 391 1960 436 infanti
1994 390 2240 434 tenebantur
2272 425 2284 447 ‚

1246 472 1293 499 ac
1343 454 1369 497 fi
1412 468 1461 496 ex
1494 451 1608 494 causa
1640 450 1808 503 judicati
1843 464 1940 494 curn
1975 446 2023 491 iis
2054 462 2242 504 ageretur
2275 481 2286 493 .

1250 515 1393 568 Itaque
1434 508 1542 564 quod
1584 520 1731 551 natura
1776 518 1944 561 negaret
1969 536 1982 558 ‚
2033 504 2098 550 lex
2132 508 2286 562 praesta-

1247 570 1352 612 bat:
1386 566 1449 610 lex
1482 565 1597 608 enim
1631 580 1704 620 pro
1738 563 1899 607 infante
1932 562 2173 619 loquebatur
2197 596 2210 618 ‚
2241 581 2288 610 ac

1247 637 1407 683 partem
1438 622 1616 665 dominii
1650 621 1918 666 coheredibus
1954 620 2180 665 vendebat.

1423 738 1464 780 C
1524 739 1564 780 A
1627 736 1657 779 P
1715 736 1760 776 U
1820 737 1863 778 T
1974 737 2116 781 XXX.

1528 824 1595 868 De
1624 823 1668 864 δ’.
1699 824 1750 865 C.
1782 814 1971 864 Noniano'
1991 853 2000 864 .

1364 912 1408 952 Τ
1439 909 1525 952 haec
1556 906 1720 964 quidem
1750 907 1788 949 S·
1822 909 1875 951 C.
1910 907 2126 964 pertinent
2157 910 2205 954 ad
2226 921 2293 955 eos

1382 968 1539 1018 servos,
1570 964 1641 1021 qui
1667 964 1803 1008 aliena
1829 966 2100 1011 beneficentia
2123 969 2293 1013 redeunt

1255 1025 1303 1067 ad
1336 1023 1567 1067 naturalem
1600 1021 1833 1066 libertatern
1861 1054 1870 1065 .
1905 1024 1979 1067 Sed
2002 1040 2084 1068 non
2107 1041 2202 1068 raro
2223 1026 2300 1069 ser-

1259 1097 1330 1124 vus
1377 1081 1424 1123 ad
1471 1079 1701 1122 libertatern
1728 1110 1740 1131 ‚
1787 1079 1954 1123 libertus
1984 1082 2031 1124 ad
2064 1083 2299 1136 ingenuitaa

1261 1152 1343 1181 tem
1377 1138 1420 1180 in
1454 1136 1605 1188 judicio
1639 1134 1919 1190 proclamabat
1941 1169 1952 1191 ‚
1984 1151 2030 1181 ut
2061 1156 2110 1183 ex
2142 1140 2305 1183 senten-

1261 1196 1316 1238 tia
1349 1194 1488 1245 judicis
1519 1194 1562 1236 in
1595 1192 1813 1237 meliorem
1846 1195 1992 1239 statum
2015 1196 2050 1240 se
2070 1209 2295 1242 revocaret:

1260 1253 1452 1294 dominus
1483 1263 1620 1293 autem
1643 1281 1654 1302 ‚
1687 1249 1800 1300 cujus
1833 1251 2030 1296 intererat
2055 1285 2067 1305 ‚
2100 1255 2258 1297 servum
2284 1285 2297 1308 ‚

1261 1321 1329 1351 aut
1364 1307 1585 1360 libertum,
1619 1307 1661 1348 in
1687 1306 1852 1360 servili,
1884 1322 1953 1351 aut
1981 1310 2171 1353 libertina
2198 1326 2298 1353 con-

1261 1365 1420 1407 ditione
1454 1378 1691 1419 permanere
1724 1394 1736 1416 ‚
1770 1376 1933 1417 propter
1966 1366 2300 1410 benevolentiam

1262 1438 1354 1476 erga
1389 1422 1546 1464 servum
1571 1452 1583 1473 ,
1614 1432 1700 1463 erat
1721 1419 2032 1477 indulgentior,
2063 1423 2107 1466 &
2131 1435 2304 1467 conten-

1264 1479 1380 1521 debat
1413 1479 1577 1533 quidem
1611 1477 1653 1519 in
1687 1475 1837 1527 judicio
1865 1509 1877 1529 ‚
1929 1478 1990 1521 sed
2024 1479 2173 1523 leniter
2201 1513 2212 1535 ‚
2255 1498 2301 1525 ac

1268 1535 1424 1579 remisse
1460 1566 1472 1587 ,
1521 1547 1565 1577 ut
1599 1533 1750 1577 scilicet
1781 1550 1804 1576 a
1838 1534 1949 1577 servo
1977 1567 1988 1588 ‚
2022 1537 2091 1592 qui
2128 1554 2222 1580 cum
2255 1538 2303 1582 de

1267 1592 1482 1647 compa&
1512 1592 1696 1646 agebat,
1740 1606 1786 1633 ac
1830 1590 1974 1635 lusorie
2024 1593 2270 1648 confligebat
2293 1625 2307 1647 ,

1269 1651 1311 1692 in
1356 1648 1507 1699 judicio
1551 1648 1802 1702 superaretur
1835 1679 1844 1690 .
1896 1651 1991 1703 Qua
2033 1663 2117 1693 arte
2152 1652 2306 1706 pessimi

1269 1707 1417 1762 quique
1453 1706 1657 1748 servorum
1694 1705 1857 1760 ignavia
1882 1737 1894 1758 ‚
1938 1706 1979 1750 &
2024 1706 2309 1752 imbecillitate

1270 1765 1535 1805 dominorum
1582 1761 1800 1805 civitatem
1846 1765 2085 1806 Romanam
2129 1765 2306 1820 asseque-

1271 1821 1420 1862 bantur
1452 1835 1463 1872 3
1514 1818 1698 1862 nominis
1743 1832 1881 1863 autem
1916 1820 2098 1863 Romani
2133 1822 2312 1878 dignitas

1275 1879 1538 1931 pessimorum
1572 1875 1729 1919 civium
1762 1876 2013 1932 turpitudine
2044 1877 2315 1931 polluebatur.

1278 1935 1373 1977 Ideo
1407 1932 1643 1976 Domitiani
1676 1934 1932 1989 temporibus
1965 1934 2035 1978 has
2069 1935 2223 1980 fraudes
2243 1939 2312 1981 Se-

1278 2004 1394 2033 natus
1427 1990 1594 2033 resecuit
1622 2005 1634 2042 3
1665 1990 1880 2034 obscurum
1899 2023 1912 2043 ,
1942 2008 2023 2047 quo
2041 2008 2152 2035 anno
2177 2026 2188 2046 ‚
2222 1994 2315 2049 qui-

1276 2049 1425 2101 busque
1470 2047 1583 2089 Coss.
1627 2046 1837 2102 Siquidem
1887 2047 1964 2092 hoc
2007 2050 2046 2090 S.
2081 2051 2131 2091 C.
2164 2050 2315 2093 alicubi

1277 2104 1446 2157 Juniani
1498 2117 1652 2146 nomen
1706 2104 1862 2159 praefert
1906 2137 1917 2158 ‚
1983 2105 2026 2148 Sc
2080 2106 2317 2150 adscribitur

1283 2162 1525 2204 Domitiano
1547 2159 1692 2202 Caesari
1718 2192 1730 2213 ,
1765 2162 1809 2204 ὃς
1840 2161 1979 2216 Appio
2011 2163 2134 2213 Junio
2166 2164 2318 2208 Sabino

1279 2219 1393 2262 Coss.
1426 2234 1493 2260 an.
1529 2220 1579 2260 A.
1601 2219 1660 2259 U.
1681 2218 1734 2260 C.
1758 2219 2135 2264 DCCCXXXVI.
2169 2221 2321 2266 alicubi

1220 2310 1232 2331 ,
1283 2292 1378 2319 vero
1414 2274 1679 2318 Numianum
1713 2275 1947 2331 appellatur
1982 2308 1994 2329 ‚
2044 2290 2088 2321 ut
2121 2279 2162 2321 in
2196 2278 2320 2322 titulo

191 2338 301 2380 inter
346 2350 444 2390 quos
486 2334 632 2388 aliquis
662 2349 749 2378 erat
783 2334 951 2387 infans,
983 2336 1052 2391 qui
1085 2351 1233 2378 manu-
1282 2333 1450 2375 Codicis
1481 2332 1528 2374 de
1561 2328 1761 2384 collusione
1791 2333 2004 2389 detegenda
2035 2366 2047 2388 ‚
2094 2338 2230 2391 Quam
2265 2336 2322 2380 le-

191 2392 359 2437 mittere
403 2407 486 2435 non
519 2391 724 2443 juberetur
755 2406 767 2445 3
813 2392 1027 2436 absurdum
1071 2392 1234 2435 videba-
1281 2389 1462 2433 &tionem
1510 2387 1705 2439 Cujacius
1747 2390 1788 2432 in
1829 2402 1957 2444 parat.
1994 2393 2055 2443 (e
2086 2393 2103 2443 )
2134 2393 2327 2436 emenda-

194 2462 260 2493 tur
280 2481 292 2503 ,
324 2462 368 2491 ut
399 2449 506 2506 quod
538 2449 569 2491 is
601 2447 677 2492 fari
705 2464 787 2491 non
818 2449 967 2503 posset,
999 2461 1119 2511 atq-ue
1145 2448 1237 2491 aliis
1286 2446 1348 2489 vit
1381 2462 1427 2489 ex
1462 2444 1639 2488 Basilicis
1664 2476 1676 2497 ,
1711 2447 1779 2489 ubi
1799 2446 1969 2502 legitur:
2004 2449 2056 2488 em·
2085 2452 2162 2488 τῶν
2191 2449 2318 2489 musar

193 2505 406 2550 heredibus
460 2506 632 2548 vendere
689 2518 844 2561 partem

903 2506 1010 2547 suam
1063 2504 1236 2558 impedi·
1285 2501 1451 2554 Σόγματι
1483 2502 1663 2562 ἐγγροξφως
1685 2500 1907 2550 &praeirem
1947 2503 1990 2546 &
2018 2503 2193 2557 reposuit
2217 2505 2329 2547 Nin-

196 2575 306 2606 retur
329 2595 342 2616 ,
395 2562 470 2615 [c]
504 2560 668 2604 libertas
693 2593 705 2615 ,
727 2575 825 2625 ‘quae
855 2563 904 2604 ab
937 2561 1029 2603 aliis
1062 2560 1235 2616 praestari
1288 2560 1451 2600 niarium
1483 2572 1503 2597 a
1538 2557 1704 2600 Nimia
1736 2569 1856 2611 gente
1882 2591 1893 2612 ‚
1928 2559 1975 2602 de
2000 2575 2078 2615 qua
2105 2559 2182 2604 fuit
2205 2562 2326 2605 Trib.

197 2631 393 2676 poterat,
436 2632 598 2663 tantum
643 2619 693 2662 ab
726 2618 884 2661 infante
918 2633 1003 2661 non
1038 2630 1196 2673 poterat
1229 2649 1238 2659 .

397 2682 419 2701 Ο
1117 2696 1119 2698 ,

200 2748 309 2761 .-

559 2747 1017 2759 n—--—·——-—

245 2780 303 2820 (a')
319 2755 368 2810 ³1..
384 2791 447 2812 non
463 2789 595 2811 tantum
616 2789 666 2816 5¹.
683 2777 720 2823 ff
739 2780 776 2811 de
792 2777 986 2819 fideicomm.
1008 2777 1068 2810 lib.

245 2824 326 2865 ζ’)
352 2828 405 2856 De
430 2824 561 2856 austere
589 2824 666 2857 SCti
694 2820 910 2860 Articuleiani
937 2821 1157 2855 conferendus
1175 2832 1240 2854 ve·

202 2872 255 2901 tus
280 2869 362 2911 lapis
387 2868 473 2911 apud
497 2874 680 2903 Gruterum
701 2876 730 2910 p.
751 2877 804 2906 35.
830 2881 863 2900 n·
881 2879 911 2901 2.
940 2869 969 2900 &
989 2868 1184 2908 Spartianus
1203 2864 1242 2897 ad

205 2914 391 2946 adrianum
419 2924 443 2945 e.
473 2923 502 2951 3.
531 2916 612 2955 Quae
636 2914 676 2946 de
701 2917 788 2947 SCto
817 2913 982 2956 Junciano
1006 2912 1164 2952 deinceps
1188 2909 1234 2942 di-

203 2965 323 2989 cuntur
344 2979 356 2996 ,
382 2958 592 2991 commodius
619 2957 761 2996 subjecta
785 2957 915 2991 fuiffeiit
942 2957 1106 2998 superiori
1137 2955 1245 2988 rubri-

328 3004 466 3034 Servum
503 3014 542 3036 ex
572 3007 631 3038 SC·
661 3003 825 3046 Junciano
852 3003 1086 3036 manumissum
1112 2999 1244 3034 heredis

203 3010 286 3032 eae.

1290 2615 1417 2671 plebis
1466 2612 1535 2656 ille
1573 2645 1585 2666 ,
1635 2613 1705 2670 qui
1756 2614 2035 2661 intercessione
2083 2617 2148 2661 sua
2180 2618 2328 2721 resgltit

2286 2694 2331 2721 0-

1744 2744 2327 2760 —n———..———-—··——-.--

1293 2775 1371 2807 buat
1400 2772 1568 2805 Merillius
1595 2772 1671 2815 Obfi
1692 2775 1750 2804 IV.
1779 2785 1834 2812 24·
1860 2775 1893 2808 Si
1919 2775 1945 2807 is
1970 2776 2011 2809 ab
2037 2775 2157 2810 herede
2182 2776 2327 2813 diversit

1294 2820 1333 2851 sit
1350 2841 1359 2856 ,
1385 2818 1495 2860 qualis
1519 2818 1563 2849 est
1594 2826 1723 2860 emptor
1751 2818 1852 2852 servi.

1341 2863 1399 2902 (h)
1427 2866 1463 2894 L.
1482 2866 1534 2895 82.
1570 2865 1596 2904 ᾗ.
1610 2863 1639 2904 fi
1654 2864 1726 2905 quis
1739 2861 1774 2904 ff.
1795 2863 2037 2905 defideicomm.
2054 2864 2166 2899 libert.

1341 2908 1396 2948 (c)
1420 2910 1454 2950 L.
1474 2919 1541 2940 cum
1560 2908 1646 2950 quast
1663 2918 1712 2946 30.
1734 2911 1762 2949 ξ.
1777 2908 1801 2946 [ἱ
1815 2909 1971 2954 pluresff.
1990 2911 2026 2943 de
2035 2910 2143 2952 fideic.
2163 2911 2221 2946 tib.

1344 2954 1403 2992 (d)
1428 2953 1624 2985 Hottoman.
1641 2954 1677 2985 de
1691 2954 1726 2984 S.
1747 2956 1780 2985 C.

1347 2997 1447 3036 (⁸³⁹¹)
1484 2997 1545 3029 Adi
1586 2998 1676 3030 viros
1725 2998 1878 3031 Eximios
1907 3020 1918 3039 ,
1956 3002 2121 3033 ottonem
2163 3003 2197 3035 in
2237 3006 2332 3046 Praef.

1407 2743 1513 2753 ...—

203 3045 366 3077 libertum
391 3043 480 3079 fuiffe
501 3070 511 3086 ,
538 3049 691 3081 Gravinae
717 3049 861 3081 libenter
887 3047 1079 3085 credimus,
1111 3053 1248 3087 propter
1305 3043 1346 3075 T.
1364 3045 1395 3074 Ι.
1422 3044 1485 3074 Th.
1515 3042 1576 3081 iar·
1603 3050 1636 3086 p.
1665 3053 1715 3082 34-
1743 3043 1773 3074 ἃ
1803 3044 2019 3091 Ηθῖῐῑῐὶθῦῑυξῑῑ
2044 3047 2078 3078 Ῐῆ
2105 3046 2250 3089 Ηὲβθΐὲεὲ
2271 3049 2324 3089 ju-

205 3089 339 3121 laudata
363 3090 460 3121 verba
485 3093 506 3123 1.
532 3096 586 3124 28-
613 3095 631 3135 §
659 3104 691 3130 4.
719 3097 762 3125 D.
782 3094 819 3125 de
838 3093 1034 3134 fideicomm.
1062 3090 1172 3123 laben.
1192 3088 1250 3122 etsl
1304 3088 1351 3120 ris
1375 3095 1404 3130 p·
1428 3099 1499 3127 ¹94·

207 3130 258 3172 3³²⁵
295 3140 488 3181 patronatus
526 3136 561 3169 in
588 3135 717 3171 servum
743 3137 830 3172 hunc
858 3138 995 3180 pristino
1019 3136 1162 3170 domino
1189 3134 1254 3168 tri—

1351 3134 1410 3174 (ε)
1438 3135 1512 3167 Tit.
1536 3135 1569 3165 C·
1586 3133 1622 3167 n'e
1638 3133 1748 3173 collus.
1766 3132 1870 3175 deteg-
