2524 3479
130 112 204 166 74

257 225 297 269 c
359 227 397 271 A
462 220 491 269 Ρ
551 229 595 269 u
657 228 700 268 T
790 227 1048 271 CXXXVI.

395 345 462 389 De
494 343 684 386 Novellis
705 343 870 396 Juliani
892 373 902 385 .

270 462 363 504 Anc
396 472 534 504 autem
554 459 782 503 versionem
807 492 818 513 ,
851 458 1029 516 adspersa
1049 460 1176 504 etiam

134 559 140 563 .
286 519 420 575 aliqua
454 517 659 574 elegantia
682 549 694 571 ‚
726 519 768 561 in
800 518 1010 572 epitomen
1045 520 1179 576 coegit

132 578 322 631 Julianus
352 578 573 620 antecessor
593 609 604 629 ‚
639 575 716 619 sive
750 575 934 631 publicus
958 576 1094 633 legum
1118 579 1182 620 in-

133 650 284 691 terpres
300 633 788 688 constantinopolitanus
805 666 817 687 ‚
851 635 918 689 qui
940 634 1006 677 sub
1023 635 1180 686 Justino

136 693 333 744 secundo,
366 693 538 734 Tiberio
572 691 770 741 secundo,
802 692 845 734 &
877 691 1086 734 Mauricio
1109 693 1176 736 llo-

136 751 220 794 ruit
259 782 269 793 .
321 751 479 792 Verum
504 782 516 803 ,
550 750 643 805 quia
677 749 802 792 versio
838 764 920 791 non
954 748 1045 792 esset
1079 751 1183 790 κατά

135 807 251 848 πάθας
279 840 290 861 ,
323 808 564 863 publicaque
596 807 838 850 aufioritate
870 820 1062 860 careret,
1095 823 1180 863 gra-

135 880 185 907 ve
220 880 374 908 nomen
411 864 734 908 Autenticorum
769 865 892 920 priori
927 864 988 907 illi
1010 895 1021 917 ,
1055 881 1101 908 ac
1125 866 1181 908 lo-

136 922 354 975 cupletiori
389 924 524 966 cessit:
562 923 629 965 ista
661 938 756 965 vero
792 921 917 964 versio
946 938 1100 967 nomen
1125 939 1180 966 re-

137 980 269 1023 tinuit
301 981 474 1024 auctoris
511 981 562 1023 sui
599 1012 610 1032 ,
658 979 995 1036 appellanturque
1027 980 1182 1032 Juliani

138 1038 314 1081 novellae
335 1070 344 1080 .
380 1039 504 1080 Porro
537 1038 754 1091 Anonymi
788 1037 914 1080 versio
946 1038 1017 1080 illa
1042 1039 1110 1082 diu
1139 1040 1182 1082 in

137 1095 330 1138 barbariae
363 1094 541 1138 tenebris
572 1095 691 1138 latuit
725 1111 734 1136 τ
781 1095 885 1138 unde
918 1096 966 1139 ad
999 1111 1072 1139 nos
1108 1099 1178 1140 Lo-

138 1153 260 1196 tharii
292 1155 349 1195 11.
384 1153 635 1208 temporibus
657 1185 668 1204 ,
701 1153 933 1208 perturbata
966 1156 1185 1210 pervenit,

138 1210 405 1266 plurimisque
438 1209 594 1254 lacunis
627 1209 746 1252 hians
773 1243 784 1263 ,
817 1211 1025 1255 diminuto
1058 1214 1183 1256 etiam

136 1283 312 1313 nurnero
345 1267 634 1312 novellarum.
669 1268 784 1311 Hinc
818 1270 1030 1318 Irnerius,
1061 1271 1185 1322 Juris-

139 1325 421 1369 consultorum
478 1325 665 1369 Lotharii
710 1338 894 1381 tempore
937 1328 1142 1372 maximus
1175 1362 1186 1381 ,

141 1395 211 1426 aut
242 1383 421 1439 quisquis
455 1382 578 1426 fuerit
607 1383 711 1426 alius
742 1385 895 1427 Graecae
927 1384 1080 1441 linguze
1110 1387 1182 1430 rni-

138 1441 252 1484 nirne
288 1441 548 1495 peritissimus
583 1473 595 1494 ‚
642 1441 807 1484 lacunas
840 1441 932 1484 illas
963 1444 1146 1498 explevit
1178 1473 1188 1480 -

142 1498 376 1554 Burguntio
409 1514 505 1542 vero
535 1530 547 1552 ‚
598 1498 676 1541 sive
709 1500 906 1554 interpres
937 1500 1040 1543 alius
1072 1533 1084 1553 ‚
1119 1517 1183 1544 ne-

110 1561 119 1569 *
143 1556 278 1611 gleS'to
324 1559 479 1611 prorsus
518 1556 648 1599 veteri
684 1556 952 1605 novellarum*
978 1573 1150 1601 numero
1177 1591 1189 1612 ‚

141 1629 192 1657 ex
224 1614 393 1667 antiqua
426 1612 521 1656 serie
553 1612 634 1664 jam
670 1615 902 1668 perturbata
933 1631 1044 1658 anno
1066 1616 1189 1660 Chri-

140 1671 186 1713 sti
215 1672 401 1714 MCXL.
434 1686 586 1714 novam
623 1672 823 1726 pertexuit
855 1672 899 1716 in
933 1688 1084 1717 novem
1106 1673 1190 1717 col-

142 1727 318 1772 lationes
349 1729 579 1772 tributam:
615 1729 656 1772 in
691 1745 819 1785 quas,
853 1730 1049 1785 suppresso
1083 1732 1190 1787 prio-

147 1787 178 1829 ri
212 1787 385 1840 ordine,
424 1786 647 1842 superstites
679 1787 864 1831 novellas
896 1789 1080 1842 digessit.
1116 1789 1191 1832 Di-

143 1844 216 1888 &ae
251 1845 340 1887 sunt
372 1856 509 1887 autem
543 1843 785 1888 collationes
817 1878 829 1899 ,
879 1846 987 1902 quasi
1034 1847 1192 1890 collatae

146 1902 194 1945 ad
227 1901 325 1945 alias
358 1934 369 1954 ‚
413 1914 535 1957 atque
577 1902 768 1957 oppositae
811 1902 858 1946 ad
891 1904 1149 1948 declarandas
1181 1937 1192 1959 ,

146 1959 212 2002 vel
244 1960 494 2015 abrogandas
527 1959 744 2015 superiores
776 1960 882 2017 leges
912 1962 1079 2005 Codicis
1107 1980 1116 2004 :
1150 1963 1193 2006 ὃς

149 2030 363 2073 propterea
405 2029 594 2060 extremo
641 2018 788 2061 Codici
832 2017 994 2070 adjess’tae
1020 2052 1028 2062 .
1072 2021 1192 2075 Quod

146 2075 344 2118 volumen
378 2074 421 2117 in
453 2074 522 2118 usu
556 2075 729 2129 positum
762 2108 773 2127 ,
817 2076 959 2131 spretis
990 2077 1081 2121 aliis
1107 2079 1194 2122 ⁴edi-

146 2133 330 2175 tionibus
351 2164 362 2185 ‚
395 2132 682 2176 authenticum
708 2133 786 2177 fuit
805 2135 1082 2189 appellatum:
1120 2153 1190 2192 pu-

148 2190 300 2234 blicam
333 2190 448 2233 enim
480 2190 528 2232 ab
564 2192 884 2244 Imperatoribus
904 2193 1191 2237 austoritatem

151 2248 308 2302 accepit
332 2280 340 2288 .
374 2247 480 2289 Aliae
504 2262 600 2290 vero
619 2249 837 2299 justiniani
858 2250 1076 2305 Novellae,
1107 2267 1213 2307 quae.

152 2321 277 2360 opera
308 2304 562 2348 eruditorum
598 2307 728 2359 postea
758 2307 1007 2351 emerserunt
1033 2325 1042 2349 ε
1092 2323 1192 2353 item

151 2361 328 2406 novellae
360 2361 508 2405 Leonis
528 2394 540 2415 ,
572 2375 641 2405 aut
672 2363 849 2408 aliorum
874 2366 1194 2421 Imperatorum,

154 2435 239 2462 non
266 2436 411 2476 corpus
432 2419 530 2472 juris
554 2435 757 2464 auxerunt
779 2438 791 2475 3
828 2422 885 2465 sed
919 2436 1081 2467 tanturn
1105 2441 1195 2468 eru-

154 2477 356 2521 ditionem
380 2509 392 2532 ,
422 2477 466 2522 δι
489 2478 638 2534 recepti
664 2478 761 2531 juris
788 2480 1136 2536 intelligentiam.

267 2593 308 2636 C
368 2594 409 2636 A
471 2593 501 2636 P
561 2595 605 2636 U
666 2595 710 2637 T
800 2597 1080 2641 CXXXVII.

349 2707 414 2749 De
443 2709 690 2753 Triboniano
715 2742 727 2764 ‚
757 2711 813 2755 (θ’
841 2713 968 2756 Sociis
986 2745 995 2755 .

158 2815 529 2922 COmmodum
576 2838 684 2867 nunc
725 2824 772 2867 de
801 2826 1070 2882 compositore
1103 2827 1199 2879 juris

290 2879 552 2922 Triboniano
583 2881 815 2925 disseremus
846 2900 853 2924 :
903 2900 952 2927 ne
997 2885 1040 2928 in
1075 2887 1199 2930 variis

160 2935 319 2988 judiciis
340 2968 351 2989 ,
385 2953 471 2991 quae
503 2937 548 2981 de
582 2937 659 2980 hoc
691 2940 794 2993 apud
827 2941 1006 2985 aufisores
1038 2944 1198 2987 inveni-

162 3008 310 3040 untur,
346 2994 533 3038 studiosus
565 3008 633 3038 aut
666 2995 812 3039 haereat
842 3029 854 3050 ,
896 3011 964 3041 aut
998 2999 1156 3044 labatur

162 3052 245 3095 Hic
279 3051 303 3094 si
337 3052 427 3094 talis
461 3051 614 3107 suisset,
648 3054 779 3109 qualis
811 3055 980 3099 traditur
1009 3074 1031 3099 a
1063 3059 1199 3112 Suid33

160 3110 337 3154 minime
370 3109 515 3167 dignus
546 3124 630 3156 erat
651 3143 663 3166 ‚
697 3112 760 3157 cui
793 3113 1045 3165 justinianus
1077 3129 1200 3161 tantae

1188 3034 1197 3045 .
1247 3001 1403 3046 selicius
1441 3002 1673 3056 explicasset
1705 3033 1715 3044 .

525 93 654 146 DE
725 93 1018 147 ORTU
1082 94 1228 147 ET
1298 94 1919 155 PROGRESSU

1231 168 1321 233 fidei
1363 186 1464 226 opus
1509 174 1813 230 concrederet3
1863 173 1996 232 qualis
2035 173 2272 219 emendatio

1227 227 1307 271 fuit
1328 258 1340 280 2
1373 241 1495 286 atque
1522 231 1687 288 digestio
1711 233 1809 286 juris
1834 233 1968 277 civilis
1989 265 1999 277 .
2032 235 2146 277 Nam
2174 247 2272 287 prae-

1228 298 1286 328 ter
1311 288 1557 343 avaritiam,
1590 291 1633 334 ὃς
1660 291 1980 335 mercimonium
2003 291 2275 347 quodammo-

1227 343 1277 386 do
1308 341 1444 398 legum
1461 377 1473 399 ,
1508 348 1671 393 nullum
1692 351 1747 394 est
1771 351 1929 394 crimen
1957 382 1968 404 ‚
2002 348 2113 400 cujus
2135 365 2157 391 a
2181 347 2274 390 Sui-

1230 401 1278 464 da
1305 416 1389 464 non
1417 403 1634 458 postuletur
1659 440 1678 451 ,.
1731 409 1910 452 Homini
1949 407 2062 452 enim
2087 409 2128 450 in
2158 417 2274 448 tanta

1231 459 1436 522 dignitate
1459 464 1679 510 constituto
1704 466 1947 522 religionem
1975 465 2152 508 detrahit
2177 496 2188 517 ‚
2232 463 2276 505 ὅτ.

1235 528 1431 572 pietatem
1453 535 1651 573 ornnem,
1683 537 1802 580 atque
1827 524 2078 567 honestatem
2108 555 2116 564 .
2162 523 2275 564 Eum

1234 588 1424 629 praeterea
1458 576 1556 622 facit
1596 581 1881 624 assentatorem
1925 581 2161 635 improbum
2188 611 2199 631 ,
2236 580 2277 618 δί

1232 632 1487 679 fallaciarum
1522 638 1721 682 artificem
1761 638 2067 681 callidissimum
2100 670 2112 690 ‚
2164 634 2276 686 cujug

1232 691 1314 734 astu
1356 691 1491 736 scribit
1515 695 1790 746 Justinianurn
1825 696 1892 738 sibi
1918 694 2136 749 persuafiise
2173 708 2280 736 nun-

1232 765 1358 805 quam
1382 751 1645 797 interiturum
1668 769 1680 808 3
1716 754 1774 797 sed
1806 752 1923 796 simul
1949 768 2043 795 curn
2072 766 2239 806 corpore
2266 783 2279 803 ‚

1233 820 1353 862 atque
1378 810 1520 853 animo
1548 812 1591 854 in
1616 812 1789 855 Coelum
1812 810 2100 854 advolaturum
2137 840 2145 850 .
2206 809 2284 850 se-

1235 865 1474 911 stimonium
1501 868 1590 913 sane
1617 884 1700 913 non
1728 883 1812 912 tam
1839 868 2103 911 Triboniano
2125 865 2279 920 puden-

1234 923 1330 967 dum
1353 957 1364 978 ‚
1396 941 1521 981 quam
1547 926 1621 980 ipsi
1646 927 1778 971 Suidae
1801 943 1811 970 ε
1857 928 1925 983 qui
1951 925 2196 969 auistoritate
2224 938 2286 966 re-

1233 982 1442 1035 darguitur
1458 984 1692 1040 Procopiise
1711 986 1829 1039 longe
1847 984 2009 1035 majoris
2025 983 2113 1025 fidei
2141 1014 2149 1023 .
2183 982 2280 1024 Ete-

1237 1039 1323 1082 nim
1351 1040 1570 1092 Procopius
1601 1074 1613 1095 ,
1647 1043 1717 1085 etsi
1742 1045 1791 1085 ab
1816 1042 1890 1085 hac
1919 1041 2026 1085 foe-:la
2054 1039 2287 1082 Tribonia-

1237 1113 1336 1140 num
1374 1097 1643 1142 assentatione
1675 1115 1758 1142 non
1788 1098 1949 1143 excusat
1976 1099 2018 1141 in
2044 1112 2192 1140 arcana
2222 1097 2284 1139 hi-

1239 1155 1387 1208 storia3
1421 1156 1463 1198 in
1489 1157 1634 1200 ceteris
1660 1170 1802 1201 tamen
1829 1157 1942 1199 libris
1969 1155 2073 1198 haud
2101 1154 2208 1197 levia
2239 1155 2287 1198 de

1238 1212 1311 1256 illo
1333 1213 1495 1257 virtutis
1509 1229 1752 1271 argumenta
1769 1214 1934 1270 reliquit
1950 1246 1959 1256 .
1998 1212 2139 1256 Refert
2154 1210 2287 1265 enim,

1238 1271 1546 1316 Tribonianum
1570 1274 1737 1329 ingenio
1768 1272 1879 1316 fuisse
1908 1271 1997 1315 miti
2022 1303 2034 1326 ,
2067 1285 2189 1326 atque
2211 1269 2290 1313 hu-

1240 1344 1390 1382 mano,
1423 1330 1465 1372 &
1493 1331 1595 1374 lucri
1621 1332 1785 1387 quidem
1817 1330 2008 1385 cupidum
2033 1361 2043 1382 ‚
2082 1329 2141 1372 sed
2163 1327 2293 1371 hone·

1241 1386 1282 1428 sti
1321 1419 1332 1439 ‚
1377 1399 1499 1442 atque
1538 1389 1584 1430 ad
1615 1389 1720 1445 leges
1746 1390 1926 1445 figendas
1956 1387 2251 1442 religendasque
2278 1415 2291 1438 ‚

1241 1459 1324 1486 non
1359 1456 1444 1487 tam
1479 1447 1613 1501 precio
1647 1479 1657 1499 ‚
1690 1463 1812 1503 quam
1842 1446 2114 1489 inconstantia
2149 1458 2289 1486 reruzn

1241 1502 1516 1545 humanarum
1549 1505 1765 1547 addufisu‘n
1799 1503 1944 1547 fuisse.
1980 1504 2073 1558 Ego
2110 1502 2198 1544 sane
2234 1500 2288 1542 il-

1243 1560 1355 1611 lum,
1391 1560 1556 1614 perinde
1589 1578 1634 1605 ac
1667 1563 1796 1618 vulgo
1820 1562 1946 1606 solent
1969 1559 2184 1611 homine8‚
2218 1573 2292 1601 ne-

1240 1633 1317 1673 que
1350 1617 1549 1661 vitiorum
1584 1620 1822 1663 crediderim
1857 1652 1869 1673 ‚
1916 1633 2044 1674 neque
2085 1619 2286 1678 virtutum

1244 1677 1445 1718 summam
1477 1676 1678 1733 attigisse:
1712 1677 1755 1720 ἃ
1781 1677 1806 1720 si
1833 1692 1916 1720 non
1947 1676 2127 1732 semper,
2161 1687 2201 1717 at
2216 1673 2295 1716 ali-

1241 1733 1402 1788 quando
1433 1747 1540 1778 certe
1572 1736 1618 1778 in
1643 1735 1871 1780 mutatione
1899 1734 1994 1785 juris
2022 1732 2170 1789 veteris
2194 1763 2206 1785 ,
2248 1730 2294 1774 δε

1244 1790 1342 1833 novi
1381 1792 1585 1835 creatione
1615 1793 1750 1848 precio
1782 1826 1794 1847 ‚
1845 1807 1913 1837 aut
1947 1790 2138 1847 potentiae
2171 1788 2293 1832 fidem

1241 1848 1430 1892 addixisse
1452 1880 1462 1891 .
1506 1851 1655 1906 Neque
1687 1864 1827 1894 tamen
1861 1849 2124 1894 concesserim
2158 1849 2296 1890 Hoto-

1244 1922 1399 1949 manno
1427 1938 1439 1959 ‚
1483 1909 1551 1963 qui
1587 1908 1804 1952 hominem
1837 1908 1938 1951 totis
1972 1904 2120 1949 libellis
2153 1903 2296 1967 conci-

1241 1964 1299 2006 dit
1335 1995 1347 2017 ‚
1390 1964 1702 2010 Tribonianum
1749 1965 1946 2023 quidquid
1991 1962 2155 2019 antiqui
2197 1975 2295 2013 juris

1241 2021 1426 2078 attigerit
1462 2054 1475 2076 ,
1521 2024 1649 2067 veluti
1684 2039 1843 2067 veneno
1878 2055 1890 2076 ‚
1934 2034 2002 2066 aut
2036 2021 2126 2064 tabe
2157 2019 2293 2075 aliqua

1243 2079 1458 2136 corrupisse
1485 2112 1494 2123 .
1528 2084 1666 2137 Quam
1702 2081 1832 2125 multa
1862 2080 1977 2124 enim
1998 2094 2170 2132 eorum,
2203 2093 2292 2134 quae

1244 2153 1350 2180 nova
1385 2138 1556 2193 protulit
1589 2140 1837 2191 Justinianus
1867 2171 1880 2192 ,
1930 2150 2072 2193 utpote
2106 2151 2296 2180 commo-

1242 2195 1353 2238 diora
1399 2197 1649 2252 temporibus
1685 2214 1696 2250 3
1749 2192 2004 2253 expeditiora
2049 2196 2140 2238 sunt
2183 2206 2296 2236 vete-

1243 2253 1352 2308 ribus
1384 2252 1537 2304 legibus
1564 2286 1575 2306 ‚
1607 2268 1729 2311 atque
1763 2253 2048 2310 simpliciora?
2084 2251 2189 2306 Quis
2222 2266 2294 2294 ve-

1245 2325 1288 2353 ro
1319 2309 1460 2354 tulerit
1491 2311 1810 2356 inclementiam
1842 2326 1984 2355 eorum
2016 2341 2028 2360 ‚
2061 2311 2129 2365 qui
2163 2309 2291 2370 quod-

1243 2383 1403 2424 cunque
1451 2368 1494 2412 in
1539 2368 1652 2412 libris
1695 2369 1828 2421 juris,
1881 2368 1944 2412 vel
1988 2368 2032 2410 in
2078 2366 2290 2424 historia²

1244 2424 1309 2468 vel
1353 2425 1396 2469 in
1440 2427 1572 2470 verbis
1605 2426 1727 2471 fuerit
1757 2438 1937 2470 erratum
1967 2457 1980 2479 ,
2021 2425 2103 2480 uni,
2138 2424 2295 2467 Tribo-

1245 2483 1370 2526 niano
1401 2483 1663 2528 adscribunt:
1707 2485 1815 2541 quasi
1863 2484 2074 2539 scriptores
2105 2497 2251 2527 omnes
2284 2513 2297 2536 ‚

1244 2540 1464 2598 omnesque
1496 2542 1779 2594 Iurisconsulti
1807 2576 1819 2596 ‚
1865 2542 1915 2584 ab
1957 2540 2074 2584 omni
2108 2556 2244 2584 errore
2277 2571 2290 2592 ,

1248 2611 1390 2654 praeter
1434 2599 1661 2644 humanam
1705 2599 1988 2644 conditionem
2022 2598 2177 2642 fuerint
2208 2599 2291 2641 im-

1248 2672 1391 2699 munes
1422 2689 1435 2710 ,
1491 2670 1620 2702 totam
1677 2674 1773 2702 vero
1830 2655 2101 2701 humanitatis
2157 2655 2291 2698 labem

1245 2713 1473 2758 exhauserit
1503 2716 1826 2760 Tribonianus?
1871 2715 2037 2771 Erravit
2085 2712 2289 2756 nimirum

1247 2771 1315 2815 ille
1350 2787 1360 2812 τ
1405 2772 1500 2827 quid
1534 2774 1615 2816 ni?
1656 2774 1744 2817 imo
1784 2774 1828 2817 &
1873 2770 2097 2826 saepiuscule
2126 2786 2146 2810 :-
2171 2770 2293 2827 quip-

1247 2845 1293 2885 pe
1343 2828 1570 2884 implicitus
1614 2831 1738 2873 tantis
1786 2829 2183 2873 commentariorum
2227 2829 2294 2871 in-

1249 2885 1459 2930 volucris:
1515 2902 1535 2930 e
1579 2887 1724 2943 quibus
1767 2886 1899 2930 nescio
1942 2885 2130 2941 quisnam
2173 2901 2295 2930 accu-

1249 2944 1424 2988 satorum
1476 2943 1626 2988 melius
1661 2977 1673 2998 ‚
1718 2956 1818 2987 >tam
1861 2944 1974 2986 brevi
2023 2957 2206 2999 tempore
2256 2943 2291 2986 se

1761 3001 1928 3045 Erravit
1973 3001 2041 3046 ille
2067 3034 2079 3056 ,
2124 3001 2289 3045 fateor:

1249 3059 1308 3102 sed
1341 3074 1469 3115 neque
1504 3059 1547 3102 in
1579 3060 1772 3104 omnibus
1799 3091 1811 3113 ‚
1853 3075 1983 3115 neque
2027 3075 2132 3104 unus
2169 3091 2179 3101 .
2231 3061 2290 3101 At

1247 3116 1324 3161 fuit
1385 3115 1547 3173 posteris
1607 3118 1754 3163 noxius
1791 3149 1804 3172 ,
1854 3130 2018 3174 propter
2069 3118 2296 3171 intercepta

2191 3185 2301 3218 vete·
