2524 3479
183 96 315 136 xxm
324 96 342 133 1

181 157 339 214 plures:
376 151 476 197 hinc
507 149 729 197 ciu'tamm
762 149 835 195 esse
855 150 1087 205 originem3
1118 160 1217 201 qua-

179 230 271 258 rum
307 210 523 256 seminaria
555 210 631 253 sint
652 208 940 254 matrimonia.
977 205 1053 250 Sed
1071 205 1114 247 ὅ(
1136 206 1222 266 haec

179 284 225 317 ut
258 270 437 314 multam
472 269 626 311 habent
657 265 972 311 confusionem:
1008 265 1065 307 ita
1092 274 1223 303 varias

181 329 395 386 patiuntur
419 326 632 370 instantias
650 357 663 367 .
699 324 855 378 Utique
877 321 1105 366 Hobbesi-us
1125 317 1223 383 cba-

181 387 351 431 ritatem
384 384 619 429 nullatenus
690 380 752 424 sed
784 380 990 423 feritatem
1018 410 1033 432 ‚
1067 389 1224 439 ratione

183 443 325 488 induci
359 443 448 486 vult
478 474 489 483 .
542 442 634 484 Nec
677 439 731 482 est
773 438 913 482 eadem
958 437 999 478 in
1031 448 1225 488 conjugio

183 501 363 546 charitas
395 502 438 542 δ’.
470 501 555 541 imo
587 497 712 540 etiam
746 495 789 539 in
823 493 954 538 brutis
980 509 1031 536 ea
1053 506 1227 547 propen-

186 559 242 602 sio
274 559 353 609 est3
386 572 474 613 quae
505 569 645 599 tamen
681 553 839 596 ratione
871 567 957 593 non
989 551 1222 611 ducuntur:

186 627 309 671 prout
342 630 416 657 nec
446 629 496 656 eo
529 612 652 655 modo
684 626 753 667 per
783 610 987 652 rationem
1018 605 1228 668 ‚possetin-

188 672 373 716 troducla
405 670 484 713 dic-i
518 669 662 713 civitas
694 669 736 711 ὅ(
760 666 1011 722 imperium,
1042 679 1121 719 qua
1143 677 1224 713 iam

190 742 286 773 ante
318 728 505 771 Gravina
537 727 701 769 volebat
733 724 906 779 imperia
936 720 1169 765 consistere.

249 786 384 828 Deinc
427 785 535 827 idem
582 782 616 836 §.
651 797 709 826 110
741 782 798 824 ait
825 813 837 834 ,
870 780 1000 832 JCtos
1034 777 1180 837 referre
1214 805 1226 828 ‚

189 841 460 887 matrimonia
502 840 545 883 δι
590 841 767 895 patriam
810 837 1060 898 potestatem·
1090 831 1137 875 ad
1167 846 1229 883 jus

191 900 376 944 naturale
398 915 410 952 3
443 896 639 941 Familias
670 911 772 940 vero
797 895 845 938 ad
869 894 928 946 jus
949 904 1148 952 genti-um·
1166 904 1228 932 re-

196 957 381 1001 ferendas
412 955 485 998 esl‘e
513 971 525 1008 3
575 953 737 1009 quando
762 952 913 1015 ‘plures
943 963 1096 1014 ‘earum
1139 961 1233 998 Jun-

196 1027 346 1071 gantur
372 1045 380 1055 .
414 1014 472 1055 Et
503 1024 645 1054 tamen
677 1009 865 1064 coniugia
894 1019 1022 1069 etiam
1052 1020 1103 1048 ex
1132 1018 1232 1059 gen-

195 1072 303 1115 tium
335 1070 444 1122 iure,
476 1068 577 1124 quin
610 1068 653 1110 δε
686 1066 800 1109 civili
836 1077 986 1120 partim
1012 1095 1024 1116 ‚
1066 1060 1229 1124 censen·

197 1140 287 1171 tur:
324 1138 443 1182 prout
476 1125 607 1169 multa
628 1125 670 1167 in
691 1122 860 1179 singulis
887 1121 1091 1164 habentur
1108 1117 1229 1160 fami-

197 1184 261 1228 liis
276 1217 288 1239 ‚
321 1199 408 1240 qua?
426 1182 472 1226 ad
495 1197 631 1225 mores
654 1181 843 1236 gentium
869 1176 1094 1239 composita
1117 1175 1206 1238 sunt
1221 1206 1230 1216 .

195 1244 345 1297 Neque
389 1256 484 1284 vero
526 1237 586 1290 jus
628 1238 820 1294 gentium
863 1235 907 1279 in
939 1232 1231 1296 coniunffione

201 1299 439 1342 societatum
462 1328 473 1349 ‚
506 1295 689 1339 maxime
715 1292 961 1350 populorum
987 1323 1002 1345 ‚
1034 1303 1231 1334 termina-

200 1368 302 1409 tur3
336 1355 396 1398 sed
425 1354 471 1397 ἃ
504 1353 618 1408 plura
651 1352 773 1396 habet
801 1383 815 1404 ‚
857 1365 947 1406 quae
976 1347 1231 1404 singulorum

203 1414 293 1456 sunt
316 1443 329 1465 ‚
369 1427 415 1454 ac
447 1410 494 1452 ad
526 1409 697 1466 populos
726 1407 977 1452 distributive
1008 1406 1187 1449 attinent
1217 1421 1229 1445 t

201 1471 260 1513 uti
294 1469 383 1511 sunt
409 1467 662 1520 contraE’tus,
694 1465 875 1519 judicia,
904 1463 1064 1508 ultimae
1083 1461 1232 1506 volun-

202 1539 306 1570 tates
341 1542 352 1579 3
402 1524 427 1567 si
471 1524 613 1568 modos
651 1539 799 1567 eorum
827 1536 1071 1567 communes
1101 1518 1233 1577 genti-

205 1584 277 1627 bus
305 1615 319 1636 ‚
354 1581 488 1625 saltim
519 1580 811 1625 moratioribus
830 1611 844 1634 ‚
876 1578 1062 1635 respicias
1092 1594 1102 1619 t
1139 1577 1234 1621 licet

204 1641 384 1684 absolute
418 1638 590 1693 speetata
619 1638 664 1682 δε
697 1638 778 1694 ipsa
808 1635 907 1689 juris
937 1648 1091 1680 naturae
1122 1634 1200 1697 sin-t
1224 1663 1233 1673 .

207 1697 477 1742 familiarum
529 1696 656 1739 etiam
704 1695 887 1750 plurium
935 1693 1062 1738 coitio
1103 1692 1152 1736 ad
1175 1707 1236 1743 ius

209 1755 396 1810 gentium
415 1785 427 1806 ,
458 1768 537 1808 qua
563 1751 655 1796 talis
673 1753 728 1796 est
746 1784 761 1807 ‚
793 1767 876 1795 non
898 1751 1104 1807 pertinet:
1139 1764 1235 1793 cum

207 1828 282 1854 nec
311 1811 455 1854 civitas
482 1822 568 1853 tota
597 1825 667 1865 per
692 1809 727 1853 se
748 1841 761 1862 ,
792 1808 868 1852 nisi
893 1824 990 1852 cum
1012 1806 1106 1852 aliis
1128 1805 1238 1850 simi-

208 1869 313 1912 libus
340 1879 613 1922 componatur
644 1899 656 1921 ‚
689 1877 858 1923 gentem
891 1897 904 1919 ‚
944 1881 1019 1909 nec
1049 1864 1110 1917 jus
1138 1879 1239 1920 gen-

212 1926 318 1968 tium
341 1958 354 1978 ‚
386 1925 580 1968 oenficiat
597 1956 612 1978 ,
643 1940 723 1980 qua
745 1922 1010 1968 collectivum
1033 1922 1111 1966 est.

268 1984 389 2026 Porro
413 2015 423 2035 ,
458 1982 502 2024 in
534 1982 676 2025 eodem
710 1981 743 2034 ς’.
769 1996 832 2024 11.
868 1979 1100 2035 Imperium
1132 1977 1239 2031 esse,

213 2040 359 2093 tradit,
393 2040 436 2082 in
465 2038 640 2081 familiis
665 2037 854 2094 singulis:
888 2038 931 2081 δε
955 2036 1060 2093 apud
1086 2038 1241 2078 Roma-

214 2113 286 2140 nos
315 2129 326 2151 ‚
362 2109 518 2152 patrem
551 2095 663 2139 fuisse
695 2095 999 2152 quodammodo
1032 2093 1243 2149 magistra-

211 2168 298 2197 tum
332 2169 426 2197 cum
457 2153 543 2205 jure
575 2152 731 2208 gladii3
761 2152 869 2208 quod
901 2151 1099 2208 praecipue
1131 2152 1242 2204 §.25-

210 2211 424 2255 inculcat:
457 2225 584 2265 eoque
616 2209 742 2252 trahit
775 2209 875 2252 istud
906 2208 1045 2252 Livii:
1076 2218 1244 2262 paterna

211 2268 394 2322 majestas
419 2299 428 2309 .
477 2269 639 2309 Interea
671 2281 755 2309 non
787 2264 958 2310 debuisse
989 2264 1243 2308 Hobbefium

212 2326 338 2369 matri
365 2326 539 2368 tribuere
559 2323 781 2377 imperium
800 2322 845 2366 in
866 2322 1096 2366 infantem:
1125 2333 1214 2364 tum
1230 2351 1243 2373 ‚

215 2384 310 2439 quia
345 2398 448 2426 uxor
483 2381 591 2436 prius
617 2378 725 2424 sitin
747 2380 936 2435 potestate
958 2379 1122 2431 mariti3
1154 2391 1242 2420 tum

217 2441 324 2497 quod
357 2439 477 2482 foetus
509 2437 679 2483 consilio
711 2451 828 2493 egeat
857 2469 870 2490 ‚
918 2436 1026 2491 quod
1069 2436 1112 2478 in
1155 2435 1244 2477 viro

215 2497 344 2548 majus
378 2497 422 2539 sit
442 2528 452 2539 .
487 2499 545 2539 At
577 2510 674 2539 vero
706 2494 870 2538 nullum
899 2494 954 2538 est
983 2524 997 2545 ‚
1046 2492 1090 2535 in
1123 2491 1242 2534 socie-

213 2567 345 2597 tatum
372 2553 621 2608 simplicium
644 2552 810 2609 aliqua,
845 2567 894 2595 ne
918 2550 1082 2607 quidem
1109 2549 1151 2592 in
1172 2549 1238 2591 do-

214 2611 370 2655 minica
392 2642 404 2663 ‚
436 2611 656 2666 imperium
681 2625 692 2662 3
723 2609 847 2652 etiam
881 2624 958 2665 qua
991 2623 1064 2650 nec
1083 2606 1179 2649 dum
1203 2606 1244 2648 in

219 2668 430 2712 civitatem
467 2667 752 2710 transierunt:
805 2682 901 2708 cum
944 2680 1014 2720 per
1057 2676 1245 2706 naturam

211 2726 271 2779 jus
305 2726 398 2768 vitae
430 2725 473 2767 &
506 2724 616 2767 necis
650 2724 691 2765 in
730 2722 888 2777 privata
909 2721 1098 2776 potestate
1131 2753 1143 2774 ‚
1189 2720 1248 2763 lo—

216 2798 309 2827 cum
343 2782 489 2824 habere
521 2795 606 2823 non
640 2781 756 2835 possit
783 2795 796 2833 3
827 2779 889 2822 sed
916 2779 967 2822 ad
992 2778 1070 2821 hoc
1089 2777 1154 2821 vel
1176 2792 1246 2832 pu·

223 2913 444 2925 ,...-.-....

260 2941 338 2984 [⁴²]
371 2939 409 2974 Id
425 2940 564 2972 minime
593 2939 699 2971 oberit
715 2938 882 2970 sententiat
904 2937 1058 2970 Gravinae
1075 2958 1085 2974 ,
1106 2937 1247 2978 quirem

217 2989 259 3022 ab
271 2998 311 3021 eo
328 3010 337 3022 2
352 2984 438 3029 quod
456 2993 491 3017 ut
509 2984 686 3027 plu-imum
704 2984 739 3015 fit
759 3006 766 3013 .
784 2983 939 3014 aestimare
955 2980 1094 3013 videtur.
1111 2981 1173 3012 sed
1194 2992 1246 3022 po-

218 3034 284 3066 rius
301 3032 344 3064 est
360 3054 370 3069 ‚
394 3038 431 3063 ut
450 3038 564 3062 natura
583 3039 638 3064 nar
654 3027 819 3069 utriusque
839 3026 984 3068 parentis
1001 3027 1035 3057 in
1051 3026 1175 3065 prolem
1193 3037 1233 3065 po

218 3078 311 3111 testas
334 3077 372 3109 sit
386 3097 396 3114 ‚
418 3075 493 3118 quia
509 3074 578 3116 pari
598 3073 759 3113 utriusque
778 3072 922 3113 parentis
939 3082 1036 3112 opera
1052 3071 1194 3111 suscepta
1208 3071 1250 3101 est

220 3121 361 3164 soboles,
378 3131 437 3154 nec
451 3119 525 3154 ideo
542 3119 653 3152 minor
667 3118 762 3152 unius
775 3127 873 3161 quarn
887 3117 1022 3150 alterius
1037 3126 1111 3149 cura
1126 3116 1160 3148 in
1174 3115 1243 3149 edu-

654 69 1951 132 CONSIDERATIONES

1276 147 1381 192 blica
1421 181 1434 203 ‚
1483 151 1526 193 in
1559 151 1838 206 magistratum
1873 151 2023 197 col-lata
2051 182 2069 210 ‚
2101 153 2267 203 potestas
2296 163 2317 211 ζ

1274 206 1338 249 vel
1369 207 1555 259 majestas
1589 210 1707 262 plane
1732 241 1744 263 ‚
1779 211 2006 266 requiratur
2026 241 2036 252 .
2068 214 2192 256 Unde
2226 230 2316 269 per-

1275 278 1415 362 feram
1440 265 1548 308 aliud
1577 267 1639 317 Jo.
1662 267 1813 310 Frider.
1838 269 2025 312 Hornius
2044 300 2055 321 ‚
2087 270 2318 325 qui&ma-

1291 335 1314 363 e
1331 353 1357 384 ,ι
1379 337 1428 365 ex
1455 322 1641 377 imperiis
1657 322 1914 368 ⁴familiarum
1932 357 1944 379 ‚
1966 326 2214 377 majestatem
2237 328 2318 371 im-

1277 378 1379 433 perii
1404 378 1540 423 civilis
1567 381 1702 424 educit
1728 413 1738 424 .
1772 383 1920 436 Neque
1946 383 2072 426 etiam
2098 383 2158 435 jus
2187 384 2314 440 gladii

1278 435 1458 490 patribus
1482 436 1659 481 familias
1682 437 1823 482 dedere
1852 441 2035 482 Romani
2063 456 2076 494 3
2111 440 2170 483 scd
2201 455 2316 496 pote-

1277 492 1451 548 statem,
1479 496 1497 547 (
1523 493 1827 539 internecinam
1850 511 2011 552 quoque
2041 528 2054 550 ‚
2089 496 2115 540 si
2136 513 2240 553 opus
2269 514 2318 542 ea

1278 549 1410 611 foret,
1441 551 1459 602 )
1483 551 1528 594 in
1555 551 1702 595 liberos
1724 569 1732 594 :
1778 564 1823 596 ut
1846 553 1987 597 eadem
2007 586 2018 607 ‚
2054 569 2126 608 pro
2150 555 2318 610 religio-

1277 623 1328 651 ne
1357 608 1485 663 patria
1509 609 1551 652 δε
1579 611 1757 664 pietate,
1789 621 2002 653 uterentur
2026 626 2041 663 3
2071 627 2312 667 quanquam

1277 664 1385 708 hanc
1409 665 1747 722 indulgentiam,
1791 682 1870 720 qua
1896 667 2006 709 abuti
2034 680 2220 722 parentes
2246 668 2316 711 sae-

1276 722 1318 765 vi
1341 734 1559 778 poterant,
1591 739 1715 766 nemo
1737 722 1856 765 facile
1882 724 2143 777 probaverit:
2179 725 2313 780 qualis

1279 794 1355 822 nec
1396 779 1464 823 diu
1487 780 1531 823 in
1553 780 1762 836 republica
1785 780 1950 823 duravit
1975 796 1987 833 3
2036 796 2110 823 ceu
2139 796 2213 824 nec
2239 782 2310 825 diu

1278 836 1383 879 stetit
1409 836 1479 880 illa
1512 868 1526 891 ‚
1571 839 1624 881 ob
1647 852 1773 894 quam
1798 836 1969 892 potestas
1995 835 2067 879 illa
2094 838 2274 891 patribus
2297 868 2314 891 ‚

1278 896 1379 950 quin
1403 894 1446 937 δε
1467 895 1630 939 ›mari-tis
1654 926 1667 948 ,
1714 895 1760 938 ἃ.
1785 893 1920 937 multo
1945 893 2106 937 facilius
2132 893 2315 939 dominis

1283 951 1326 993 in
1385 951 1516 995 servos
1583 951 1764 995 concessa
1808 950 1937 995 fuerat
1985 951 2124 994 civilis
2161 952 2266 995 ratio
2299 981 2312 994 .

1283 1010 1512 1064 Nunquam
1535 1024 1633 1052 vero
1656 1022 1770 1064 pater
1799 1040 1812 1060 ‚
1843 1020 1889 1052 ut
1911 1009 2167 1064 magistratus
2193 1040 2205 1061 ‚
2239 1009 2313 1051 ha-

1282 1065 1387 1108 bitus
1411 1064 1488 1108 fuit
1508 1082 1518 1107 t
1554 1081 1629 1109 nec
1650 1064 1834 1115 majestas
1857 1065 2109 1108 a-ufitoritat'is
2136 1078 2314 1120 paternae

1282 1138 1330 1165 eo
1356 1121 1465 1165 trahi
1486 1123 1605 1166 debet
1629 1152 1638 1164 .
1687 1121 1894 1165 Hobbesio
1919 1137 2006 1175 quae
2033 1123 2219 1165 Gravina
2243 1124 2318 1165 ob-

1280 1178 1371 1230 jicit
1389 1212 1403 1234 ‚
1434 1179 1601 1224 infirma
1625 1178 1717 1222 satis
1743 1179 1834 1222 sunt
1853 1210 1862 1221 .
1895 1180 2011 1221 Nam
2039 1178 2066 1221 fi
2095 1179 2159 1222 vel
2185 1178 2321 1223 maxi-

1282 1252 1348 1279 me
1372 1252 1478 1280 uxor
1502 1237 1548 1280 in
1573 1235 1686 1279 virili
1714 1236 1905 1291 potestate
1929 1236 2068 1279 mariti
2096 1237 2150 1279 est
2170 1252 2179 1277 :
2217 1251 2321 1280 num

1283 1309 1368 1336 non
1394 1294 1544 1349 poter-it
1570 1292 1641 1336 illa
1668 1292 1714 1336 in
1742 1292 1891 1336 liberos
1916 1326 1930 1347 ,
1971 1293 2155 1336 maxime
2181 1308 2322 1338 recens

1282 1364 1398 1394 natos
1429 1382 1442 1404 ⁹
1492 1351 1686 1407 potestate
1717 1351 1898 1405 parentis
1924 1350 2077 1404 pollere
2103 1367 2180 1405 prae
2205 1361 2321 1406 patre

1279 1407 1496 1464 ipsorum?
1524 1410 1639 1452 Cum
1661 1408 1778 1451 enirn
1804 1407 2031 1451 Hobbesius
2055 1408 2100 1450 in
2122 1408 2161 1450 vi
2182 1408 2227 1452 ὅ(
2247 1423 2321 1463 po-

1283 1466 1414 1510 tentia
1436 1465 1497 1518 jus
1521 1465 1684 1521 imperii
1711 1476 1864 1519 ponat:
1900 1464 2042 1520 utique
2072 1479 2158 1508 non
2184 1464 2320 1519 potuit

1284 1539 1368 1566 non
1391 1523 1602 1575 foeminae,
1636 1537 1723 1578 quae
1749 1521 2163 1578 pariendoinfantem
2178 1537 2324 1565 eneca-

1283 1596 1323 1624 re
1348 1581 1476 1637 potest
1490 1613 1502 1634 ,
1533 1579 1758 1634 imperium
1780 1580 1821 1622 in
1843 1595 1938 1623 eum
1959 1580 2134 1623 tribuere
2152 1594 2228 1623 ceu
2248 1594 2326 1623 nee

1285 1639 1522 1693 potestatem
1550 1637 1676 1692 ipsam
1695 1668 1706 1689 ,
1737 1652 1825 1692 quae
1849 1636 1946 1688 juris
1972 1635 2050 1690 est,
2072 1638 2089 1689 (
2114 1652 2208 1681 cum
2231 1636 2326 1680 nul-

1286 1695 1373 1739 lum
1398 1695 1458 1747 jus
1481 1707 1576 1738 ante
1603 1693 1820 1737 civitatem
1845 1693 2062 1749 agnoscat,
2096 1695 2113 1746 )
2139 1693 2209 1736 ille
2236 1710 2328 1738 ma-

1287 1753 1368 1796 rito
1391 1754 1434 1796 in
1460 1767 1659 1802 uxorem,
1690 1751 1751 1793 sed
1778 1752 2008 1806 potentiam
2031 1782 2045 1804 ‚
2076 1752 2113 1794 ei
2141 1751 2284 1795 tribuit
2308 1782 2322 1805 ,

1289 1810 1315 1854 si
1336 1810 1479 1854 eadem
1505 1811 1538 1852 is
1564 1808 1769 1851 valuerit.
1802 1808 1912 1861 Quid
1937 1807 2107 1861 deinde,
2140 1808 2166 1850 si
2197 1808 2324 1851 ratio-

1288 1883 1341 1911 ne
1365 1868 1496 1923 magis
1522 1866 1656 1908 valeat
1679 1864 1857 1908 foemina
1882 1864 1973 1907 viro
1995 1881 2003 1906 :
2038 1866 2097 1916 (⁴)
2121 1863 2329 1921 numquid-

1289 1925 1388 1978 illa,
1419 1924 1526 1979 quod
1552 1922 1724 1965 rationis
1748 1922 1793 1965 fit
1820 1923 2040 1977 imperium
2073 1954 2084 1974 ‚
2130 1924 2324 1976 potestate

1291 1981 1423 2036 magis
1449 2013 1462 2034 ,
1508 1980 1553 2023 in
1592 1978 1797 2023 infanterr‘i
1833 1980 1876 2022 δί
1903 1979 2098 2021 maritum
2126 1979 2278 2022 valebit
2308 1982 2338 2022 ἓ.

1291 2040 1449 2093 Utique
1474 2053 1546 2092 pro
1571 2036 1729 2079 infante
1755 2036 1920 2079 consilia
1946 2036 2086 2078 matris
2107 2068 2118 2089 ‚
2150 2038 2168 2087 (
2193 2036 2257 2079 cui
2281 2036 2326 2079 Sc

1292 2095 1491 2151 praecipue
1515 2092 1599 2145 ejus
1623 2109 1718 2137 cura
1751 2124 1764 2146 ‚
1799 2093 1932 2136 saltim
1963 2108 2033 2148 per
2058 2092 2286 2135 triennium
2313 2124 2326 2146 ‚

1292 2151 1572 2195 committitur
1586 2183 1598 2204 ‚
1620 2153 1637 2201 )
1657 2150 1876 2194 salubriora
1901 2149 2052 2193 infanti
2069 2150 2157 2192 sunt
2171 2181 2184 2205 ,
2203 2165 2330 2205 quam

1291 2225 1338 2253 ea
1354 2240 1365 2261 ‚
1398 2223 1485 2263 quae
1507 2225 1530 2250 a
1557 2221 1670 2262 patre
1693 2208 1891 2262 proficisci
1918 2207 2107 2261 possunt.

1351 2266 1565 2317 Ulterius,
1597 2265 1784 2308 Gravina
1809 2264 1903 2318 in§.
1925 2279 1939 2305 1
1956 2279 1988 2305 ι.
2017 2279 2100 2306 non
2120 2262 2330 2319 distinguit

1292 2322 1434 2379 gradus
1460 2321 1705 2364 incrementi
1726 2353 1739 2374 ‚
1771 2322 1821 2362 ab
1848 2319 1978 2362 initiis
2007 2319 2105 2370 iuris
2131 2320 2331 2364 naturalis

1295 2379 1479 2434 primaevi
1506 2409 1518 2429 ‚
1561 2379 1608 2420 ad
1639 2376 1698 2429 jus
1729 2376 1852 2420 civile
1884 2392 1896 2429 3
1944 2376 2049 2420 unde
2094 2378 2330 2423 maximam

1295 2434 1630 2479 incertitudinem
1663 2434 1769 2477 nasci
1802 2450 1828 2476 n
1858 2432 1955 2477 cesse
1986 2434 2062 2477 est:
2086 2435 2182 2477 dum
2203 2434 2242 2479 ἃ
2264 2434 2326 2486 jus

1295 2494 1482 2549 gentium
1523 2491 1803 2541 secundarium
1841 2508 1863 2533 a
1900 2491 2066 2535 successu
2099 2507 2234 2535 rerum
2267 2508 2329 2536 re-

1297 2552 1397 2605 petit
1432 2582 1440 2592 .
1487 2552 1733 2606 Quanquam
1777 2564 1873 2591 vero
1917 2548 2200 2592 venditionem
2234 2562 2332 2594 ante

1297 2623 1489 2650 nummos
1521 2623 1604 2649 non
1638 2606 1854 2649 habuerint
1885 2619 2024 2660 gentes
2055 2621 2063 2646 :
2109 2620 2250 2648 tamen
2284 2607 2332 2650 in

1296 2665 1531 2708 universum
1564 2695 1576 2714 ,
1618 2679 1669 2706 ex
1714 2679 1848 2706 rerum
1900 2662 2067 2705 successu
2093 2695 2106 2715 ,
2150 2664 2331 2718 ipsorum

1297 2722 1446 2774 jurium
1483 2720 1697 2764 successum
1731 2719 1961 2763 inconsulto
1994 2720 2195 2774 petimus:
2231 2736 2328 2764 curn

1297 2781 1339 2822 ἃ
1387 2776 1554 2829 objeffis
1595 2777 1748 2820 tardius
1792 2777 1943 2820 exortis
1985 2776 2073 2827 jura
2120 2778 2330 2822 anteriora.

2202 2834 2335 2891 appli-

2229 2908 2341 2920 —

1422 2907 1530 2917 n————

1298 2939 1425 2970 catione
1452 2936 1521 2974 cius
1550 2937 1609 2969 esse
1634 2936 1731 2969 debet
1746 2958 1756 2967 .
1786 2936 1947 2969 Educatio
1965 2944 2073 2969 autem
2089 2936 2154 2968 sine
2171 2938 2331 2978 potestate

1298 2981 1437 3026 quadam
1453 2982 1594 3024 intelligi
1613 2982 1725 3023 nequit
1741 3004 1749 3012 .
1764 2982 1815 3014 Sit
1831 2981 1932 3023 igitur
1947 2981 2107 3014 salubrior
2127 2982 2241 3014 matris
2255 2993 2333 3015 cura

1304 3027 1437 3060 laStanti
1453 3027 1556 3059 adhuc
1570 3026 1706 3059 infanti:
1723 3026 1875 3059 uberibus
1891 3034 1978 3058 certe
1994 3025 2126 3067 depulso
2140 3026 2243 3068 magis
2258 3037 2333 3068 pro-

1299 3073 1383 3104 derit
1400 3071 1599 3104 constantius
1615 3072 1716 3113 patris
1731 3071 1978 3110 confilium3etsi
1997 3071 2079 3103 nihil
2095 3072 2146 3110 sit,
2160 3070 2247 3114 quod
2262 3082 2330 3104 ma-

1271 3150 1274 3157 ,
1303 3139 1311 3151 r
1322 3129 1390 3150 rem
1405 3125 1483 3150 tunc
1494 3127 1511 3150 a
1526 3116 1758 3151 communione
1772 3115 1988 3160 providentiae
2003 3127 2113 3150 arcere
2127 3123 2223 3161 queat
2237 3135 2250 3150 ο
