2596 3479
625 84 673 138 E
714 84 770 137 T
849 81 974 135 XII.

1055 75 1910 136 TABUL'ARUM.
2239 83 2487 162 '15⁴9'

229 177 298 215 tm·
319 159 629 215 Amrouaepe-v'pcw
656 191 668 213 ,
712 155 820 216 quasi
858 155 1080 199 testimonii
1105 155 1265 200 destitu·
1312 158 1487 215 grediri,
1520 172 1592 213 pro
1614 156 1808 221 aggredi,
1842 157 1948 202 unde
1974 158 2016 225 ὃς
2040 159 2119 207 dici
2147 168 2282 221 potuit
2288 169 2362 224 fa-

229 227 288 269 tio
310 254 319 264 .
351 221 437 271 (a)
471 221 531 261 De
558 233 638 273 qua
668 212 1004 259 Decemviralem
1034 213 1171 269 legem
1197 215 1264 257 ad·
1315 216 1387 259 riri
1412 232 1485 272 pro
1503 214 1615 269 fari:
1651 214 1728 258 nisi
1753 213 1887 270 legere
1913 217 2228 282 malimuscum
2249 229 2364 277 Hot-

228 281 307 323 fert
331 276 492 320 Gellius
515 306 526 328 ‚
559 275 622 326 (b)
647 272 779 315 verbis
807 271 905 314 adeo
930 272 1157 325 depravatis
1177 304 1190 325 ,
1224 283 1267 315 ut
1318 285 1519 317 tomanno
1538 271 1724 326 fateatur
1749 305 1762 327 ‚
1783 273 1870 336 ‘vel
1911 290 2008 319 cum
2040 278 2215 328 Cuiacio
2234 282 2363 336 jeria-

228 335 363 380 nescio
388 350 438 377 an
464 333 511 374 iis
537 329 785 373 restituendis
805 328 1128 372 doftiffimorum
1157 329 1265 372 viro·
1318 345 1381 374 tar
1401 348 1474 385 pro
1498 341 1656 385 cogatur
1674 362 1687 384 ‚
1721 330 1815 374 satis
1838 331 1961 387 dure3
1993 333 2060 377 vel
2084 351 2180 380 eum
2203 339 2365 387 Salma-

228 409 321 438 rum
347 389 569 435 conamina
593 384 824 429 suffecerint
851 417 863 438 ‚
909 387 955 428 de
991 387 1137 441 quibus
1166 386 1270 429 infe-

228 451 312 495 rius
354 481 362 491 .
414 449 539 490 Poena
574 442 692 494 hujus
717 442 906 488 criminis
930 458 977 486 ex
1005 446 1110 488 XII.
1143 443 1268 487 tabul.

233 507 390 564 legibus
413 514 525 555 erat,
557 512 601 543 ut
626 500 697 556 qui
725 500 1008 544 testimonium
1034 501 1135 544 ferre
1164 499 1267 544 refu-

232 564 370 615 σῑίῖεε,
400 560 496 604 esset
519 557 758 601 intestabilis
780 572 927 611 nempe
953 572 994 600 ut
1020 574 1147 613 neque
1169 558 1271 600 alios

231 600 283 666 ῗη
317 635 356 662 re
389 617 454 660 sua
480 616 593 659 testes
617 614 806 658 adhibere
831 613 954 668 posset
986 630 998 668 ς
1051 632 1177 671 neque
1194 615 1269 680 ‘ad-

234 675 370 722 hiberi
401 673 480 728 ipse
514 673 557 715 in
593 687 633 714 re
659 671 791 715 aliena
813 703 825 724 ,
857 673 915 722 (c)
938 671 981 714 δε
1004 672 1170 736 insuper·
1193 688 1264 714 im-

229 735 380 792 probus
402 730 616 774 haberetur
652 761 661 772 .
703 727 833 780 Cujus
857 730 1044 772 vocabuli
1073 730 1272 794 fignifica-

228 793 291 835 tio
315 788 519 833 veteribus
544 799 633 830 erat
658 787 835 829 atrocior
856 802 864 827 :
900 788 1138 830 continebat
1158 802 1273 830 enim

229 846 449 892 infamiam
485 845 530 888 &
554 842 762 899 publicam
788 843 1065 899 ignominiam
1095 877 1103 887 .
1147 844 1273 887 Unde

228 904 372 949 Livius
395 902 468 944 lib.
487 902 545 943 X.
568 911 651 955 cap.
666 915 704 954 9.
739 900 887 944 refert-t
922 902 1116 944 Valeriam
1138 904 1273 958 legem,

230 978 314 1018 quae
337 971 490 1002 vetaret
512 959 643 1000 necari
663 989 676 1011 ‚
707 970 778 1000 aut
808 959 937 1014 virgis
962 961 1151 1003 caedieum
1166 992 1178 1013 ,
1204 960 1273 1014 qui

229 1020 284 1062 ad
314 1017 502 1073 populum
534 1013 781 1071 provocaffet
809 1017 1004 1070 adversus
1029 1035 1114 1060 eum
1140 1050 1151 1069 φ
1203 1018 1274 1080 qui

231 1077 276 1120 in
301 1077 420 1131 legem
446 1070 645 1127 incidiffet
661 1105 673 1125 ‚
705 1089 781 1115 non
804 1074 929 1115 aliam
946 1073 1275 1130 poenamstatuts-

225 1133 272 1188 fe
291 1164 303 1186 ,
333 1147 456 1188 quam
478 1142 521 1173 ut
545 1130 749 1173 haberetur
774 1131 945 1186 improbe
964 1131 1118 1186 facium
1183 1144 1273 1194 tan-

233 1191 376 1246 tusque
416 1188 638 1231 hominum
663 1199 751 1231 erat
774 1189 901 1243 pudor
942 1220 955 1243 ‚
1002 1201 1047 1233 ut
1081 1189 1276 1232 validissi-

231 1263 351 1291 mum
377 1245 470 1290 effer
494 1245 713 1289 honestatis
738 1244 953 1289 vinculum
983 1245 1166 1290 infamiae
1188 1261 1276 1289 me-

234 1316 300 1348 tus
360 1302 643 1358 Nunclegem
671 1301 952 1357 proferamus:

313 1361 366 1416 Si
409 1360 597 1414 falsum
641 1361 994 1414 testimonium
1036 1360 1228 1414 dicaffit
1260 1401 1277 1431 ,

232 1436 332 1513 ('*)
377 1438 499 1492 saxo
541 1436 812 1507 dejicitor.

314 1515 425 1590 Qui
468 1515 516 1569 se
557 1516 664 1570 sirit
708 1513 970 1585 testarier,
1011 1509 1279 1588 libripens-

231 1612 297 1647 ve
341 1593 496 1647 fuerit
537 1633 552 1661 ,
616 1592 668 1646 ni
726 1593 1078 1647 testimonium
1122 1592 1278 1648 faria-

228 1686 317 1724 tur
359 1712 375 1740 ,
432 1672 700 1745 improbus
766 1670 1170 1745 intestabilisque
1226 1689 1280 1724 e-

235 1748 311 1803 sto
338 1789 351 1802 .

311 1827 436 1880 Sifit
466 1825 489 1897 )
532 1861 605 1900 pro
622 1846 768 1901 siverit
788 1879 798 1891 .

311 1905 617 1976 Testal‘lel‘)
656 1926 734 1970 hoc
778 1926 858 1971 fuit
903 1927 1007 1982 apud
1042 1937 1199 1971 veteres
1230 1941 1278 1969 ex

233 1975 284 2020 iis
317 1980 450 2022 verbis
482 1996 612 2024 unum
642 2015 653 2035 ,
697 2000 785 2039 quae
817 1985 864 2027 ad
896 1986 1104 2029 achonem
1158 1983 1275 2027 fimul

233 2033 279 2076 ἃ
324 2037 547 2090 passionem
593 2037 902 2095 significandam
934 2042 1232 2085 adhibebantur
1266 2072 1278 2094 ,

232 2101 277 2132 ut
324 2104 441 2135 notat
474 2092 636 2138 Gellius
667 2112 715 2139 ex
750 2097 825 2140 hac
859 2098 946 2155 lege
980 2100 1049 2141 lib.
1085 2111 1131 2153 ις
1192 2109 1274 2154 cap.

238 2161 302 2200 13.
337 2149 403 2191 ubi
437 2151 608 2193 verbum
630 2152 708 2197 hoe
725 2156 944 2205 μαθητικῶς
964 2155 1165 2210 accipitur
1186 2186 1198 2209 ,
1231 2169 1277 2199 ut

233 2205 305 2258 qui
328 2205 374 2259 se
389 2204 483 2259 sirit
509 2206 681 2262 testarier
708 2210 905 2265 significet
931 2243 944 2266 ,
994 2213 1063 2269 qui
1092 2213 1126 2257 se
1151 2213 1277 2269 passus

230 2260 277 2302 fit
306 2263 348 2306 in
381 2262 516 2305 testem
545 2265 713 2310 adscribi
737 2298 746 2308 .

311 2322 554 2376 Fariaffll‘
595 2327 616 2393 )
654 2345 711 2388 ita
744 2362 898 2402 repono
930 2365 1024 2394 curn
1051 2351 1277 2406 Raevardo,

237 2396 337 2451 [**)
367 2399 495 2441 donec
530 2401 676 2445 melius
707 2403 862 2460 aliquid
895 2421 1113 2464 emergat.
1147 2408 1278 2453 Prisco

236 2456 349 2500 enim
385 2456 567 2499 sermone
599 2462 734 2502 moriri
764 2462 916 2506 dicitur
949 2480 1021 2519 pro
1038 2464 1136 2507 mo'ri
1156 2483 1176 2519 ,-
1206 2483 1278 2523 ag-

345 2513 447 2564 Jam'
478 2515 667 2558 (ii-avim:
698 2521 812 2561 Tom.
842 2522 874 2562 I.

1321 389 1372 432 fio
1398 389 1465 440 (d)
1484 386 1667 441 fariatur
1685 418 1699 442 ,
1730 387 1809 432 hoc
1833 390 1888 434 est
1911 402 2028 435 eatur
2050 392 2099 436 ad
2123 392 2334 445 fatendum
2350 434 2361 445 .

1574 559 1642 602 De
1672 560 1854 604 Coetibus
1885 562 2084 608 noffurnis
2100 594 2110 606 .

1374 630 1391 655 Q

1456 674 1557 718 Une
1588 671 1636 716 ad
1669 673 1846 719 crimina
1879 677 2096 725 veniamus
2119 697 2192 738 ea,
2224 685 2368 742 quibue
2426 716 2428 718 v

1475 728 1708 786 reipublicae
1738 732 1859 777 status
1890 737 2070 790 graviter
2090 744 2366 799 perturbatur-5

1323 787 1548 843 quibusque
1579 788 1845 844 prohibendis
1878 794 2117 840 Decemviri
2145 830 2156 851 ‚
2191 799 2278 856 lege
2310 802 2370 845 la-

1326 858 1389 898 ta,
1423 845 1643 889 nocturnos
1674 860 1829 902 coetus,
1863 849 1905 892 δε
1928 851 2194 900 clandestinas
2220 859 2371 903 coitio-

1325 918 1394 945 nes
1420 903 1738 959 prohibuerunt.
1774 907 1955 952 Nouem
1988 911 2102 955 enim
2129 917 2205 954 τῶν
2219 919 2368 967 μολλῶν

1324 965 1443 1000 κακῶν
1479 960 1643 1013 οἱρχηγόν
1680 994 1693 1015 ‚
1736 962 1880 1007 ducem
1921 966 2196 1022 plu-rimorum
2234 971 2370 1015 malo-

1326 1032 1417 1058 rum
1448 1017 1628 1073 appellat
1658 1021 1891 1066 Menander
1912 1055 1921 1066 .
1954 1026 2017 1068 Ut
2048 1026 2174 1084 igitur
2205 1029 2409 1085 causam..-

1323 1088 1495 1118 ornnem
1528 1076 1721 1120 nocturni
1755 1093 1887 1123 coetus
1920 1097 2182 1129 removerent
2214 1088 2376 1131 Roma-

1326 1131 1369 1174 ni
1408 1163 1420 1184 ,
1469 1147 1522 1176 ne
1552 1134 1594 1175 S.
1620 1136 1753 1190 Cturn
1785 1138 1953 1194 quidem
1985 1143 2107 1186 condi
2140 1143 2265 1187 licere
2299 1160 2372 1188 vo-

1327 1188 1492 1234 luerunt
1522 1190 1607 1246 post
1638 1193 1745 1236 Solis
1776 1196 1964 1240 occasum
1987 1231 1996 1241 .
2030 1200 2183 1255 Unde,
2216 1201 2373 1246 abeun-

1325 1257 1365 1288 te
1396 1245 1459 1290 die
1481 1279 1493 1301 ‚
1526 1248 1671 1292 horam
1695 1282 1706 1303 ,
1739 1266 1827 1306 quae
1861 1253 2097 1308 sequebatur
2123 1290 2136 1311 ‚
2179 1260 2373 1315 intempe-

1314 1303 1423 1359 stam
1448 1337 1460 1358 ,
1492 1306 1754 1360 appellarunt
1784 1339 1796 1361 ‚
1847 1311 1955 1366 quasi
2000 1325 2160 1369 tempus
2192 1316 2372 1361 minime

1328 1359 1443 1405 rebus
1474 1364 1660 1419 gerendis
1693 1365 1887 1410 idoneum
1910 1399 1919 1409 .
1954 1370 2049 1424 Quo
2082 1372 2252 1415 nornine
2277 1375 2378 1416 Por-

1326 1419 1411 1463 cius
1451 1422 1576 1464 Latro
1623 1421 1857 1468 Catilinam
1904 1425 2114 1471 insimulat
2148 1430 2190 1472 in
2223 1445 2270 1473 ea
2301 1431 2373 1475 de-

1326 1477 1578 1522 clamatione
1599 1512 1611 1533 ,
1644 1482 1724 1532 (e)
1757 1483 1823 1524 ubi
1860 1481 1961 1540 legis
1994 1485 2112 1537 hujus
2147 1489 2374 1532 Decemvi-

1329 1535 1423 1579 ralis
1456 1551 1778 1582 monumentum
1804 1539 1969 1597 reliquit
1992 1575 2000 1584 .
2036 1546 2135 1588 Haec
2156 1547 2280 1590 etiam
2306 1546 2374 1588 in-

1330 1605 1390 1636 ter
1421 1593 1520 1637 alias
1552 1596 1879 1641 damnandorum
1915 1600 2236 1647 Bacchanalium
2271 1606 2373 1656 (ψ’)

1327 1650 1465 1694 causas
1496 1652 1675 1697 adfertur
1703 1687 1714 1708 ‚
1766 1657 1872 1712 quod
1908 1657 2058 1701 scilicet
2091 1661 2207 1704 noe‘re
2241 1663 2375 1718 agita-

1331 1722 1473 1752 rentur
1499 1741 1509 1752 .
1551 1710 1630 1764 (f)
1669 1713 1767 1756 Ideo
1797 1714 1840 1757 ὃ(
1878 1714 2112 1771 Diagondas
2144 1720 2372 1762 Thebano-

1331 1782 1422 1810 rum
1462 1770 1695 1822 Imperator
1726 1771 1834 1815 sacra
1869 1773 2065 1817 noc'turna
2098 1777 2276 1819 omnino
2307 1777 2375 1820 de-

1333 1825 1431 1869 levit
1459 1857 1468 1867 .
1502 1828 1620 1882 Legis
1652 1840 1789 1872 autern
1821 1831 2119 1876 Decemviralis
2146 1835 2229 1879 haec
2261 1833 2374 1878 vide-

1332 1896 1397 1927 tur
1429 1882 1544 1928 fuisse
1579 1886 1802 1930 sententia.

1411 1970 1464 2025 Si
1508 1975 1595 2043 qui
1639 1974 1690 2027 in
1733 1977 1881 2030 Urbe
1920 1994 2070 2034 caetus
2099 1981 2374 2036 nofflurnos

1330 2049 1548 2122 agitaffit
1579 2091 1594 2120 ,
1636 2055 1828 2125 capital
1870 2056 2004 2110 est0.

1529 2184 1978 2230 CAPUT
2064 2176 2184 2235 'LXL

1524 2243 1592 2285 De
1624 2243 1806 2286 Crimine
1836 2247 2132 2304 Pei-duellionis
2160 2280 2170 2290 .

1471 2354 1553 2398 Ihil
1598 2372 1694 2401 vero
1726 2358 1905 2404 crimine
1939 2363 2230 2417 perduellionis
2261 2375 2373 2407 atro-

1480 2413 1563 2456 cius
1603 2445 1615 2467 ,
1666 2431 1748 2470 quo
1810 2418 1929 2461 status
1989 2421 2172 2463 civitatis
2220 2422 2371 2464 everti-

1329 2479 1431 2522 tur,
1476 2470 1518 2512 &
1563 2470 1726 2525 publica
1773 2474 1915 2531 Populi
1963 2479 2143 2575 Rypmani
2190 2478 2370 2540 majestas

2281 2552 2372 2578 vio-

241 2589 935 2608 ——-———.—ae———,---
957 2598 1275 2610 --——-
1328 2603 1908 2618 ———-—--—--———-
1919 2612 2014 2620 ι*-
2031 2612 2368 2623 ——--————————-

282 2623 332 2663 [a]
362 2623 459 2655 Petit.
475 2624 517 2655 ad
530 2626 592 2666 leg.
613 2628 716 2660 Attic.
737 2631 797 2667 l.4.
817 2641 878 2670 c.7.
892 2636 1012 2673 p.337‚

277 2668 335 2708 (b)
362 2667 433 2700 Lib.
457 2676 505 2706 13.
533 2681 556 2701 c.
580 2681 627 2709 13.

259 2713 332 2797 fic)
359 2716 397 2745 L.
423 2724 493 2747 cum
520 2716 583 2757 leg.
601 2720 653 2749 26.
683 2716 722 2750 Q'J‘
751 2721 788 2751 L.
817 2719 846 2752 is
861 2720 915 2752 eui
946 2721 993 2753 18.
1022 2723 1133 2764 §.ula
1165 2722 1203 2768 ff.
1220 2725 1278 2768 qui

236 2766 264 2789 te
293 2781 299 2788 .
344 2770 388 2791 ac.

274 2760 460 2842 (⁴²)fHuius
487 2803 568 2845 legis
595 2806 790 2841 sententiam
816 2808 951 2844 exhibet
977 2811 1104 2847 Gellius
1131 2818 1207 2847 XX.
1246 2825 1272 2846 1.

233 2848 339 2880 Verba
363 2859 380 2879 a
407 2848 604 2883 moeroribus
629 2853 769 2885 conficta
798 2876 808 2892 ‚
836 2856 890 2898 qui
923 2855 985 2890 huc
1012 2857 1188 2892 conferunt
1215 2870 1270 2891 vo-

232 2899 300 2922 cem
332 2893 461 2925 dicavit
478 2917 488 2933 ‚
516 2906 577 2936 qua
593 2904 721 2930 veteres
747 2908 807 2940 pro
836 2900 960 2934 dixerit
984 2902 1055 2935 usos
1083 2905 1191 2937 Festus
1219 2915 1273 2936 au-

232 2933 375 3009 fichrVest
392 2959 399 2967 .
428 2938 581 2977 Secundae
606 2941 708 2974 eriam
752 2944 831 2987 legis
853 2946 952 2979 verba
978 2947 1115 2982 exhibet
1147 2949 1274 2982 Gellius

247 3000 253 3008 .
333 3002 340 3009 .
367 2990 391 3010 c.
421 2992 467 3019 ¹3·

277 3022 332 3061 (ἢ
353 3026 518 3073 {mardi
537 3027 724 3066 conjestura
742 3043 808 3065 non
827 3033 942 3069 idonea
956 3037 1031 3071 effet
1046 3060 1056 3077 ‚
1084 3037 1183 3070 modo
1200 3049 1212 3079 ,·
1239 3045 1272 3071 ut

231 3079 247 3099 a
277 3077 389 3099 moriri
427 3068 562 3110 superest
578 3075 728 3115 morior,
753 3078 794 3110 ab
820 3080 980 3122 aggrediri
1010 3083 1204 3125 aggredior-3
1231 3083 1273 3115 fic

230 3111 352 3144 afarixi
381 3111 546 3154 superesset
573 3117 700 3152 farier.
729 3125 949 3160 Hortor-naim}
980 3126 1078 3161 restio
1093 3128 1268 3164 expeditis-

1327 2636 1404 2668 sima
1432 2638 1532 2676 esset,
1561 2639 1617 2671 nisi
1645 2639 1679 2672 in
1707 2641 1930 2684 antiquissimo
1954 2643 2066 2678 codice
2099 2646 2200 2678 Gellii
2221 2645 2371 2689 fariamr

1328 2681 1416 2724 legi,
1444 2683 1581 2716 Ursinus
1606 2685 1798 2718 testaretur.
1827 2687 1858 2720 Si
1891 2689 2021 2730 probari
2049 2691 2174 2732 posset,
2201 2702 2257 2724 eos
2274 2713 2285 2731 ‚
2312 2692 2373 2734 qui

1326 2726 1379 2757 a&
1391 2724 1559 2760 fatendum
1593 2731 1768 2771 pergebant
1793 2729 1949 2766 fariantes
1983 2734 2088 2768 distos
2112 2737 2173 2770 esse
2194 2758 2204 2776 ‚
2234 2737 2366 2771 aceede·

1329 2782 1397 2804 rem
1423 2771 1591 2806 sententiae
1618 2774 1797 2808 Salmas-ii.

1373 2816 1424 2856 [d]
1455 2817 1529 2858 Obs.
1549 2819 1591 2851 ad
1606 2822 1670 2862 leg.
1689 2822 1795 2854 Arcic.
1813 2833 1838 2855 c·
1856 2825 1920 2857 ule.
1935 2831 1959 2867 p
1973 2827 2052 2867 817.

1370 2862 1423 2900 (e)
1450 2865 1633 2896 Declamat.
1651 2865 1686 2898 in
1703 2868 1809 2899 Catil.

1370 2907 1465 2946 (³⁴⁸)
1490 2911 1572 2950 (ζωαὶ
1586 2909 1766 2953 proscripta
1781 2915 1918 2946 Senatus
1932 2915 2082 2948 consulto
2099 2940 2108 2955 ‚
2125 2917 2193 2950 lato
2213 2922 2251 2951 A.
2270 2921 2314 2951 U.
2329 2921 2364 2950 C»

1325 2951 1500 2985 Dvaxl,
1530 2957 1593 2996 Qu.
1611 2955 1741 2988 Marcio
1758 2955 1913 3000 Philippo
1944 2960 1973 2991 &
1994 2963 2045 3001 Sp.
2066 2963 2228 2994 Postumio
2245 2963 2367 2996 Albino

1324 2995 1541 3030 Consulibus.
1570 3003 1706 3033 Senatus
1733 3002 1921 3035 consultum
1946 3003 2050 3046 ipsum
2081 3006 2216 3040 exhibet
2253 3009 2282 3039 ἃ
2309 3007 2373 3038 dis-

1324 3040 1498 3075 sertatione
1513 3043 1669 3087 singulari
1695 3045 1835 3079 illustrat
1850 3049 2022 3081 cornelius
2041 3061 2104 3083 van
2120 3051 2367 3093 Bynkershoek

1324 3085 1362 3118 in
1376 3086 1534 3127 opusculo
1558 3091 1597 3122 de
1611 3091 1774 3132 religione
1803 3094 1971 3134 peregrina
1985 3115 1994 3125 .

1370 3131 1426 3172 <f
1440 3132 1458 3171 )
1481 3133 1550 3169 cic.
1573 3136 1596 3169 ι.
1616 3144 1646 3168 2.
1673 3135 1712 3169 da
1728 3135 1826 3178 legib.
1844 3136 1960 3172 Livius
1977 3140 2063 3180 &39q
