2596 3479
258 140 361 195 252
925 121 1760 198 DELssotssUS,

257 199 463 243 tutoribus
507 197 718 252 exigendae
760 214 841 240 rem
871 198 1020 252 pupilli
1044 196 1210 251 salvam
1236 197 1303 252 fo·
1350 219 1435 244 rum
1465 205 1617 260 legibus
1646 205 1893 249 adhibendus
1917 203 2003 259 suit
2025 237 2034 248 .
2067 205 2202 262 Igitur
2231 207 2274 252 &
2301 224 2393 252 mo·-

256 274 297 300 re
329 289 341 311 ,
383 257 427 301 &
458 272 506 300 ex
542 256 682 300 iisdem
715 257 807 298 data
840 252 1014 297 facultas
1045 255 1302 311 compellen-
1325 260 1327 263 ’
1352 260 1462 302 ribus
1497 264 1782 306 Romanorum
1811 294 1824 317 ‚
1873 276 1918 307 ut
1965 263 2073 307 idem
2107 277 2178 319 pro
2211 267 2392 309 Muraena

257 315 404 358 dorum
449 327 634 358 tutorum
679 314 726 356 ad
758 312 1159 356 administrationem
1193 326 1299 357 tute·
1352 316 1489 360 scribit
1524 351 1537 373 ‚
1585 321 1773 364 mulieres
1818 334 2007 376 perpetua
2041 321 2168 364 tutela
2200 324 2392 367 contine·

258 372 308 416 lae
340 389 348 414 ε
393 389 481 429 quse
520 384 639 414 antea
682 370 948 425 Magistratus
999 371 1133 425 potius
1164 371 1300 415 officio
1352 374 1500 418 bantur
1520 408 1532 429 ,
1563 392 1784 434 earumque
1818 394 1901 421 non
1933 391 2027 422 ante
2061 378 2188 422 tutela
2212 380 2392 424 solveba-

255 431 577 485 expediebantur
603 459 615 481 ‚
660 443 754 470 curn
801 426 906 469 nihil
942 427 1211 483 superioribus
1244 429 1299 471 le-
1354 445 1419 475 tur
1445 464 1457 484 ,
1489 449 1610 489 quam
1644 436 1924 479 convenissent
1959 437 1999 478 in
2034 452 2204 478 manum
2237 468 2245 478 .

257 489 379 543 gibus
411 499 626 529 caveretur
648 515 660 538 ,
695 486 736 527 &
772 497 1025 528 memoratur
1055 486 1144 538 (a)
1175 487 1215 528 S.
1247 470 1329 528 C.l
1356 489 1613 536 tresfamilias
1646 495 1758 536 enim
1782 526 1793 546 ‚
1828 507 1870 536 ut
1903 493 1999 536 alibi
2033 494 2240 546 diximus,
2275 497 2394 537 certis

2296 440 2395 480 Ma·
2443 472 2446 475 .

259 545 448 596 Traiano
480 544 640 586 auE’tore
673 573 685 595 ‚
733 558 813 597 quo
853 542 968 585 datur
999 543 1105 586 aestio
1140 542 1255 586 utilis
1287 575 1299 597 ‚
1353 546 1676 592 solemnitatibus
1711 552 1934 603 nubentes,
1969 567 2007 594 re
2039 551 2180 593 divina
2217 551 2392 606 pera&a‚

262 602 327 644 vel
365 604 406 643 in
439 600 592 644 fatuum
629 601 668 642 in
705 600 958 643 Duumviros
989 632 1001 654 ,
1045 601 1114 656 qui
1159 602 1295 656 Magi—

259 660 401 701 stratus
434 670 519 700 erat
553 656 878 711 municipiorum
905 690 918 711 ‚
951 657 976 700 si
1010 670 1162 701 tutores
1187 689 1199 711 ‚
1233 657 1298 702 vel

258 728 464 759 curatores
499 715 632 757 dando
653 736 671 766 ,-
716 715 971 770 neglexerint
1003 716 1053 757 ab
1085 715 1135 758 iis
1166 714 1293 771 exige*

258 788 299 816 re
333 773 569 816 cautionem
606 787 683 813 rem
709 774 859 828 pupilli
883 773 1047 826 salt-am
1074 771 1160 824 fore
1182 804 1194 820 ,
1227 788 1298 816 aut

256 829 396 873 minus
429 831 620 873 idoneam
653 831 864 885 exegerint
898 866 913 875 .
966 831 1146 871 Demum
1180 831 1296 881 Justi-

252 888 402 930 nianus
448 887 471 930 fi
519 886 664 941 pupilli
703 918 716 940 ,
763 887 827 929 vel
869 885 995 928 adulti
1040 885 1251 930 facultates
1283 919 1295 940 ‚

252 945 501 1000 quingentos
533 944 677 987 solidos
709 959 793 986 non
826 946 1023 987 excedant
1058 976 1069 994 ,
1101 960 1122 985 a
1154 944 1291 987 defen-

255 1002 406 1044 soribus
440 1002 654 1045 civitatum
682 1032 695 1053 ‚
727 1017 807 1043 una
840 1017 934 1043 curn
967 1001 1145 1043 antistite
1169 1002 1289 1045 sacro-

250 1074 342 1101 rum
378 1091 389 1110 ,
442 1058 504 1101 vel
551 1058 642 1101 aliis
686 1058 991 1113 Magistratibus
1023 1071 1176 1101 tutores
1208 1060 1290 1102 dari

248 1116 459 1158 constituit
492 1131 506 1155 .·
542 1118 558 1166 (
582 1117 603 1156 b
627 1120 642 1165 )
671 1115 790 1158 Plura
813 1128 950 1158 autem
984 1117 1025 1156 S.
1050 1116 1105 1156 C.
1133 1117 1289 1171 prodie-

249 1185 345 1213 runt
368 1203 380 1225 ‚
414 1185 456 1215 ut
490 1173 531 1215 in
567 1172 702 1214 locum
735 1172 873 1215 furiosi
898 1203 911 1222 ,
962 1171 1063 1214 surdi
1088 1203 1099 1223 ‚
1135 1173 1238 1216 muti
1275 1206 1288 1228 ,

249 1227 322 1271 alii
358 1242 512 1272 tutores
542 1230 688 1272 dentur
712 1261 720 1271 .
757 1231 837 1281 (c)
869 1229 947 1272 His
978 1230 1131 1272 accedit
1164 1234 1206 1272 S.
1236 1232 1289 1274 C.

251 1302 333 1341 quo
380 1287 514 1330 liberti
562 1288 805 1330 Senatorum
839 1287 881 1329 in
917 1299 1183 1341 patronorum
1218 1289 1285 1332 bo—

249 1343 312 1384 nis
345 1344 671 1386 administrandis
701 1342 925 1398 occupati,
957 1359 979 1387 a
1011 1346 1193 1399 gerendae
1225 1357 1287 1389 tu-

246 1399 338 1444 telae
369 1417 492 1445 onere
527 1399 755 1444 liberantur
783 1432 794 1442 .
824 1401 892 1453 (d)
918 1406 924 1412 ’

384 1545 424 1588 c
484 1547 525 1589 A
573 1545 617 1588 ‘P
676 1546 719 1587 u
779 1545 823 1586 T
921 1522 1135 1588 xxxiv.

295 1661 362 1706 De
395 1659 594 1703 Muliebri
616 1659 763 1702 Tutela
783 1690 796 1713 ‚
826 1657 882 1703 (9‘
910 1659 990 1715 Iege
1015 1659 1222 1704 Claudia.

345 1805 388 1846 T
418 1803 494 1848 hac
525 1804 689 1860 quidem
723 1803 809 1860 lege
841 1803 1073 1847 consultum
1101 1804 1156 1848 est
1182 1820 1278 1859 prae-

364 1861 481 1916 cipue
496 1862 773 1916 impuberibus
789 1892 797 1903 .
821 1862 1018 1904 Foeminae
1035 1877 1130 1904 vero
1149 1862 1277 1905 etiarn

236 1918 403 1973 puberes
423 1949 435 1971 ‚
472 1932 635 1974 propter
661 1919 948 1962 infirmitatem
970 1917 1154 1972 consilii,
1189 1935 1274 1972 per-

236 1987 366 2029 petuae
407 1977 544 2019 tutelae
592 1993 637 2019 ae
679 1976 911 2019 auS‘roritati
968 1976 1111 2019 alienae
1164 1977 1275 2020 sube-

235 2044 361 2086 rant,
393 2030 478 2082 jure
513 2035 601 2076 sane
633 2034 911 2088 antiquissimo
932 2065 944 2085 ‚
978 2049 1126 2088 nempe
1160 2033 1275 2077 Atti-

231 2103 282 2131 co
323 2120 336 2141 ‚
379 2091 486 2145 quod
535 2091 579 2134 in
625 2104 757 2133 mores
799 2089 842 2132 ὃς
891 2089 950 2141 jus
986 2094 1270 2135 Romanorum

229 2150 526 2200 permanavit.
577 2149 691 2190 Nam
736 2159 781 2191 ut
823 2148 989 2190 Budaeus
1042 2148 1086 2191 in
1119 2147 1274 2204 linguae

230 2203 384 2245 Graecae
417 2205 724 2249 commentariis
748 2206 804 2257 (e)
830 2204 1058 2248 observavit
1091 2237 1102 2257 ‚
1136 2206 1269 2255 Κύριος

230 2259 437 2305 dicebatur
469 2263 692 2305 mulierum
726 2275 870 2314 tutor,
916 2278 1038 2318 quem
1072 2262 1269 2306 omnibus

231 2317 456 2362 mulierum
491 2319 645 2362 aeribus
676 2319 779 2374 apud
811 2321 977 2362 Graecos
1010 2319 1270 2364 intervenire

230 2375 447 2428 oportuisse
473 2408 485 2429 ‚
518 2376 729 2432 colligitur
760 2392 808 2419 ex
835 2376 1037 2420 Cicerone
1059 2393 1129 2432 pro
1151 2380 1267 2421 Flac·

229 2447 268 2472 co
291 2463 300 2473 .
331 2431 443 2475 Nam
477 2436 663 2477 emtiones
694 2466 706 2487 ‚
751 2434 885 2489 inquit
906 2465 918 2487 ‚
946 2432 1082 2488 falsas
1108 2437 1270 2490 praedio-

230 2504 313 2530 rum
341 2489 640 2547 proscriptiones
671 2507 756 2534 cum
789 2492 1019 2534 mulieribus
1037 2503 1172 2548 aperta
1192 2496 1268 2537 cir-

230 2546 525 2606 cumscriptione
550 2545 711 2605 fecisti:
747 2561 849 2592 tutor
880 2549 943 2594 his
974 2549 1084 2593 rebus
1116 2552 1266 2596 Graeco-

269 2711 330 2753 (a)
355 2712 381 2742 L
414 2720 443 2748 3.
461 2713 493 2741 C·
512 2711 548 2743 de
570 2708 702 2753 Magiss.
721 2721 853 2744 convers.

269 2756 321 2794 (b)
349 2759 377 2788 L
409 2765 460 2793 30.
478 2758 512 2786 C.
532 2757 569 2788 de
584 2757 881 2799 episcop-audiem-

228 2840 230 2842 Υ
266 2803 320 2842 (c)
347 2805 380 2833 Ι..
399 2802 524 2842 penult.
545 2799 581 2842 ff.
597 2801 635 2831 de
652 2803 745 2834 curet.

264 2847 326 2886 (A)
353 2848 392 2878 L.
409 2843 557 2876 Libertus
576 2853 623 2882 ις.
644 2848 673 2888 §.
694 2844 794 2889 12.ff.
810 2846 852 2878 aa
865 2846 1024 2889 municip.
1043 2845 1082 2877 θ
1099 2847 1194 2880 intel.

265 2891 321 2930 (e)
349 2893 430 2931 1³¹3·
450 2899 508 2928 44-
525 2888 564 2920 &
582 2898 637 2928 43·

267 2935 335 2978 [f]
362 2935 429 2970 Cic·
458 2937 494 2966 in
521 2936 617 2977 topic.
642 2933 698 2967 aba·
724 2934 817 2968 Boet.
845 2935 981 2968 Brifl'on.
1014 2936 1053 2968 de
1077 2937 1145 2969 ritu
1158 2944 1253 2980 nupt.

238 2992 256 3013 a
282 3004 290 3012 .
308 2985 363 3013 26.

213 2987 236 3024 p
258 2993 321 3067 ἔθ’)
350 3029 424 3059 lmo
447 3023 594 3063 minori,
623 3030 659 3058 ut
686 3031 776 3067 patet
803 3035 845 3058 ex
873 3025 982 3057 statim
1019 3024 1228 3068 sequentibus
1250 3048 1258 3058 .

220 3071 440 3114 Impuberum
477 3070 568 3102 enim
604 3070 737 3111 negotia
775 3077 867 3102 tutor
889 3080 1021 3113 quoque
1049 3071 1259 3106 administra-

219 3116 310 3157 διες
337 3116 511 3148 mulierum
538 3125 603 3147 non
627 3115 876 3148 administrabat
905 3138 915 3152 ..
959 3116 1028 3148 illis
1057 3115 1139 3149 solvi
1166 3126 1263 3160 pote-

231 3166 285 3195 rat
301 3182 311 3202 ,
336 3160 388 3195 his
411 3159 495 3194 solvi
519 3170 588 3194 non
610 3169 743 3205 poterat
771 3183 781 3194 .
820 3160 1027 3206 Exemplum
1049 3170 1178 3206 quoque
1204 3164 1261 3198 Li-

1349 602 1534 661 farreque
1550 638 1562 660 ,
1595 621 1638 650 ut
1658 624 1746 650 mos
1767 622 1849 650 erat
1871 622 2055 651 veterum
2081 608 2392 661 sacrificiorum,

1347 662 1530 713 adhibito
1559 696 1572 718 ‚
1616 666 1837 709 convenire
1870 665 2109 708 dicebantur
2142 666 2183 707 in
2220 681 2392 708 manum

1346 719 1455 773 viri,
1491 720 1568 765 sive
1601 722 1642 765 in
1678 723 1914 778 potestatem
1948 737 1960 774 3
2009 723 2104 776 quia
2139 722 2179 763 in
2214 722 2392 773 ejusdem

1349 777 1425 820 viri
1450 778 1618 822 domum
1649 779 1683 823 se
1719 782 1862 834 suaque
1895 778 2037 820 omnia
2076 778 2390 834 transferebant3

1348 833 1404 877 ita
1438 837 1543 878 utin
1567 837 1802 879 dominium
1823 835 1898 877 viri
1924 834 2142 877 transirent
2162 834 2248 887 jure
2271 851 2390 878 man-

1346 891 1440 946 cipii
1478 909 1489 933 τ
1542 910 1587 937 ac
1634 906 1844 948 propterea
1889 892 1933 934 in
1967 892 2146 935 alienam
2181 891 2389 938 familiam

1343 950 1702 1005 commigrantes,
1737 952 1867 1006 capite
1903 950 2197 992 minuebantur
2221 982 2234 1002 ‚
2281 950 2391 993 ideo-

1342 1021 1419 1060 que
1454 1006 1682 1050 solvebatur
1713 1008 1838 1050 etiarn
1873 1005 1998 1049 tutela
2027 1038 2040 1059 ,
2071 1007 2159 1062 quae
2185 1007 2226 1049 in
2258 1006 2387 1050 libero

1342 1064 1476 1117 capite
1511 1078 1671 1107 tanturn
1707 1065 1845 1107 insistit
1867 1096 1878 1118 ‚
1910 1063 1952 1106 ὃς
1986 1064 2127 1118 quavis
2159 1065 2301 1118 capitis
2321 1065 2383 1108 di-

1342 1121 1574 1165 minutione
1610 1122 1849 1176 perimitur.
1881 1119 1962 1173 (f)
1997 1120 2234 1163 Institutum
2268 1122 2384 1165 essim

1342 1176 1471 1222 fuerat
1502 1195 1524 1222 a
1558 1179 1740 1223 Romulo
1762 1211 1774 1232 ,
1807 1191 1853 1222 ut
1886 1178 2106 1232 Dionysius
2140 1178 2260 1220 tradit
2287 1210 2299 1232 ‚
2344 1179 2384 1222 id

1339 1236 1445 1290 quod
1480 1253 1589 1280 nunc
1621 1237 1748 1280 etiam
1782 1238 2030 1286 retinemus,
2064 1248 2108 1278 ut
2141 1235 2248 1278 inter
2280 1251 2383 1279 con-

1338 1291 1448 1347 juges
1479 1296 1572 1337 esset
1602 1294 1842 1337 divinarum
1875 1307 1995 1349 atque
2018 1294 2295 1336 humanarum
2321 1309 2383 1336 re·

1340 1365 1429 1393 rum
1466 1351 1630 1394 societas
1656 1384 1668 1404 ,
1711 1351 1754 1394 ἃ
1798 1352 2000 1394 sacrorum
2033 1351 2225 1394 omniurn
2258 1366 2377 1393 com-

1338 1407 1505 1450 munio:
1541 1410 1751 1451 Foeminas
1772 1409 1897 1463 igitur
1918 1408 2113 1462 innuptas
2132 1419 2379 1461 agnatorum

1337 1465 1565 1516 proximior
1589 1464 1672 1516 jure
1701 1466 1837 1508 tutelae
1864 1465 2027 1521 regebat
2049 1497 2060 1515 ‚
2093 1467 2233 1507 eadem
2263 1480 2380 1519 pror-

1337 1522 1399 1562 sus'
1423 1522 1664 1565 auetoritate
1687 1555 1699 1575 ,
1731 1524 1812 1576 (.*)
1838 1538 1915 1577 qua
1945 1521 2212 1564 continentur
2238 1522 2377 1576 impu-

1336 1577 1445 1620 beres
1473 1595 1483 1620 ε
1518 1595 1693 1634 quorum
1725 1581 1894 1634 negocia
1919 1579 2061 1621 omnia
2086 1579 2282 1633 gerebant
2314 1591 2381 1629 tu-

1335 1646 1440 1678 tores
1466 1666 1478 1689 ‚
1507 1635 1551 1679 δ(
1575 1636 1860 1679 ειυξὶοτὶῑειῑετη
1888 1636 2205 1688 interponebant
2233 1651 2246 1687 3
2302 1651 2376 1690 pu·

1333 1691 1474 1735 berum
1509 1709 1605 1736 vero
1629 1692 1853 1736 mulierum
1887 1692 2066 1748 negociis
2090 1692 2276 1747 gerendis
2310 1706 2380 1736 tu·

1333 1761 1437 1807 tores
1464 1763 1628 1794 tanturn
1663 1749 1951 1794 au&oritatcm
1979 1750 2216 1804 praestabant
2246 1781 2256 1792 .
2304 1750 2374 1794 Ab

1332 1805 1407 1850 hac
1452 1820 1590 1851 autem
1633 1808 1822 1863 potestate
1848 1807 1966 1851 Livia
1998 1807 2040 1850 &
2067 1807 2243 1850 Offiavia
2274 1806 2375 1851 libe-

1331 1877 1424 1907 ratae
1452 1865 1618 1908 fuerunt
1646 1881 1714 1920 per
1741 1866 1968 1920 Augustum
2001 1895 2014 1915 ‚
2063 1864 2159 1906 teste
2196 1864 2332 1907 Dione
2359 1895 2369 1908 .

1329 1923 1390 1976 (g)
1424 1922 1592 1966 Mulieri
1627 1923 1741 1966 enim
1775 1921 1891 1965 nullo
1923 1934 2055 1965 tutore
2076 1920 2237 1964 auROre
2263 1921 2367 1965 bene

1331 1978 1595 2034 solvebatur3
1630 1979 1787 2035 pupillo
1820 1979 1996 2022 minime
2023 2010 2034 2030 ‚
2067 1990 2111 2020 ut
2142 1978 2260 2021 docet
2293 1979 2369 2021 Ci-

1326 2051 1447 2079 cero.
1482 2039 1566 2090 (h)
1599 2037 1658 2079 Ut
1695 2037 1818 2092 igitur
1839 2037 2032 2079 omnibus
2061 2035 2242 2090 negociis
2273 2051 2370 2079 mu-

1327 2092 1472 2137 lierum
1506 2127 1518 2148 ‚
1570 2094 1625 2137 ita
1667 2094 1711 2138 &
1744 2094 1895 2150 nuptiis
1926 2091 2214 2137 contrahendis
2247 2108 2370 2148 praee-

1325 2164 1384 2193 rat
1418 2152 1563 2196 tutoris
1594 2151 1812 2195 auf’toritas
1832 2184 1844 2205 ‚
1878 2151 1959 2194 sine
1985 2167 2064 2208 qua
2089 2150 2132 2193 in
2159 2151 2235 2193 viri
2274 2166 2366 2193 ma-

1323 2216 1424 2251 nur'n
1467 2209 1691 2253 convenire
1736 2225 1819 2252 non
1854 2208 2001 2252 licebat
2030 2240 2040 2251 .
2094 2209 2162 2250 Ne
2194 2223 2289 2250 vero
2320 2224 2364 2263 a·

1320 2278 1500 2321 gnatus,
1551 2265 1774 2322 qui'semel
1809 2266 1979 2309 tutelam
2016 2264 2232 2317 susceperat
2257 2295 2272 2317 ‚
2313 2280 2362 2308 eo

1318 2337 1441 2366 onere
1482 2323 1614 2379 quoad
1657 2323 1809 2367 mulier
1849 2324 2018 2365 nuberet
2065 2334 2315 2375 premeretur
2344 2346 2360 2374 ς

1320 2379 1550 2423 institutum
1584 2379 1661 2423 fuit
1690 2411 1704 2433 ,
1752 2393 1798 2423 ut
1840 2379 1958 2422 alteri
1991 2396 2013 2421 a
2048 2378 2080 2420 se
2114 2378 2361 2434 proximiori

1318 2453 1411 2480 earn
1446 2437 1489 2480 in
1522 2436 1606 2489 jure
1639 2437 1776 2481 cedere
1811 2437 1967 2493 posset:
2017 2436 2121 2487 (**)
2161 2450 2249 2489 quae
2280 2435 2360 2489 ces-

1309 2492 1408 2547 sitia
1450 2497 1575 2538 tutela
1604 2494 1811 2538 dicebatur
1835 2526 1847 2547 ‚
1892 2494 2065 2549 indeque
2108 2492 2262 2548 cefficus
2292 2506 2358 2536 tu-

1316 2564 1374 2595 tor
1406 2566 1419 2607 3
1462 2565 1506 2597 ut
1537 2565 1678 2597 tamen
1708 2553 1777 2610 qui
1811 2551 1932 2596 semel
1965 2549 2140 2595 tutelam
2175 2550 2359 2605 suscepe-

1316 2713 1381 2745 viae
1406 2714 1436 2744 St
1463 2712 1611 2746 Ostaviae
1635 2713 1809 2747 sententiae
1833 2713 2008 2747 Ciceronis
2018 2722 2076 2754 per
2090 2709 2252 2749 ινδνχεσπ
2264 2719 2302 2751 pr
2315 2721 2349 2739 :-

1313 2758 1461 2789 mittitur
1476 2779 1484 2787 -
1579 2759 1642 2800 (g)
1689 2759 1759 2792 Lib.
1774 2769 1830 2798 49.
1858 2766 1888 2798 p.
1905 2767 1985 2796 4¹4-

1359 2803 1409 2842 [h]
1440 2805 1478 2834 In
1494 2804 1593 2844 topic.
1610 2802 1665 2835 ubi
1680 2804 1768 2836 Boet.
1790 2802 1878 2834 Briff-
1894 2803 1934 2833 de
1946 2811 2015 2833 ertu
2027 2805 2121 2842 nupt.
2136 2805 2214 2841 pag.
2232 2808 2283 2837 24.
2308 2796 2352 2831 ὡ·

1312 2858 1364 2889 ²7·
1382 2848 1515 2881 Ulnian-
1536 2849 1590 2880 rit.
1613 2859 1659 2878 ir.
1678 2850 1708 2891 §.
1724 2849 1923 2889 pupillorum
1940 2868 1947 2875 .
2285 2858 2291 2865 ·

1354 2893 1450 2931 [¹⁴¹]
1489 2890 1549 2924 Sed
1588 2892 1646 2924 nis:
1683 2892 1752 2924 dies
1786 2891 1979 2923 constitutus
2005 2889 2080 2922 effer
2112 2909 2126 2928 ,
2166 2886 2207 2920 ad
2244 2896 2346 2930 quern

1309 2938 1413 2970 tutela
1450 2949 1468 2969 a
1506 2937 1659 2980 proximo
1696 2944 1816 2979 agnato
1849 2933 1988 2974 gerenda
2025 2933 2101 2967 effer
2134 2954 2145 2970 ‚
2188 2931 2346 2966 futurum

1308 2991 1377 3015 erat
1405 3004 1416 3019 ,
1456 2990 1491 3015 ut
1518 2982 1714 3014 remotiores
1737 2978 1925 3013 successorio
1948 2978 2056 3011 edisto
2083 2979 2117 3011 in
2144 2988 2177 3010 re
2203 2978 2344 3011 onerosa

1310 3029 1419 3060 locum
1443 3027 1502 3060 effe
1529 3026 1655 3059 nollent
1683 3047 1693 3058 .
1731 3028 1842 3067 ere
1879 3024 1963 3057 hanc
2003 3024 2144 3056 tutelam
2170 3021 2339 3057 cffffitiam

1310 3082 1415 3105 raram
1441 3071 1532 3105 fuisse
1556 3071 1709 3104 existimo
1725 3093 1733 3102 .
1776 3069 1924 3103 Forsitan
1948 3070 2056 3102 tutela
2081 3067 2202 3102 ceffitia
2226 3076 2341 3117 extra:

1310 3117 1381 3151 neis
1416 3117 1596 3152 cedebatur
1620 3125 1779 3160 tanquam
1803 3114 2020 3150 mendatarits
2047 3113 2198 3158 periculo
2219 3118 2338 3155 agnati

1310 3161 1461 3207 proximi
1475 3183 1487 3196 0
