2596 3479
523 95 656 149 ET
735 85 1933 157 SENATU‘scoNsUL‘r-rs.

2232 102 2336 153 249

199 167 412 226 patiuntur
436 199 449 222 ‚
490 168 539 213 iis
581 169 675 213 odio
716 165 982 223 turpitudinis
1024 181 1074 211 ex
1107 166 1147 208 S.
1180 165 1234 208 C·
1280 165 1560 212 existimavit.
1592 164 1659 216 (A)
1679 161 1833 217 Lipsius
1847 159 2214 216 enim‚expun&<a
2249 162 2341 204 vulo

197 226 440 282 prohibetur
464 227 513 271 ad
539 226 772 271 libertatem
801 223 1055 279 proclamare
1072 255 1082 266 .
1114 225 1179 275 (a)

370 343 412 387 C
471 344 511 387 A
573 341 622 383 P-
662 337 706 379 U
770 339 814 381 T
905 340 1073 383 XXXI.

459 457 526 500 De
556 455 600 498 S.
633 456 685 498 C.
717 452 943 497 Claudiam
969 485 978 495 .

1282 237 1375 282 gata
1407 256 1421 278 ‚
1470 223 1642 266 retinuit
1666 220 1774 264 hanc
1802 216 2033 262 Farnefiani
2067 218 2241 262 Codicis
2276 218 2333 262 le-

1282 285 1467 326 &ionem
1502 296 1511 321 t

1285 342 1326 383 in
1351 338 1580 393 servitute:
1607 334 1643 390 fi
1677 331 1915 390 consensiffet
1942 344 2014 389 pro
2045 333 2189 374 liberta
2215 334 2335 376 habe-

1286 410 1392 440 retur
1419 427 1428 438 ο

1562 292 1606 323 ut
1641 279 1778 335 ignaro
1808 276 1965 320 domino
1998 275 2052 318 ad
2084 275 2127 317 id
2152 275 2340 332 prolapsa

1478 395 1581 448 Quae
1615 392 1737 436 lessio
1763 390 2013 436 sententiam
2039 389 2184 432 tribuit
2209 391 2249 432 S.
2281 391 2333 434 C.

1290 455 1379 497 satis
1424 451 1640 495 incivilem
1674 482 1683 492 .
1736 451 1827 493 Nec
1858 448 1973 493 enirn
2005 446 2086 491 sola
2113 446 2335 491 honestatis

1290 512 1394 555 ratio
1428 509 1586 564 peperit
1609 507 1688 550 hoc
1708 507 1815 549 S.C.
1842 506 1904 549 sed
1930 506 2059 549 etiam
2085 504 2244 548 utilitas
2262 504 2336 547 do-

198 571 296 672 A
313 572 357 614 T
387 569 585 626 quoniam
619 566 861 612 Claudianis
890 567 1144 622 temporibus
1163 564 1241 621 gli·
1290 570 1503 611 minorum
1530 598 1543 619 ,
1574 581 1598 608 a
1623 579 1802 620 quorum
1829 562 1992 607 servitio
2018 562 2118 606 servi
2145 561 2332 606 mulieri-

336 628 466 672 scebat
499 628 612 682 supra
638 626 806 669 modum
828 641 946 669 amor
965 627 1239 681 ingenuarum
1292 628 1361 675 bus
1388 623 1589 667 illecebris
1614 620 1949 665 abstrahebantur
1983 652 1996 673 ‚
2046 631 2091 664 ut
2115 619 2336 675 Theophi-

199 686 425 730 mulierum
458 700 556 740 erga
589 684 719 727 servos
739 683 894 727 alienos
915 715 926 736 ‚
960 695 1079 738 atque
1102 681 1144 724 bi
1164 679 1246 723 foe-
1294 684 1354 726 lus
1379 679 1502 725 tradit

1537 712 1547 723 .
1592 680 1731 733 Quam
1755 677 1953 730 jaeturam
1979 677 2029 720 ab
2058 676 2150 733 ipsav
2167 677 2341 722 muliere

201 740 355 786 mineis
388 742 589 786 illecebris
621 742 670 784 ab
701 740 892 796 operibus
922 740 965 783 ἃ.
995 734 1247 783 servitio'ab-
1295 738 1543 795 praestatione
1585 735 1792 779 servilium
1829 750 2059 791 operarum·
2074 735 2341 790 reparandam

203 797 459 844 ducebantur
486 816 499 851 ς
543 800 817 852 ingenuarum
848 810 988 841 autem
1023 797 1245 840 mulierum
1292 800 1461 841 Senatus
1485 794 1642 840 censuit

206 853 348 911 fama,
367 858 410 900 δε
437 856 567 911 proles
594 856 749 899 servilis
777 855 962 898 libidinis
989 854 1075 898 labe
1099 853 1248 895 suffun-

205 913 400 968 debatur;
423 913 619 957 Pallantis
646 913 783 956 liberti
813 913 977 956 monitu
997 912 1166 955 inventa
1188 926 1249 952 ra-

208 973 269 1015 tio
289 972 344 1014 est
369 1003 382 1025 ‚
427 987 506 1027 qua
535 973 810 1026 ingenuafum
838 971 975 1025 turpia
999 985 1094 1013 cum
1127 967 1249 1011 servis

207 1027 460 1073 commercia
483 1028 776 1072 dirimerentur
799 1059 808 1069 .
846 1030 988 1082 Itaque
1016 1026 1130 1080 Sylla
1162 1057 1174 1077 ‚
1205 1024 1250 1067 &

208 1086 379 1129 Othone
404 1086 514 1129 Coss.
536 1101 603 1129 an.
630 1089 682 1129 A.
698 1087 755 1128 U.
771 1086 823 1128 C.
846 1085 1096 1127 DCCCIV.
1121 1082 1247 1126 Clau-

208 1142 297 1186 dius
318 1143 452 1186 Caesar
477 1143 523 1186 in
547 1146 699 1186 Senatu
721 1158 768 1186 ea
793 1143 840 1186 de
862 1158 901 1185 re
921 1142 1151 1184 orationem
1177 1139 1249 1181 ha-

212 1201 303 1244 buit
333 1232 346 1256 ,
390 1199 434 1243 8<
471 1200 516 1245 in
543 1200 653 1244 illius
679 1199 922 1244 sententiam
952 1201 991 1241 S.
1018 1199 1072 1242 C.
1096 1197 1250 1240 fafi’tum

211 1259 266 1301 est
291 1290 302 1312 ‚
334 1258 441 1313 quod
477 1257 757 1301 Claudianum
793 1260 843 1299 ab
881 1257 1043 1300 au&ore
1087 1255 1131 1298 δι’.
1166 1254 1248 1296 sua-

216 1314 300 1359 sore
324 1315 501 1358 Claudio
527 1315 604 1358 fuit
633 1314 885 1371 appellatum
913 1345 921 1355 .
974 1314 1021 1355 ld
1055 1313 1208 1355 mirum
1240 1342 1252 1361 ‚

214 1388 287 1416 cur
326 1371 571 1425 Vespasiano
601 1372 819 1415 Svetonius
845 1371 997 1414 tribuat
1023 1402 1036 1423 ‚
1087 1385 1183 1411 cum
1214 1368 1252 1411 ei

1273 1003 1276 1014 ,
1300 971 1374 1014 lier
1413 968 1716 1031 ingenuitatem
1743 966 1910 1009 amittat
1942 996 1951 1007 .

1680 826 1690 836 .
1743 795 1844 848 Quae
1876 808 1998 848 poena
2025 791 2192 837 mulieri
2218 809 2242 836 a
2268 791 2341 837 ἀος

1296 856 1412 900 mino
1447 852 1604 896 remissa
1630 849 1789 894 videtur
1810 883 1822 905 ,
1842 850 1940 894 dum
1966 849 2003 894 ei
2028 849 2223 906 conjugio
2243 864 2344 894 con·

1296 912 1449 965 sentit3
1481 911 1651 966 ideoque
1678 908 1800 952 eausa
1819 923 1904 951 non
1932 906 2125 963 superest,
2150 923 2230 964 qua
2253 922 2346 950 mu-

2002 964 2214 1009 Libertam
2248 980 2345 1009 vero

1295 1042 1463 1071 manere
1479 1041 1548 1081 qui
1565 1024 1761 1068 convenit
1789 1038 1961 1067 uxorem
1975 1022 2076 1066 servi
2098 1053 2111 1076 ‚
2144 1037 2239 1067 cum
2264 1037 2346 1078 quo

1296 1084 1360 1129 vel
1391 1082 1514 1127 nullae
1541 1082 1630 1125 sunt
1656 1081 1809 1136 nuptiae
1834 1113 1846 1134 ,
1877 1079 1944 1123 vel
1975 1079 2001 1122 si
2027 1079 2182 1123 fuerint
2201 1111 2213 1133 ,
2240 1078 2343 1130 ejus-

1296 1142 1389 1186 dem
1422 1156 1519 1185 cum
1552 1140 1702 1182 marito
1735 1137 1984 1182 conditionis
2009 1137 2085 1181 esse
2108 1152 2281 1181 uxorem
2301 1153 2355 1180 0-

1300 1212 1434 1253 portet
1467 1202 1481 1241 .)
1533 1195 1815 1251 Quamobrem
1853 1194 2137 1239 consentiente
2172 1194 2345 1238 domino

1300 1257 1471 1300 liberam
1512 1252 1694 1297 mansisse
1737 1253 1963 1307 putandum
1985 1252 2040 1296 est
2072 1284 2084 1305 ,
2133 1268 2179 1295 ac
2212 1251 2346 1296 nullas

1300 1313 1456 1370 prorsus
1488 1311 1600 1354 fuisse
1633 1310 1797 1364 nuptias
1817 1341 1826 1350 .
1859 1311 1973 1353 Cum
2005 1307 2182 1359 haec‚ita
2211 1309 2246 1352 se
2267 1308 2346 1352 ha-

1303 1374 1430 1414 bent:
1466 1366 1700 1423 scrupulum
1732 1378 1873 1411 tamen
1906 1366 2022 1409 nobis
2053 1365 2187 1418 injicit
2222 1366 2341 1410 Paul-

215 1427 430 1472 manifeste
474 1430 652 1472 resiliant
687 1429 779 1472 libri
811 1426 1208 1479 jurisconsultorum
1242 1456 1254 1477 ,
1302 1428 1362 1471 lus
1384 1459 1396 1481 ,
1429 1426 1498 1483 qui
1530 1426 1600 1468 lib.
1621 1440 1662 1478 4.
1689 1424 1861 1480 sentent.
1894 1425 1959 1467 tit.
1986 1438 2048 1466 10.
2082 1423 2243 1467 scribit:
2275 1424 2347 1466 Ad

212 1487 259 1530 &
282 1488 480 1531 Tacitus.
513 1488 577 1538 (b)
606 1489 655 1529 ln
677 1503 759 1543 quo
786 1487 927 1529 Taciti
955 1485 1044 1528 loco
1072 1483 1252 1540 upum,
1277 1468 1433 1554 sfiliam
1464 1484 1679 1535 ancillam,
1711 1484 1778 1525 vel
1809 1482 1992 1525 libertam
2009 1497 2055 1523 ex
2073 1482 2117 1523 5.
2139 1482 2191 1524 C.
2212 1482 2343 1526 Clau-

212 1544 461 1599 adprobante
494 1544 666 1596 Cujacio
681 1576 694 1597 ,
728 1560 801 1600 pro
827 1545 957 1586 invito
977 1543 1133 1585 domino
1149 1573 1160 1595 ‚
1194 1556 1234 1584 re
1302 1544 1421 1586 diano
1443 1539 1620 1596 effefsam
1638 1540 1856 1596 legitimam
1873 1540 2016 1581 matris
2035 1536 2221 1594 intestata
2243 1540 2347 1582 ltere-

217 1600 350 1656 posuit
381 1602 516 1657 ignaro
538 1616 553 1642 .·
590 1602 729 1644 Petrus
757 1602 883 1643 faber
911 1603 1064 1656 ingrato
1090 1598 1168 1641 sive
1188 1601 1255 1640 ·in-
1303 1602 1470 1644 ditarem
1495 1599 1690 1655 pertinere
1721 1613 1796 1640 non
1823 1594 1950 1652 poffe:
1985 1598 2084 1650 quia
2115 1613 2238 1652 neque
2263 1597 2348 1650 ser-

216 1659 304 1701 vito
330 1659 457 1714 prisca
478 1658 689 1702 locutione
711 1690 724 1711 ‚
757 1674 843 1714 quae
868 1657 1056 1714 frequens
1079 1656 1133 1700 est
1152 1654 1255 1711 apud
1304 1662 1378 1708 vi,
1412 1672 1533 1713 neque
1566 1656 1698 1698 liberti
1730 1667 1893 1697 matrem
1923 1655 2084 1696 civilem
2115 1654 2255 1697 habere
2285 1655 2349 1696 in—

217 1716 448 1770 Plautum3
481 1729 524 1760 ut
554 1730 691 1760 autem
725 1716 922 1760 Svetonio
955 1715 1076 1758 simus
1107 1713 1256 1769 aequio-
1305 1717 1536 1770 telligzmtur
1561 1744 1570 1755 .
1603 1711 1811 1768 Quorsum
1845 1711 1917 1755 illa
1939 1728 1954 1753 .·
1987 1712 2053 1756 vel
2083 1712 2267 1755 libertam
2298 1728 2347 1754 ex

217 1789 280 1817 res
306 1806 319 1826 ,
353 1774 528 1817 libenter
557 1774 783 1830 accipimus
807 1772 1082 1825 conje&uram
1106 1770 1256 1825 Lipfii,
1304 1774 1348 1815 S.
1385 1775 1437 1816 C.
1479 1771 1707 1815 Claudiano
1743 1766 1920 1825 effessarn
1954 1785 1964 1811 τ

214 1832 286 1888 qui
317 1831 531 1875 exoletum
563 1830 644 1883 jam
664 1832 744 1874 hoc
764 1832 802 1873 S.
824 1831 876 1873 C.
904 1828 1133 1886 Vespasiani
1154 1841 1258 1871 tem-

218 1887 383 1944 poribus
417 1889 649 1932 restitutum
681 1888 901 1932 arbitratur
927 1905 939 1941 3
983 1901 1103 1943 atque
1135 1888 1188 1929 ob
1220 1885 1259 1928 id

219 1946 468 2002 Vespasiano
493 1947 740 2001 adscriptum
761 1964 779 1991 a
803 1945 998 1990 Svetonio
1014 1977 1023 1988 .
1053 1947 1113 1996 (c)
1131 1944 1258 1987 Clau-

221 2003 346 2046 diano
380 2004 503 2059 igitur
523 2005 575 2067 -S.
608 2007 661 2047 C.
695 2004 1040 2060 comprehensum
1072 2002 1126 2045 est
1159 2033 1170 2054 ,
1215 2012 1260 2043 ut

2017 1768 2092 1811 nisi
2124 1768 2347 1825 aliquando

1306 1832 1568 1885 contingeret
1593 1860 1605 1882 ‚
1638 1840 1683 1871 ut
1707 1843 1757 1871 ex
1789 1827 1828 1870 S.
1858 1828 1913 1870 C.
1938 1826 2173 1871 Claudiano
2200 1826 2352 1870 mulier

1308 1887 1547 1930 libertinam
1580 1885 1861 1931 conditionem
1896 1884 2030 1928 subeat
2056 1915 2069 1936 ‚
2102 1899 2250 1939 nempe
2274 1884 2350 1927 do-

1307 1944 1426 1988 mino
1456 1944 1706 1998 adprobante
1737 1942 1977 1998 conjugium
2003 1945 2015 1986 ἓ
2049 1943 2131 1994 (e)
2162 1942 2229 1984 Ob
2261 1941 2347 1986 haec

1309 2016 1447 2045 tamen
1490 2003 1540 2045 ab
1571 2000 1808 2045 humaniori
1840 2000 2039 2044 sententia
2071 1999 2248 2043 minime
2280 2000 2349 2043 de-

221 2075 310 2116 quae
343 2061 490 2104 mulier
522 2077 702 2115 ingenua
731 2061 1005 2106 concubuisset
1038 2075 1132 2103 curn
1161 2058 1259 2102 alie-

221 2133 278 2160 no
312 2118 423 2161 servo
450 2150 461 2172 ‚
495 2118 629 2162 invito
661 2122 831 2162 domino
862 2152 874 2172 ‚
919 2119 944 2161 si
977 2118 1167 2160 dominus
1199 2130 1262 2159 ter

223 2174 534 2228 denunciatum,
569 2177 646 2220 sive
686 2175 947 2228 prohibuisset
981 2176 1131 2230 septem
1156 2173 1262 2217 testi·
1308 2174 1452 2219 deinde
1508 2173 1652 2217 liberta
1705 2188 1774 2227 per
1823 2171 2188 2216 manumissionem
2229 2204 2238 2214 .
2301 2174 2354 2214 In

223 2233 296 2276 bus
338 2233 496 2277 civibus
521 2235 723 2278 Romanis
748 2234 1043 2290 praesentibus3
1094 2244 1184 2275 tum
1215 2247 1260 2274 ea
1309 2248 1434 2290 quem
1468 2231 1624 2275 sensum
1660 2230 1770 2274 hunc
1805 2229 1944 2274 locum
1975 2246 1998 2273 a
2031 2229 2205 2281 Cujacio
2239 2245 2355 2273 acce-

221 2290 377 2334 mulier
403 2291 485 2346 post
513 2292 755 2335 sententiam
780 2292 993 2344 Praetoris,
1017 2289 1260 2342 Praesidium,
1312 2304 1427 2346 ptum
1474 2289 1713 2332 invenimus
1757 2289 1802 2331 in
1837 2287 1912 2331 suis
1944 2288 1992 2330 ad
2027 2286 2157 2330 Paulli
2195 2287 2358 2330 senten—

221 2349 327 2405 apud
348 2365 472 2405 quem
497 2349 580 2392 suas
605 2350 942 2394 denunciationes
961 2347 1151 2392 dominus
1173 2363 1259 2402 pro·
1313 2349 1386 2390 tias
1420 2349 1555 2390 notis.
1591 2346 1775 2402 Aliisque
1809 2345 1851 2389 in
1885 2345 1988 2389 locis
2020 2344 2126 2388 idem
2160 2344 2354 2399 Cujacius

223 2405 341 2449 fessus
366 2407 459 2449 esset
480 2438 492 2460 ‚
537 2408 668 2463 capite
693 2409 858 2451 minuta
884 2439 896 2461 ‚
947 2407 991 2449 in
1027 2406 1262 2449 servitutem
1314 2405 1460 2456 tradit,
1494 2402 1572 2458 (f)
1604 2404 1883 2447 consentiente
1915 2401 2112 2455 domino,
2145 2402 2353 2457 integram

225 2464 474 2516 redigeretur
506 2464 617 2508 illius
643 2498 656 2516 ‚
688 2467 736 2509 ad
768 2482 891 2521 quem
925 2464 1155 2520 pertinebat
1189 2462 1262 2504 ser·
1312 2464 1385 2506 esse
1419 2461 1585 2504 mulieri
1619 2462 1851 2504 libertatem
1881 2476 1895 2500 .·
1941 2460 2111 2514 ideoque
2147 2473 2303 2513 patrem
2340 2490 2353 2512 ,

227 2535 332 2563 vus:
368 2520 422 2562 ita
456 2533 500 2563 ut
533 2522 647 2565 simul
681 2539 776 2567 curn
808 2522 942 2576 capite
965 2554 976 2573 ,
1008 2522 1113 2563 bona
1139 2518 1263 2562 etiam
1289 2520 1381 2575 iqui
1428 2534 1497 2573 per
1541 2519 1701 2562 causam
1744 2517 1909 2573 depositi
1942 2517 2079 2559 dotem
2112 2516 2273 2560 dederat
2305 2517 2353 2559 fi-

230 2577 297 2622 sua
325 2577 457 2621 secum
487 2579 554 2622 sub
576 2580 750 2631 ejusdem
775 2580 962 2623 dominio
996 2575 1233 2621 transferret
1254 2608 1265 2628 ‚
1316 2578 1377 2619 1³.ae
1411 2576 1521 2619 servo
1552 2589 1737 2631 nupturae
1764 2607 1776 2628 ,
1820 2590 1904 2617 non
1947 2572 2109 2616 aE’tione
2154 2574 2259 2616 dotis
2293 2589 2355 2617 re-

231 2635 458 2679 dummodo
492 2635 630 2681 invito
665 2638 837 2680 domino
879 2637 1063 2680 alienum
1107 2635 1265 2678 servum
1317 2633 1538 2690 periturum
1582 2634 1689 2689 quod
1732 2632 1892 2676 dederat
1929 2663 1942 2685 ,
1983 2633 2000 2684 (
2046 2630 2205 2675 nullam
2237 2631 2354 2675 enim

229 2692 454 2750 pellexisset
481 2726 490 2737 .
523 2696 723 2739 Ceterum
748 2695 773 2738 si
798 2695 990 2738 dominus
1016 2693 1142 2736 sciens
1173 2707 1266 2748 pru-
1291 2692 1367 2741 rest
1401 2692 1507 2735 inter
1540 2689 1699 2734 servum
1730 2690 1772 2733 Sc
1806 2688 1977 2734 liberam
1997 2689 2352 2741 matrimonium)

229 2752 328 2794 dens
349 2752 584 2808 neglexisset
608 2786 620 2807 ‚
655 2753 900 2808 probassetve
931 2786 942 2807 ‚
974 2750 1168 2802 Cui-acius
1191 2782 1202 2802 ,
1225 2761 1268 2791 ut
1291 2743 1297 2777 l
1319 2750 1379 2792 sed
1422 2749 1581 2792 afflone
1624 2748 1671 2791 tie
1716 2748 1879 2797 peculio
1909 2763 1960 2791 ex
1993 2747 2107 2791 causa
2138 2747 2350 2802 depositi:

228 2807 274 2853 &
305 2808 461 2865 Lipsius
481 2843 491 2863 ‚
527 2827 609 2854 non
639 2811 791 2855 servam
818 2843 827 2861 ‚
862 2811 922 2853 sed
955 2809 1144 2853 libertam
1182 2807 1267 2850 fieri
1316 2806 1421 2864 quod
1455 2806 1617 2850 Paullus
1648 2806 1854 2862 respondit
1880 2838 1890 2848 .
1933 2805 2020 2862 (g)
2070 2805 2193 2862 Nigil
2225 2805 2354 2861 igitur

340 2868 442 2920 Jam'
472 2870 685 2913 Gravinae.
716 2871 832 2912 Tom.
866 2870 899 2912 Ι.
1901 2863 1947 2906 Ii
2313 2861 2360 2904 in

1308 2060 1488 2104 cedimus
1520 2076 1529 2100 τ
1582 2060 1715 2114 potuit
1755 2057 1868 2101 enim
1904 2057 1988 2100 filia
2019 2072 2068 2100 ex
2101 2058 2140 2099 S.
2173 2058 2227 2100 C.
2260 2057 2348 2100 fieri

1314 2117 1502 2171 ancilla,
1545 2115 1716 2159 domino
1761 2115 2022 2170 improbante
2065 2112 2306 2170 conjugium
2341 2144 2353 2165 ,

1474 2938 1718 2951 *dnm-

906 2942 1269 2956 ““““““”“““““
1290 2938 1299 2996 l

281 2976 341 3016 (a)
368 2982 404 3010 L·
427 2990 457 3017 3.
471 2979 511 3024 ff
529 2981 614 3024 quib.
633 2981 675 3013 ad
690 2980 798 3014 libert.
816 2982 966 3023 proclam.
986 2990 1047 3011 non
1063 2980 1140 3011 licce
1156 3000 1163 3009 .

279 3019 339 3061 (b)
363 3025 401 3054 1..
423 3034 472 3056 ιι.
491 3037 516 3058 c.
537 3036 588 3064 53.
604 3028 712 3058 annal.
730 3026 816 3069 Uip.
833 3027 888 3059 rit.
914 3036 961 3057 11.
980 3024 1168 3067 §.maxima
1183 3044 1193 3053 .

280 3067 336 3108 (c)
364 3069 404 3098 ln
423 3069 615 3111 Vespasiano
631 3083 655 3104 c.
679 3081 726 3102 Η.

229 3112 344 3196 μω)
357 3110 481 3188 όευὶεα
511 3116 552 3147 aa
577 3117 640 3150 eis.
657 3120 694 3148 c,
711 3117 748 3149 a.
764 3117 800 3148 s.
821 3119 856 3147 c.
875 3115 990 3149 claud.
1008 3113 1046 3147 o·
1060 3112 1132 3148 libr.
1150 3122 1203 3144 ῃ.
1217 3108 1267 3144 ob-

253 3167 267 3188 θ
286 3169 318 3189 υ.
339 3167 351 3188 1
380 3180 389 3190 .

1938 2938 2358 2949 ----—-——--.——-—

1359 2976 1413 3016 (e)
1442 2975 1557 3013 cujac.
1573 2975 1662 3016 obsta
1675 2987 1696 3007 1.
1715 2977 1841 3008 cia&
1863 2977 1905 3007 ad
1922 2977 1978 3008 pit.
1997 2978 2021 3005 C
2036 2975 2072 3006 de
2086 2975 2348 3006 mactandam.

1358 3022 1437 3063 (f)
1467 3023 1519 3082 A2'i
1548 3024 1570 3054 l.
1592 3024 1710 3054 Lucius
1725 3033 1776 3062 27·
1802 3020 1843 3065 ff.
1872 3022 1908 3053 de
1933 3019 2062 3061 deposit-
2076 3018 2147 3059 five
2162 3020 2204 3051 ad
2219 3018 2297 3053 tier.
2314 3028 2348 3059 7.

1316 3067 1531 3154 ''533ngss
1546 3110 1706 3147 Gothofr.
1722 3114 1755 3142 C.
1777 3110 1896 3144 Thead.
1917 3109 1959 3143 ad
1971 3111 2008 3140 S.
2026 3110 2061 3139 C.
2076 3109 2292 3143 Claudianum
2308 3106 2346 3138 (5

1328 3157 1436 3191 Pauli.
1457 3159 1587 3199 2.sem.
1606 3167 1658 3189 21.
1674 3157 1702 3197 §-
1723 3166 1749 3188 1.
