2596 3479
318 92 383 139 26

274 104 541 219 {imit-batur,
585 164 668 216 (a)
711 163 875 208 Erdem
923 178 1053 219 poenae
1098 163 1317 206 tenent&

275 221 510 278 sacrilegos,
542 237 609 265 eos
641 237 816 276 nempe,
860 223 928 282 qui
962 237 1011 265 ex
1047 220 1222 276 publicis
1257 220 1314 264 sa-

880 91 1021 142 DE
1104 61 1698 157 LEGIBUS,

1346 174 1515 230 igatur,
1538 162 1617 217 (f)
1657 166 1721 229 De·
1753 164 1914 210 residuis
1943 178 2081 212 autem
2119 180 2307 227 tenetur,
2339 174 2409 230 qui

1345 262 1348 285 z
1372 235 1590 284 pecuniam
1613 222 1819 277 publicam
1847 240 1929 267 non
1954 226 1996 268 in
2017 242 2084 269 eos
2109 230 2198 273 usus
2221 232 2412 275 contule-

271 279 348 323 cris
381 280 476 335 quid
497 280 756 323 abstulerint:
785 280 955 340 Etenim
984 279 1051 342 qui
1083 294 1167 343 rem
1186 278 1320 334 priva·
1346 293 1350 299 ·
1373 291 1453 331 rit,
1486 279 1529 322 in
1555 295 1655 335 quos
1684 281 1876 325 attributa
1903 283 1971 325 fibi
1994 283 2150 339 fuerat,
2180 287 2224 330 δι
2250 288 2281 331 is
2305 289 2408 343 apud

273 350 358 382 tarn
387 339 562 393 rapuerit
588 353 607 380 e
630 337 717 378 loco
740 336 873 387 sacro,
907 352 989 385 jure
1017 336 1129 379 civili
1149 352 1217 391 per
1233 338 1324 379 An-
1344 336 1349 371 l
1371 350 1493 391 quem
1525 337 1729 393 quantitas
1754 339 1890 395 aliqua
1920 356 1969 384 ex
2003 343 2163 396 publica
2188 345 2372 388 emtione
2392 377 2406 399 ,

273 396 408 439 tonini
440 396 675 449 rescriptum
714 408 796 435 non
835 408 955 448 poena
996 393 1224 449 sacrilegii,
1262 394 1321 437 sed
1344 376 1349 430 l

270 453 429 497 afflone
451 453 545 497 furti
564 464 724 494 tenetur
747 451 960 509 :quamvis
980 450 1197 503 alitcrjtue
1217 452 1320 494 Pon-

267 511 401 555 tificio
417 510 682 553 constituatur
700 527 707 550 :
724 525 803 565 quo
818 510 944 552 etiam
968 508 1021 550 rei
1041 509 1220 563 profanae
1235 508 1317 553 fur-

271 582 358 612 tum
382 568 506 611 eloco
534 566 642 609 sacro
665 569 704 608 in
737 566 1123 621 sacrilegii·crimine
1139 567 1318 622 ponitur.

268 628 331 678 (h)
353 628 388 668 A
413 641 490 681 qua
514 624 736 676 sententia,
776 636 817 666 ut
840 637 931 678 pote
963 624 1148 667 sanctiori
1168 657 1179 677 ‚
1213 624 1317 667 haud

269 685 393 739 longe
429 683 565 725 abiere
610 696 785 724 veteres:
821 697 994 737 quorum
1028 682 1227 736 opinione
1262 681 1314 724 sa—

268 756 383 786 crum
410 753 495 783 erat
521 740 715 796 quidquid
739 739 924 783 custodiae
947 741 1130 782 Deorum
1147 754 1314 784 concre-

268 799 463 851 debatur,
505 814 551 841 ac
595 797 715 842 fidem
764 797 988 839 numinum
1023 796 1239 840 videbatur
1271 797 1314 840 in

267 857 536 911 suspicionem
571 855 764 899 adducere
785 854 990 910 quisquis,
1024 853 1197 896 furando
1227 870 1313 897 rem

263 930 389 967 earn,
433 913 640 956 frustraret
689 913 794 967 spem
852 911 1161 955 dominorum:
1208 912 1312 961 unde

266 973 385 1017 senex
420 971 634 1016 Plautinus
666 970 710 1013 in
741 970 982 1028 Aulul.(c)

325 1089 450 1132 Fides
472 1085 620 1142 novisti
645 1103 731 1139 me,
764 1084 820 1128 (9⁴
847 1099 910 1141 ego
935 1097 1001 1128 te:
1031 1083 1312 1139 cavefistibi,

324 1147 392 1190 Ne
425 1160 466 1188 tu
501 1147 543 1188 in
574 1161 633 1187 me
664 1141 841 1199 mutaffis
863 1159 1000 1186 nomen
1025 1174 1038 1197 ‚
1060 1141 1100 1196 fi
1132 1145 1198 1187 hoc
1224 1160 1311 1187 con-

387 1205 524 1246 creduo

325 1263 393 1306 Ibo
423 1263 476 1304 ad
510 1273 545 1303 te
569 1259 700 1314 fretus
731 1273 825 1314 tua,
851 1258 983 1314 fides,
1010 1257 1189 1314 fiducia,

271 1378 348 1422 Pro
377 1393 416 1421 re
440 1393 537 1421 vero
564 1377 627 1420 sua
651 1375 851 1431 principes
886 1385 1039 1418 nomen
1068 1373 1309 1431 crimenque

271 1435 472 1492 sacrilegii
495 1435 766 1478 extenderunt
788 1433 1041 1488 aliquatenus
1065 1432 1112 1475 ad
1133 1447 1200 1476 eos
1215 1465 1226 1486 ,
1241 1433 1310 1488 qui

271 1493 510 1548 principum
543 1491 739 1544 judicium
765 1492 806 1533 ἃ
830 1490 1115 1534 auctoritatem
1142 1490 1185 1532 in
1210 1505 1309 1534 con-

270 1550 508 1594 troversiam
544 1562 719 1601 vocant,
752 1561 819 1591 aut
843 1548 1105 1603 ambigunt,
1138 1562 1189 1589 an
1225 1549 1310 1595 Im-

272 1622 435 1664 perator
460 1608 634 1662 dignum
655 1606 871 1650 hominem
892 1605 1060 1661 elegerit
1075 1605 1123 1648 ad
1144 1604 1311 1660 aliquod

268 1681 446 1708 munus.
473 1667 535 1717 fd)
558 1663 884 1708 Constitutiones
897 1678 1060 1719 quoque
1077 1662 1309 1717 principum

271 1723 578 1779 imprudenter,
614 1722 678 1766 vel
727 1721 917 1765 industria
951 1719 1105 1765 violare
1153 1720 1308 1763 sacrile-

268 1780 384 1836 gium
421 1780 605 1825 ducitur:
644 1780 750 1836 quod
784 1778 917 1822 multo
938 1778 1072 1832 aptius
1097 1777 1144 1820 ad
1174 1777 1310 1832 legum

268 1838 507 1882 divinarum
532 1850 786 1893 corruptores
821 1836 1131 1881 accomodatur:
1172 1851 1311 1890 perpe·

270 1911 360 1938 ram
393 1896 508 1938 enim
547 1897 765 1938 Duarenus
804 1897 905 1951 leges
939 1894 1107 1937 divinas
1142 1893 1313 1948 exponit

269 1952 579 2008 Constitutiones
600 1954 824 2008 principum
840 1969 855 1992 .·
882 1950 951 1995 etsi
970 1950 1049 1994 hoc
1066 1950 1182 1994 sensu
1197 1951 1312 1998 enirn

271 2011 528 2066 accipiantur
552 2010 798 2066 aliquando,
831 2022 970 2055 tamen
999 2008 1063 2052 lex
1087 2008 1218 2064 prima
1232 2011 1310 2051 Co-

271 2068 375 2111 dicis
416 2069 463 2111 de
495 2069 655 2112 crimine
679 2068 919 2124 sacrilegii,
964 2066 1009 2109 in
1061 2082 1139 2123 qua
1182 2065 1313 2108 versa-

271 2141 396 2177 mur,
431 2126 608 2181 pertinet
639 2126 686 2168 ad
720 2125 821 2181 ipsas
857 2125 933 2168 Dei
968 2123 1112 2180 leges:
1148 2122 1241 2178 quia
1269 2122 1312 2165 in

272 2184 325 2225 C.
359 2183 647 2227 Theodosiano
682 2182 745 2225 lex
778 2182 918 2227 eadem
962 2180 1166 2226 collocata
1200 2195 1312 2235 repe-

270 2241 374 2283 ritur
406 2241 448 2283 in
481 2243 546 2282 tit.
591 2242 638 2283 de
668 2240 801 2294 Episc.
835 2238 891 2282 (9¹
922 2239 1091 2282 Clericis
1135 2240 1206 2293 leg.
1244 2250 1312 2291 25.

271 2297 397 2340 Unde
455 2297 558 2341 re&e
617 2297 808 2348 Cajacius
858 2296 904 2339 de
963 2295 1118 2351 legibus
1164 2294 1314 2338 divinis

273 2355 313 2398 id
370 2355 664 2410 interpretatur
696 2386 705 2397 .
755 2352 839 2409 Qui
894 2351 1208 2408 confugientem
1266 2351 1314 2394 ad

273 2412 500 2457 Ecclesiam
546 2427 617 2468 per
657 2412 744 2454 vim
788 2410 1025 2454 abstraxerit
1053 2442 1065 2463 ,
1114 2407 1315 2462 sacrilegii

273 2471 523 2524 damnatur,
565 2471 646 2522 (e)
687 2469 730 2512 ὃς
773 2468 841 2524 qui
889 2466 1007 2520 ejuS,
1051 2468 1154 2510 unde
1188 2465 1314 2521 origi-

274 2543 373 2571 nem
424 2527 536 2571 ducit
567 2558 579 2581 ,
634 2526 1031 2572 administrationem
1088 2523 1315 2580 provinciae

278 2585 415 2642 petit:
450 2584 638 2641 quamvis
682 2584 802 2628 hodie
845 2582 921 2628 hac
953 2582 998 2626 in
1029 2597 1071 2627 re
1104 2581 1238 2627 lenius
1269 2597 1317 2625 a-

281 2764 388 2776 —
1210 2764 1316 2775 ῃ

325 2845 401 2887 [a]
431 2846 466 2878 L.
482 2846 566 2879 unic.
588 2848 623 2876 C.
639 2846 675 2878 de
687 2845 813 2877 crimin.
840 2846 943 2884 pecul.
969 2846 1001 2887 §.
1032 2845 1112 2876 ium
1140 2845 1190 2876 lex
1215 2843 1320 2886 Julia

281 2890 392 2931 lnsb't.
420 2893 456 2924 de
471 2892 559 2933 publ.
574 2891 672 2930 judic.
691 2895 757 2933 Jac.
780 2887 934 2923 Gothofr.
951 2891 988 2921 C.
1006 2890 1164 2930 Theodofi
1199 2889 1241 2922 ad
1253 2890 1318 2932 leg.

311 2939 354 2968 ul.
394 2937 580 2970 ecut.tib.r.

276 2938 305 2977 J
329 2983 343 3020 [
359 2945 403 3019 hp]
431 2985 510 3024 Cap.
527 2983 673 3026 quisquis
694 2992 742 3022 ¹7·
759 2976 906 3023 quest-4-
935 2976 1050 3016 Cuiae·
1065 2976 1132 3020 obs.
1151 2987 1198 3017 13.
1217 2989 1241 3012 c.
1267 2988 1318 3019 19.

281 3026 305 3059 1·
320 3027 394 3058 divi
409 3026 448 3071 ff.
465 3029 507 3059 ad
520 3031 582 3070 leg.
594 3030 673 3070 Jul·
690 3029 790 3067 pecul.

327 3073 342 3110 [
357 3083 371 3103 c
388 3073 401 3112 ]
435 3072 664 3114 A&,3.sce„.6.
682 3075 719 3104 L.
735 3080 794 3102 aue
808 3069 898 3113 fam
914 3070 943 3110 §.
959 3069 1045 3102 locus
1057 3067 1097 3112 ff.
1117 3068 1154 3103 de
1167 3077 1248 3114 pen.

328 3117 378 3157 [d]
409 3121 481 3155 L.3.
500 3121 546 3150 D.
566 3120 603 3150 de
617 3119 705 3149 evim.
718 3117 829 3156 sarrit.

329 3162 375 3203 (θ)
403 3167 474 3197 L.2.
494 3164 529 3196 C.
549 3163 614 3197 eod.
629 3162 699 3204 sive
716 3162 754 3196 de
768 3153 983 3201 «irimsacrt‘l.

1371 392 1576 437 locatione
1592 426 1603 447 ,
1633 408 1701 438 aut
1716 396 2065 442 administratione
2082 401 2242 456 supersit
2257 434 2269 456 ‚
2284 417 2409 458 quarn

1370 449 1434 493 vel
1463 452 1643 516 profiteri
1660 485 1671 507 ,
1704 453 1768 496 vel
1795 455 1838 497 in
1862 455 2042 509 publicas
2067 460 2243 502 rationes
2258 458 2404 503 referre

1369 507 1624 563 neglexerit,
1657 522 1725 554 aut
1763 513 2002 568 professam,
2049 515 2271 559 relatamve
2297 516 2407 559 ultra

1367 580 1525 609 annum
1546 568 1648 622 apud
1678 567 1713 611 se
1740 568 1956 613 habuerit:
1992 572 2100 628 isque
2129 573 2218 624 (uti
2248 576 2402 618 Duare-

1366 624 1650 687 nusexplicat
1683 627 1800 670 verba
1834 627 1936 683 legis
1958 661 1969 681 ,
2003 632 2091 685 )(g
2118 631 2134 680 )
2163 643 2304 685 praeter
2338 645 2404 685 pe-

1365 696 1532 746 cuniam
1577 698 1626 726 ex
1669 683 1940 740 reliquatione
1990 686 2246 731 inserendam
2275 720 2288 740 ,
2321 701 2405 731 ter-

1367 749 1424 780 tia
1470 739 1632 794 insuper
1662 740 1745 791 ejus
1766 773 1777 794 ,
1811 757 1934 795 quam
1967 743 2083 786 debet
2107 775 2118 794 ,
2153 757 2264 798 parte
2298 743 2406 787 mul-

1364 807 1506 839 tatur:
1540 798 1609 841 alii
1643 798 1766 852 triplo
1799 798 1914 851 ejuS,
1945 800 2051 854 quod
2094 800 2211 843 debet
2240 833 2251 854 ,
2294 797 2405 843 mul-

1364 854 1535 897 tandum
1567 855 1763 908 censent,
1796 867 1938 910 praeter
1969 857 2149 901 debitam
2185 857 2403 912 pecuniam

1362 910 1621 955 restitutam⁴
1667 913 1887 957 Subtraeaeae
1936 926 2074 958 autem
2117 916 2297 969 pecuniae
2343 929 2404 958 re-

1364 968 1508 1024 petitio
1551 985 1600 1013 ex
1646 969 1722 1013 hac
1767 969 1854 1026 lege
1898 972 2038 1014 transit
2096 972 2223 1016 etiam
2266 972 2408 1014 adver-

1362 1027 1422 1070 sus
1465 1027 1558 1080 [h]
1603 1026 1796 1071 heredes.
1842 1028 2032 1085 Denique
2076 1029 2282 1084 peculatus
2324 1029 2404 1072 cri-

1335 1100 1486 1161 fmen,
1518 1097 1563 1127 ut
1593 1086 1724 1136 JCtus
1756 1085 1909 1138 tradit,
1942 1099 2037 1129 ante
2069 1086 2404 1143 quinquennium

1360 1141 1576 1187 admissum
1604 1157 1689 1187 non
1711 1143 1766 1188 est
1790 1143 1968 1200 amplius
1991 1143 2269 1197 objiciendum
2285 1173 2295 1182 ·
2324 1144 2402 1198 (i)

1523 1259 1563 1301 C
1623 1259 1664 1302 A
1718 1259 1756 1321 ‘P
1815 1258 1858 1299 U
1920 1260 1963 1302 T
2080 1260 2249 1304 XCVI.

1535 1374 1607 1416 Ad
1637 1374 1758 1430 Iegem
1782 1375 1943 1444 juliam
1972 1376 2021 1418 de
2051 1376 2247 1418 Annona.

1463 1486 1817 1587 Ublicaeqoque
1848 1492 1902 1534 C.
1929 1489 2060 1542 Julius
2084 1490 2211 1533 Cesar
2228 1487 2403 1532 utilitati

1450 1545 1653 1602 prospexit
1703 1563 1775 1602 ege
1802 1548 1845 1590 in
1865 1563 1933 1591 eos
1959 1548 2065 1600 lata,
2096 1561 2274 1603 quorum
2305 1545 2401 1588 dolo

1360 1619 1552 1656 annona,
1586 1618 1734 1659 nempe
1777 1603 2063 1658 frumentum,
2105 1603 2281 1654 vinum,
2310 1603 2397 1646 ole-

1361 1677 1433 1704 um
1453 1694 1465 1715 ,
1499 1660 1643 1718 paniS,
1675 1677 1796 1715 caro,
1829 1662 1911 1716 sal,
1941 1662 1985 1705 &
2021 1660 2170 1705 similia
2202 1659 2337 1703 victus
2357 1674 2402 1702 e-

1362 1718 1543 1766 lementa
1580 1718 1736 1762 cariora
1770 1719 1988 1767 reddantur
2007 1750 2020 1771 ,
2053 1718 2204 1774 quique
2227 1718 2280 1761 ob
2306 1731 2399 1760 earn

1361 1792 1447 1820 rem
1482 1776 1719 1824 societatem
1745 1777 1919 1821 coierint
1939 1808 1951 1829 ,
1983 1776 2026 1819 &
2048 1774 2399 1830 conspiraverint,

1360 1849 1440 1889 quo
1469 1833 1534 1877 vel
1571 1834 1646 1877 iter
1676 1834 1903 1878 vectoribus
1921 1834 1971 1877 ab
1997 1833 2094 1879 urbe
2120 1843 2397 1883 averteretur,

1361 1891 1425 1934 vel
1465 1907 1610 1944 naves,
1646 1903 1856 1947 nautaeque
1891 1890 2197 1942 detinerentur,
2250 1888 2402 1944 quique

1361 1963 1572 1993 annonam
1595 1964 1754 2003 quoque
1780 1948 1904 1991 modo
1923 1958 2076 1992 vexant
2093 1977 2105 1999 ,
2137 1946 2228 1994 {five
2245 1945 2403 2001 ¹subtra-

1363 2006 1522 2058 hendo,
1567 2005 1645 2048 five
1677 2005 1997 2060 supprimendo,
2041 2002 2307 2059 inopiamque
2344 2000 2403 2046 rei

1362 2063 1522 2107 cibariae
1547 2062 1775 2106 inducendo
1791 2094 1803 2116 ,
1837 2074 1882 2106 ut
1903 2060 2067 2118 publica
2079 2060 2251 2117 egestate
2266 2059 2402 2115 priva-

1363 2121 1438 2163 tim
1464 2122 1645 2163 ditentur
1660 2121 1744 2171 :(k
1759 2121 1776 2170 )
1793 2119 1901 2176 iique
1921 2136 1943 2162 a
1965 2117 2160 2164 Dardano
2191 2116 2366 2177 quodam
2385 2146 2401 2169 ‚

1365 2178 1468 2221 forte
1501 2176 1619 2229 hujus
1647 2177 1866 2225 teterrimae
1889 2177 1985 2221 artis
2006 2175 2217 2230 principe,
2242 2172 2400 2216 Darda·

1364 2235 1468 2278 narii
1501 2247 1827 2289 nuncupantur.
1871 2233 1944 2286 [l]
1991 2232 2148 2276 Eadem
2184 2231 2271 2286 lege
2316 2230 2402 2285 ple-

1363 2293 1529 2341 &untur
1559 2291 1603 2334 δε
1636 2290 1697 2343 ii,
1742 2290 1810 2346 qui
1843 2289 2120 2332 fraudulenter
2150 2288 2194 2332 in
2225 2301 2402 2329 annonae

1365 2346 1715 2395 administratione
1756 2346 1964 2390 versantur
1990 2376 2002 2396 ,
2053 2344 2132 2391 sive
2191 2342 2402 2397 praefeRu's·

1364 2406 1482 2461 ipfius
1513 2419 1721 2457 annonae,
1764 2403 1843 2446 sive
1886 2401 2092 2458 praefeStus
2135 2401 2266 2443 urbis.
2298 2399 2398 2453 [m]

1364 2466 1420 2512 Et
1449 2461 1750 2519 quoniamffler
1782 2460 1860 2504 hoc
1891 2458 2090 2512 judicium
2125 2457 2298 2513 publicae
2329 2470 2404 2501 ne·-

1365 2519 1533 2565 ceffitati
1555 2552 1567 2573 ,
1619 2516 1916 2574 communique
1967 2514 2083 2559 saluti
2133 2513 2361 2577 consulitur
2388 2543 2402 2567 ,

1366 2577 1590 2623 delationes
1617 2574 1841 2620 mulierum
1882 2574 1927 2618 &
1957 2573 2162 2618 servorum
2194 2571 2402 2629 recipiun-

2295 2640 2365 2672 tur
2382 2655 2392 2668 ·

1367 2758 1611 2772 -—--—·
2039 2745 2406 2764 -—-——-—-

1412 2838 1495 2881 (f)
1519 2841 1557 2871 L.
1573 2840 1682 2871 ulte.
1701 2837 1768 2869 eod.
2434 2861 2435 2864 Ἴ

1415 2883 1492 2926 [g]
1521 2886 1557 2915 L.
1574 2893 1608 2921 4.
1626 2884 1655 2925 §.
1674 2893 1735 2924 qua
1748 2883 1818 2923 lege
1831 2878 1868 2922 ff:
1894 2878 1937 2911 ad
1949 2875 2222 2921 tegffahpecut-
2237 2871 2276 2905 (5
2295 2874 2325 2917 §.
2337 2872 2403 2913 lag.

1361 2930 1394 2972 J
1439 2929 1476 2970 Ἅι.
1495 2929 1638 2960 Duaren.
1658 2929 1712 2959 hoc
1728 2927 1782 2958 eit.
1796 2924 1835 2968 ΗΖ
1842 2935 1871 2963 3.
1892 2930 1996 2965 cap.4.

1395 2930 1494 3015 ᾖ]
1519 2975 1558 3004 L.
1572 2974 1635 3003 ule.
1651 2972 1716 3003 eod.
1733 2973 1756 3002 t.
1772 2979 1807 3001 ex
1825 2968 1985 3008 judic-20.
1999 2965 2038 3011 ff.
2054 2967 2092 2999 de
2103 2965 2205 3005 accus.

1414 3017 1469 3059 (ι’)
1492 3014 1735 3058 L.7.ff.hoc.tit·
1782 3015 1837 3056 (k)
1868 3014 1892 3044 1.
1908 3010 1982 3056 ²·ff·
1995 3012 2038 3044 nd
2051 3012 2187 3058 logJul.
2204 3009 2243 3041 de
2254 3017 2333 3039 ann·

1416 3064 1436 3103 (
1454 3063 1497 3102 1)
1521 3062 1558 3092 L.
1574 3065 1607 3092 6.
1630 3057 1668 3102 ff
1694 3061 1732 3092 de
1748 3058 1904 3093 extraord.
1919 3057 2046 3091 crimin.
2062 3060 2177 3094 cujac.
2196 3063 2249 3087 ιο.
2262 3049 2326 3094 obs.
2343 3056 2398 3087 ι’·

1370 3107 1517 3142 Turneb.
1535 3117 1564 3145 9.
1578 3105 1706 3146 advers?
1728 3115 1777 3145 ¹7·
2061 3143 2066 3147 .
2122 3128 2124 3130 .

1419 3154 1439 3194 (
1453 3163 1485 3185 m
1499 3151 1519 3191 >
1544 3153 1616 3184 La.
1634 3150 1662 3192 §.
1679 3160 1753 3183 cura
1763 3146 1803 3192 ff.
1819 3147 1858 3184 de
1871 3143 1953 3189 offic·
1968 3146 2055 3188 pref.
2067 3141 2139 3180 urb.
