2596 3479
192 119 304 173 166

261 193 575 249 occentaffit
611 190 632 263 )
675 229 868 258 occentare
901 215 955 258 est
987 213 1225 258 convicium

181 271 313 315 facere
340 303 353 324 ‚
385 271 608 325 obstrepere
636 272 818 316 adversus
844 271 1024 328 aliquem
1046 303 1056 314 .
1094 270 1230 315 Plaut.

181 329 225 372 in
249 329 414 373 Cui-cul.

297 385 413 440 Q-uid
429 385 466 438 fi
489 387 630 428 adeam
647 419 659 440 ,
690 400 809 444 atque
821 384 990 441 adfores
1003 390 1228 430 occentem?

260 447 545 526 Flagitium
573 445 748 517 fam)
784 465 992 523 flagitium
1025 466 1230 511 veteribus

183 522 236 567 est
267 522 487 564 convicium
509 552 517 562 .
556 520 749 566 Plautus:

241 580 400 630 Maiore
430 595 475 620 cu
493 593 516 640 νζ
540 577 706 633 flagitio
728 582 867 625 reddes
883 580 1013 639 postea
1027 613 1039 635 ‚
1077 581 1154 625 hoc
1173 582 1227 626 est

184 636 361 681 infamia
393 667 406 687 ‚
445 650 543 690 quia
573 652 655 692 quo
688 639 821 683 acrius
854 640 1031 693 petimus
1066 640 1195 682 nostra
1218 670 1230 688 ‚

182 711 231 738 eo
261 694 318 737 est
354 708 468 734 mora
493 693 653 747 turpior
685 727 694 736 .
741 698 795 739 Et
828 698 937 740 Cato
966 698 1232 741 Intercumbus·

171 751 325 808 stupris
338 748 584 805 flagitatus,
632 751 710 796 hoc
742 753 797 796 est
831 754 1037 798 intestinis
1072 754 1228 805 injuriis

181 808 360 853 adfectus
383 837 395 848 .
427 806 566 851 Livius
589 807 657 852 lib.
687 812 832 855 XXV.
858 813 991 855 Simul
1013 810 1070 855 Θ
1092 813 1230 868 ingens

178 865 387 922 flagitium
409 865 566 921 imperii
591 867 792 912 demturus
823 901 831 910 .
880 868 1092 913 Gracchus
1123 870 1229 925 apud

185 924 326 967 Isidor.
351 922 424 964 lib.
453 937 493 965 2.
526 924 620 979 ort'g.
652 938 741 981 cap.
774 942 843 970 21.
874 927 1061 969 Pueritia
1090 939 1160 969 tua
1184 944 1229 969 a-

185 980 422 1035 dolescentiae
447 992 517 1022 tuae
542 980 912 1035 inhonestamentum
933 982 1019 1037 fuit
1043 1016 1060 1039 ‚
1099 985 1231 1027 adole-

180 1038 334 1094 scentia
357 1037 570 1092 fineffutis
597 1039 958 1082 dedecoramentum
997 1072 1010 1095 ,
1051 1041 1231 1095 seneclus·

186 1096 403 1150 reipublicae
418 1092 628 1152 flagitium
655 1127 664 1138 .
700 1097 807 1141 Vide
834 1097 993 1141 Festum
1021 1099 1143 1142 verbo
1169 1116 1229 1141 oc·

187 1150 362 1206 centaffit
382 1184 395 1206 ‚
424 1151 469 1195 δε
499 1151 554 1194 ibi
581 1152 841 1210 scaligerum
879 1185 892 1198 .

185 1208 464 1252 Gothofredus
488 1209 598 1253 hanc
621 1209 760 1266 legem
787 1213 843 1254 ita
870 1211 991 1255 refert
1012 1229 1023 1255 :

263 1269 317 1323 Si
358 1269 449 1341 qui
488 1267 670 1341 pipulo
712 1271 1006 1325 occentaffit
1046 1312 1065 1340 ,
1118 1290 1230 1326 car-

186 1364 379 1400 menve
412 1345 696 1400 condidiffit
718 1386 736 1416 ,
775 1347 916 1418 quo’d
952 1347 1232 1403 infamiam

188 1424 319 1479 faxit
360 1420 690 1495 flagitiumve
734 1421 931 1494 alteri,
987 1426 1112 1479 fuste
1156 1427 1233 1480 fe-

193 1500 294 1556 ri'to
320 1542 337 1554 .

251 1577 447 1632 Pipulum
487 1575 540 1618 est
581 1574 820 1620 convicium
862 1592 884 1619 a
923 1579 1067 1632 pipatu
1100 1577 1233 1632 pullo-

192 1648 283 1677 rum
316 1665 327 1675 .
369 1634 518 1688 Pipare
547 1633 661 1675 enim
695 1633 789 1676 Osci
822 1633 1010 1677 dicebant
1045 1650 1115 1687 pro
1147 1634 1231 1686 eju·

193 1689 367 1734 labunde
397 1690 609 1746 conqueri.
641 1690 764 1733 Unde
791 1692 930 1745 pipulo
953 1689 1114 1746 differre
1133 1724 1145 1743 ‚
1178 1693 1232 1736 est

194 1748 351 1790 afficere
384 1745 560 1789 infamia
590 1777 600 1789 .
632 1745 753 1802 Fuste
781 1760 922 1791 autem
945 1746 1071 1802 ferire
1098 1749 1153 1792 est
1183 1749 1232 1793 ad

193 1819 338 1849 necem
363 1803 510 1847 caedere
532 1834 542 1846 .
574 1804 662 1855 (a).

385 1889 828 1931 CAPUT
926 1892 1043 1934 LVI.

464 1947 531 1990 De
563 1947 728 2001 reliquis
757 1947 921 1999 injuriis
941 1979 951 1990 .

327 2033 425 2074 Une
457 2030 505 2074 ad
538 2030 706 2082 injurias
738 2047 778 2077 re
813 2032 945 2076 illatas
977 2033 1191 2078 veniamus
1210 2036 1230 2075 ’τ

345 2102 518 2143 quarum
547 2088 716 2131 nomine
742 2089 849 2132 inter
871 2089 1143 2134 Athenienses
1163 2092 1230 2133 da-

195 2146 312 2187 batur
360 2144 560 2188 accusatio
599 2177 611 2194 ,
661 2144 740 2188 five
786 2147 891 2190 aelio
923 2147 967 2190 in
999 2160 1121 2201 caput
1147 2180 1160 2200 ‚
1189 2148 1234 2189 δι

193 2200 413 2254 multatio,
446 2202 524 2244 live
555 2201 662 2244 actio
693 2201 739 2244 in
761 2204 1005 2259 pecuniam:
1042 2205 1126 2247 haec
1154 2204 1234 2259 pri-

195 2268 288 2299 vata
318 2271 404 2300 erat
427 2289 439 2309 ,
483 2257 554 2300 illa
587 2257 748 2312 publica
777 2278 786 2301 z
832 2261 991 2314 privata
1023 2261 1234 2304 dicebatur

195 2312 315 2352 ἇικίας
345 2312 435 2358 sinn
467 2329 480 2367 3
532 2314 693 2370 publica
718 2317 858 2368 ὕβρεως
886 2318 1005 2367 γραφή
1031 2350 1044 2372 ‚
1091 2318 1138 2362 de
1171 2318 1234 2360 his

195 2448 404 2462 ...υ--

195 2482 306 2516 stinati
342 2481 529 2515 auctoribus
565 2482 722 2515 carminis
754 2481 870 2517 famosi
895 2485 1052 2519 meminit
1085 2486 1230 2529 Porphy-

199 2529 272 2562 non
307 2526 347 2560 ad
364 2526 421 2559 illa
440 2526 572 2560 Horatii
589 2527 751 2570 EpissJl.
774 2538 801 2560 ι.

923 2575 1018 2618 ,Quin
1034 2576 1137 2608 etiam
1162 2578 1213 2609 lex

244 2619 406 2660 Panaque
446 2618 519 2650 lata
546 2636 558 2656 ‚
585 2620 672 2652 malo
713 2627 782 2661 quae
809 2620 913 2652 nollet
950 2621 1091 2653 carmine
1125 2631 1233 2663 quem-

286 2673 382 2704 quam

243 2705 389 2745 Dascn'bn'
409 2717 416 2737 ;
446 2715 567 2738 verrere
583 2707 709 2739 modum
724 2728 734 2743 ,
757 2709 935 2750 formidim
954 2707 1055 2751 fustis

244 2751 299 2782 Ad
325 2749 400 2781 bene
425 2751 597 2783 dicendum
621 2751 907 2793 &uelandumque
931 2753 1077 2786 redum.

199 2793 342 2828 Accedet
368 2797 534 2826 Cornutus
550 2815 560 2831 ‚
587 2795 642 2838 qui
669 2797 708 2828 ad
729 2797 827 2829 Persii
852 2799 965 2837 satyr.
990 2809 1019 2829 ι.
1047 2801 1157 2840 Lege,
1185 2798 1237 2832 in-

199 2840 297 2883 quit,
339 2839 421 2870 ΧΙῙ.
459 2837 661 2871 Tabularum
692 2851 823 2873 tautum
853 2840 896 2880 est
926 2863 936 2879 ‚
964 2852 1001 2873 ut
1024 2842 1166 2884 suffibat
1185 2845 1238 2886 fe-

198 2887 342 2921 aretur,
369 2884 426 2925 qui
457 2883 585 2923 publice
609 2885 839 2918 inveberetur.
866 2886 1032 2929 Ulpianus
1063 2897 1177 2921 tamen
1201 2890 1237 2921 in

202 2931 240 2962 1..
258 2931 290 2961 8.
318 2930 348 2971 §.
369 2936 395 2959 1.
424 2930 469 2960 D.
506 2929 545 2960 de
569 2930 669 2969 poem's
694 2928 814 2962 fustem
838 2930 926 2964 inter
954 2942 993 2964 ea
1018 2931 1237 2969 inst-umenta

202 2980 384 3009 numerat,
423 2972 542 3015 quibus
572 2984 646 3006 cum
674 2974 894 3009 animadverti
921 2976 955 3009 in
984 2978 1151 3012 neminem
1177 2978 1238 3012 de-

203 3019 279 3053 beat
296 3039 304 3048 .
331 3017 584 3051 Valentinianus
600 3042 609 3054 ,
635 3029 764 3062 quoque
791 3021 819 3052 8<
839 3021 957 3054 valens
986 3024 1206 3064 Imperatores
1225 3046 1236 3064 2

202 3062 336 3108 quando
359 3064 395 3094 in
410 3065 446 3095 Ι..
466 3073 519 3094 κη.
536 3065 569 3094 C.
587 3064 624 3096 de
636 3065 770 3105 famosis
795 3064 919 3098 libellis
957 3077 1089 3107 poenam
1115 3068 1153 3101 iis
1184 3081 1237 3102 ea-

203 3109 342 3152 pitalem
376 3108 519 3140 statuunt
547 3130 558 3147 ‚
585 3109 716 3144 nullam
740 3111 949 3145 mentionem
974 3110 1130 3149 injiciunt
1156 3114 1239 3160 legis

203 3153 377 3189 duodecim
401 3152 587 3190 tabularum
603 3175 614 3186 .

657 119 760 173 DE
805 117 995 192 JURE
1039 112 1454 174 NATURALI
1482 160 1500 190 ,
1541 121 1943 194 GENTIUM,

1273 195 1404 240 acrius
1424 227 1437 250 ‚
1469 211 1592 252 quarn
1619 213 1677 242 res
1704 197 1826 242 ferret
1846 231 1859 253 ‚
1893 198 2008 243 inter
2034 198 2277 250 Salmafium
2317 214 2335 262 ἦ

1273 251 1318 294 &
1338 254 1427 307 (st)
1451 254 1678 299 Heraldurn
1702 258 1782 308 (c)
1808 257 2033 300 dimicatur
2054 290 2064 301 .
2097 262 2181 305 Hie
2206 264 2325 308 enim

1273 321 1493 366 utramque
1527 311 1733 356 actionem
1762 314 1887 357 trahit
1912 316 1962 356 ab
1991 331 2074 358 uno
2101 320 2328 376 eodemque

1273 380 1424 428 genere
1449 367 1690 419 injuriarum
1711 402 1723 421 ‚
1769 371 1836 414 sub
1861 372 2024 415 diversis
2052 377 2201 430 agendi
2232 392 2327 420 mo-

1275 423 1334 486 dis
1356 455 1365 465 .
1401 425 1458 466 At
1484 425 1556 469 ille
1580 443 1601 470 a
1627 428 1789 472 diversis
1814 430 2028 486 generibus
2057 431 2318 486 injuriarum,

1275 480 1450 544 diversas
1484 483 1599 527 ducit
1620 486 1799 529 actiones
1826 519 1837 541 ‚
1890 487 2117 533 patronum
2155 488 2329 545 adoptat

1279 537 1353 601 sibi
1372 551 1538 596 uterque
1566 543 1883 588 Demosthenem
1903 576 1914 597 ‚
1955 545 2045 596 (d)
2068 546 2173 600 apud
2204 562 2331 602 quem

1276 595 1425 639 dicitur
1446 598 1654 651 praelatam
1678 601 1787 644 fuisse
1817 601 2026 645 aRionem
2046 602 2170 643 aazia<
2188 635 2200 656 ,
2234 607 2332 648 cum

1278 653 1467 707 potuisset
1488 655 1554 710 agi
1579 659 1696 707 γραφή
1726 658 1866 708 ὕβρεως
1885 691 1894 700 .
1928 660 1996 701 En
2023 690 2036 712 ‚
2073 659 2209 714 inquit
2239 663 2334 705 He-

1278 709 1410 754 raldus
1442 728 1452 753 τ
1504 729 1554 756 eit
1583 715 1727 758 eodem
1765 713 2010 763 injuriarum
2040 715 2217 760 crimine
2250 733 2324 761 va-

1277 767 1383 812 riam
1413 770 1560 824 agendi
1587 769 1828 815 facultatem
1853 801 1865 812 .
1895 773 1955 814 At
1983 771 2202 816 Salmasius
2230 772 2325 828 plu-

1277 840 1319 868 ra
1344 841 1493 882 genera
1521 826 1765 879 iniuriarum
1793 840 1907 882 putat
1939 828 2172 872 convenisse
2203 830 2244 872 in
2272 830 2326 874 il-

1276 882 1345 926 lud
1379 885 1536 929 crimen
1559 918 1571 939 ,
1604 886 1779 930 atrocius
1816 884 2008 929 videlicet
2066 885 2111 929 δε
2152 885 2324 942 leviu53

1277 956 1352 985 nec
1387 944 1622 987 verberibus
1657 956 1822 986 tanturn
1855 943 2030 998 petitum
2057 942 2172 988 fuisse
2202 960 2329 989 accu-

1276 997 1482 1054 satorem,
1535 1001 1596 1044 sed
1632 1001 1872 1044 vulneribus·
1911 1000 1955 1044 &
1994 1001 2082 1044 luto
2129 1000 2326 1057 inquina-

1275 1066 1365 1098 tum
1393 1074 1403 1099 ε
1456 1058 1653 1113 docetque
1687 1058 1735 1100 de
1774 1056 1922 1108 injuria
1958 1057 2139 1112 graviori
2174 1059 2320 1107 ὕβρεως

1252 1115 1412 1165 ,γραφήν
1444 1145 1456 1166 ,
1505 1113 1625 1155 dmm
1658 1129 1753 1156 vero
1776 1112 1886 1157 δίκην
1908 1113 1955 1156 de
1986 1113 2130 1157 leviori
2158 1113 2322 1157 descen-

941 1156 1028 1208 (Ἴ
1054 1156 1230 1209 JaCObUS
1251 1168 1392 1212 ldere.
1425 1173 1518 1224 Qua
1542 1171 1585 1214 in
1611 1187 1650 1214 re
1676 1167 1894 1214 Salmasius
1918 1184 2075 1215 veteres
2094 1171 2324 1214 Gramma·

1276 1226 1379 1268 ticos
1404 1228 1525 1272 habet
1549 1229 1732 1272 austares
1767 1243 1779 1282 3
1831 1227 2036 1272 Heraldus
2071 1243 2168 1272 vero
2198 1228 2334 1279 ratioe

1278 1283 1396 1326 nibus
1435 1286 1482 1329 Sc
1524 1285 1747 1329 subtilitate
1780 1285 2027 1329 contendit.
2067 1284 2325 1342 Confligunt

1277 1342 1457 1396 acriter,
1489 1357 1563 1385 nec
1591 1359 1735 1398 pugnae
1763 1342 1856 1385 finis
1886 1374 1898 1393 ‚
1939 1357 2009 1386 aut
2035 1342 2118 1398 spes
2143 1343 2228 1386 ulla
2257 1359 2329 1398 pa·-

1279 1397 1336 1440 cis
1361 1415 1371 1441 z
1408 1415 1482 1443 nec
1509 1399 1689 1442 nostrum
1720 1432 1732 1452 ‚
1774 1413 1844 1442 aut
1871 1397 1989 1450 hujus
2017 1399 2096 1443 loci
2128 1400 2321 1444 dirimere

1279 1454 1359 1498 tale
1381 1456 1590 1511 praelium.
1624 1457 1938 1500 Verberationis
1962 1469 2099 1500 autern
2121 1472 2171 1501 ex
2189 1457 2326 1500 Athe-

1281 1513 1482 1557 nienlium
1517 1514 1671 1568 legibus
1698 1529 1820 1569 poena
1850 1528 1938 1556 erat
1965 1513 2198 1568 pecuniaria
2222 1529 2231 1555 ε
2267 1514 2328 1564 (ε)

1279 1585 1391 1625 quae,
1425 1570 1451 1612 fi
1477 1570 1587 1614 laesus
1610 1573 1812 1614 accusaret
1837 1603 1850 1623 ,
1885 1570 1974 1613 laeso
2001 1570 2176 1614 caedebat
2203 1585 2216 1623 3
2264 1569 2326 1613 sin

1280 1627 1382 1670 alius
1407 1628 1520 1670 Filco
1541 1644 1551 1667 :
1587 1643 1684 1670 nam
1709 1644 1759 1671 ex
1787 1628 1874 1682 lege
1898 1627 2061 1670 Solonis
2087 1627 2255 1670 cuilibet
2273 1642 2326 1671 ex

1281 1683 1433 1739 populo
1456 1684 1660 1728 vindicare
1687 1685 1835 1729 licebat
1860 1684 2019 1727 illatam
2043 1684 2202 1739 privato
2216 1683 2322 1738 vim,

1280 1756 1376 1784 cum
1418 1740 1463 1783 in
1504 1757 1550 1785 ea
1589 1743 1761 1796 publicae
1797 1742 2052 1785 auebritatis
2112 1741 2323 1784 &custo-

1281 1798 1356 1840 diae
1384 1812 1617 1842 contemtus
1639 1812 1888 1843 verteretur.
1921 1797 1999 1851 (f)
2031 1798 2228 1842 Meditati
2255 1813 2325 1842 ve-

1281 1870 1326 1897 ro
1349 1886 1361 1907 ‚
1403 1855 1651 1912 consilioque
1685 1856 1791 1899 illati
1823 1855 2002 1899 vulneris
2034 1887 2047 1908 ‚
2081 1870 2204 1910 poena
2236 1867 2325 1898 erat

1279 1911 1452 1955 exilium
1495 1913 1538 1955 &
1583 1913 1806 1967 publicatio
1843 1915 2046 1955 bonorum
2090 1912 2322 1956 &tandem

1283 1969 1523 2023 supplicium
1550 1971 1725 2024 capitale
1749 2003 1761 2024 ‚
1797 1969 1822 2011 fi
1849 1985 1964 2023 τως,
1997 1982 2209 2012 contemta
2233 1969 2331 2013 exi-

1282 2025 1325 2068 lii
1360 2040 1480 2080 poena
1514 2027 1659 2071 rediret
1692 2027 1735 2071 in
1768 2027 1942 2081 patriam
1979 2057 1988 2068 .
2020 2028 2083 2082 Q)
2116 2027 2200 2080 jS
2233 2041 2332 2069 mo-

1281 2082 1431 2126 noculo
1473 2099 1570 2127 vero
1611 2085 1833 2128 excussisset
1873 2082 2042 2127 oculum
2069 2115 2082 2135 ,
2126 2085 2164 2126 ei
2197 2082 2324 2126 amit-

1281 2140 1423 2183 tendus
1464 2153 1552 2184 erat
1593 2155 1762 2198 uterque
1806 2157 1876 2196 per
1908 2140 2076 2182 talionis
2107 2155 2275 2203 poenarn
2309 2171 2324 2193 ‚

1282 2213 1404 2252 quarn
1424 2213 1445 2241 e
1464 2197 1628 2241 Solonis
1651 2198 1801 2243 tabulis
1825 2199 1870 2241 in
1899 2198 1984 2241 suas
2010 2197 2244 2240 Decemviri
2267 2196 2325 2240 le-

1281 2270 1347 2309 ges
1371 2255 1638 2298 traduxerunt
1667 2272 1677 2296 :
1711 2272 1761 2299 eo
1788 2255 1939 2299 scilicet
1974 2255 2106 2308 capite
2127 2285 2139 2306 ‚
2174 2252 2242 2295 ubi
2273 2253 2323 2296 de

1282 2312 1470 2355 membro
1494 2324 1614 2367 rupto
1637 2312 1880 2356 cavebatur:
1915 2327 1987 2366 pro
2008 2325 2088 2366 quo
2103 2326 2173 2366 par
2188 2325 2325 2409 mim-

2265 2382 2332 2410 ro-

1283 2446 1771 2461 -n-——q-——-——

1327 2482 1400 2519 ζ’)
1431 2480 1491 2512 Cui
1517 2479 1585 2512 haee
1628 2489 1706 2513 nota
1730 2479 1866 2512 debetur
1891 2501 1901 2516 ,
1941 2480 1971 2511 &
2005 2475 2097 2513 euius
2122 2477 2323 2510 sententiam

1282 2525 1520 2558 ‘raubrnannus
1545 2534 1672 2567 quoque
1697 2524 1842 2568 sequitur
1865 2523 1906 2556 ad
1941 2524 2092 2556 Plautum
2111 2545 2119 2553 .
2145 2522 2327 2554 Marcilius

1286 2569 1369 2603 recte
1395 2568 1530 2611 quidem
1554 2579 1715 2602 accennare
1740 2580 1889 2605 carmen,
1919 2577 2082 2600 accennare
2108 2571 2320 2608 Hymenaeum

1283 2615 1376 2653 dici,
1404 2622 1499 2656 putat
1517 2635 1528 2652 ,
1556 2613 1609 2646 sed
1637 2625 1703 2647 non
1728 2624 1900 2648 occentare
1928 2612 2145 2654 simpliciter.
2178 2610 2240 2644 Sed
2269 2621 2330 2643 vo-

1285 2671 1355 2694 cem
1369 2669 1506 2692 carmen
1533 2657 1613 2701 saepe
1633 2659 1804 2703 intelligi,
1836 2661 1890 2692 vel
1920 2656 2080 2691 adductus
2095 2656 2207 2689 Plauti
2233 2655 2326 2689 locus

1284 2703 1423 2738 ostendit
1437 2725 1447 2735 .

1331 2749 1425 2791 ,Quid
1446 2746 1475 2787 [ι’
1496 2748 1608 2780 adeam
1634 2759 1732 2792 atque
1757 2751 1799 2781 ad
1819 2750 1905 2791 fores
1929 2756 2086 2780 aetenum
2102 2745 2122 2778 :⁹

1329 2794 1388 2835 (a)
1412 2795 1440 2825 L
1459 2802 1486 2824 ι.
1504 2794 1532 2834 §.
1548 2794 1674 2833 occisor.
1687 2792 1732 2837 ff.
1752 2795 1790 2826 de
1809 2795 1847 2825 «Γ.
1864 2796 1900 2825 C.
1919 2794 2048 2833 ‘Syllam
2067 2793 2106 2823 L.
2122 2792 2154 2822 8.
2181 2790 2213 2831 §
2240 2799 2264 2820 1.
2280 2787 2333 2833 ff·

1285 2840 1324 2873 de
1348 2839 1472 2879 poem's.

1329 2883 1390 2926 (b)
1415 2884 1460 2914 10·
1477 2881 1635 2922 observat.
1655 2883 1698 2914 ad
1720 2880 1774 2920 ius
1793 2882 1900 2915 Aufr.
1921 2881 1961 2914 (Εἴ
1981 2883 2077 2913 Rom.

1331 2930 1386 2972 (c)
1412 2927 1452 2959 In
1477 2927 1697 2967 animadvers.
1724 2928 1853 2967 advers.
1875 2927 2032 2967 salmas.

1327 2973 1392 3013 (d)
1415 2975 1460 3003 In
1484 2980 1564 3003 orae.
1582 2970 1709 3011 advers?
1729 2976 1849 3004 Conon.

1330 3017 1378 3059 [e]
1406 3016 1520 3056 Lysias
1543 3014 1578 3050 ἐν
1603 3019 1647 3057 τῇ
1676 3015 1865 3055 περῐοίικιάς
1889 3015 1967 3052 γοδς
1995 3016 2144 3055 Ῐσωιρσίτη
2161 3039 2170 3048 .

1328 3062 1408 3105 (f)
1435 3061 1509 3102 Ulp.
1538 3063 1574 3093 in
1589 3062 1735 3094 Midian.
1766 3062 1864 3094 Petit.
1891 3063 1935 3094 ad
1955 3064 2018 3103 leg.
2038 3064 2144 3095 Anic.
2166 3062 2324 3103 pag-526.

1330 3107 1385 3154 [g]
1412 3105 1525 3148 Lysias
1552 3104 1585 3141 ἰν
1611 3109 1653 3146 v?
1678 3105 1755 3150 ὑπερ
1771 3105 1910 3143 Καλλία
1929 3105 2118 3150 ἱεροσυλίας
2132 3105 2329 3148 α’πολεγιᾳ.

2575 2763 2584 2790 λ,
2574 2707 2582 2739 ,,,
