2596 3479
583 125 710 180 ET
791 114 1963 175 SENATUSCONSULTIS.

2241 127 2347 179 237

271 203 438 260 mione,
470 199 562 244 odia
592 200 747 244 civium
772 211 855 238 non
887 195 1043 249 placata
1071 226 1084 249 ‚
1118 194 1177 237 sed
1201 210 1310 237 ma--
1337 190 1473 235 stituta
1499 223 1511 245 ,
1545 190 1816 234 immutatave
1850 186 1973 230 fuerit
1998 218 2010 240 ³
2046 186 2197 242 patebit
2228 203 2278 231 ex
2312 186 2369 230 le·

264 261 402 306 lorum
427 257 696 303 diuturnitate
721 253 854 296 lassata
874 252 1067 307 tantisper
1079 251 1287 295 deferbue-

264 332 362 362 runt
382 349 394 371 ‚
428 316 557 372 quoad
581 311 837 357 redeuntibus
860 308 1012 352 viribus
1034 341 1047 363 ‚
1091 308 1285 365 novisque

261 375 332 419 sibi
365 376 530 418 ducibus
560 370 806 421 injuriarum
835 366 982 410 oblatis
1012 399 1025 418 ,
1057 367 1205 410 iterum
1241 367 1284 410 in

260 446 471 477 certamen
510 427 632 471 civile
660 426 727 469 sub
749 424 905 468 Caesare
930 439 976 467 ac
1002 423 1195 479 Pompeio
1220 424 1267 467 de

259 500 462 533 venerunt
477 518 486 528 .
521 484 668 528 Vi&or
690 495 830 527 autern
853 481 985 525 Caesar
1006 497 1028 524 a
1043 481 1157 535 plebe
1172 482 1268 525 inau

259 547 410 600 spicato
433 544 613 586 nutritus
650 572 663 595 ,
711 552 831 596 atque
868 538 910 581 in
939 538 1194 592 Reipublicae
1217 554 1282 588 pe-

255 603 354 645 stem
375 633 388 655 ‚
419 597 751 644 extraordinariis
775 595 986 649 imperiis.
1017 596 1063 637 ad
1080 595 1280 639 summam

256 658 486 713 potentiam
511 655 674 700 edu&us
704 686 716 706 ‚
748 653 895 697 evertit
919 652 1094 695 omnino
1120 669 1280 707 rempu-

255 715 433 767 blicam,
465 714 509 757 &
533 712 720 767 plebem,
753 710 864 761 cujus
891 709 1096 752 vindicem
1123 711 1158 753 se
1185 726 1262 764 prae

252 772 409 815 ferebat
429 803 442 825 ‚
476 771 602 825 ipsam
626 771 815 824 oppressit
847 766 963 810 simul
988 767 1031 809 δί
1053 768 1246 811 Senatum
1270 801 1280 818 ,

253 831 399 884 eosque
439 828 616 871 traduxit
648 827 693 869 in
717 825 938 869 satellitum
961 824 1002 867 ὃ(
1034 824 1190 868 suarum
1216 842 1281 867 co-

251 887 413 941 piarum
441 886 679 938 potestatem
701 914 710 926 .
744 883 826 936 Qui
862 881 1049 924 satellites
1072 899 1163 925 cum
1191 884 1282 925 Cae-

251 943 377 986 sarem
405 941 622 985 amisissent
655 972 668 992 ‚
719 939 1021 993 conspiratione
1060 939 1124 982 sua
1150 953 1262 994 pater

251 1015 400 1042 narum
430 1014 552 1053 opum
578 1030 590 1052 ‚
639 998 682 1041 &
706 997 895 1040 odiorum
923 996 1112 1040 heredem
1143 999 1282 1052 Augu-

251 1057 354 1099 stum
383 1057 428 1098 ad
458 1056 628 1098 eandem
652 1086 666 1107 ,
709 1071 759 1105 ac,
783 1054 978 1105 majorem
1008 1053 1237 1107 potentiam
1270 1086 1281 1105 ‚

251 1112 445 1157 extinfi‘tis
480 1113 605 1155 Bruto
632 1112 674 1153 ὅ(
705 1112 841 1154 Cassio
868 1111 1151 1154 liberatoribus
1175 1110 1285 1153 orbis

250 1182 453 1212 terrarum
494 1201 506 1222 ,
555 1168 792 1211 extulerunt
814 1199 823 1209 .
874 1169 941 1210 En
973 1167 1083 1210 brevi
1115 1166 1282 1210 fatalem

249 1228 454 1270 Romanae
491 1225 772 1269 vicissitudinis
804 1226 948 1267 orbem
973 1240 992 1267 e
1018 1224 1141 1267 causis
1165 1241 1186 1266 a
1211 1240 1281 1266 no-

250 1284 311 1327 bis
340 1284 519 1334 superius
543 1283 731 1334 expressis
758 1281 979 1333 impulsum
1010 1312 1022 1333 ‚
1065 1294 1186 1335 atque
1207 1282 1279 1323 cir-

249 1340 487 1383 cumaetum
513 1371 524 1381 .
569 1341 664 1392 Quo
688 1350 871 1380 vertente
899 1370 910 1387 ,
944 1340 1147 1380 Romana?
1170 1336 1285 1379 nobis

251 1410 356 1439 natae
385 1396 474 1438 sunt
507 1394 613 1450 leges
640 1396 723 1448 post
748 1394 937 1437 conditas
965 1393 1070 1448 leges
1096 1396 1200 1438 XII.
1224 1406 1283 1436 ta-

248 1453 441 1496 bularum
471 1453 560 1494 latae
593 1484 607 1504 ‚
655 1467 753 1507 quas
782 1451 859 1493 hoc
893 1451 1017 1494 tertio
1040 1451 1146 1493 libro
1172 1467 1264 1494 com

252 1510 513 1565 plef’temur3
545 1508 646 1552 utile
673 1509 918 1552 arbitrantes
947 1509 1112 1563 ingenia
1143 1508 1284 1551 studio-

250 1567 387 1610 sorum
416 1567 461 1608 ad
488 1565 697 1622 generales
723 1566 992 1619 imperiorum
1015 1596 1028 1615 ,
1058 1567 1097 1609 8<
1126 1566 1287 1621 legum-

252 1623 459 1668 Iationum
494 1623 693 1665 adduxisse
732 1623 865 1665 causas
886 1654 899 1675 ‚
933 1634 1153 1678 antequam
1186 1638 1285 1666 con-

253 1694 512 1724 verterentur
548 1679 596 1722 ad
630 1680 738 1735 leges
778 1696 793 1719 .·
838 1695 1010 1736 quarum
1055 1680 1116 1723 vis
1150 1680 1289 1723 omnis

254 1753 378 1794 atque
406 1738 574 1791 potestas
601 1753 648 1779 ex
675 1736 944 1788 imperiorum
989 1752 1035 1780 ac
1074 1737 1207 1781 civilis
1229 1752 1290 1779 re-

249 1810 428 1851 giminis
449 1826 461 1847 ,
496 1795 599 1836 unde
627 1794 846 1836 nascuntur
865 1826 877 1844 ,
925 1793 964 1836 vi
985 1825 997 1845 ‚
1029 1810 1074 1838 ac
1100 1794 1289 1838 potestate

252 1851 540 1908 cognoscitur.
575 1852 637 1894 Ea
662 1867 781 1906 porro
795 1852 847 1894 est
864 1854 1065 1894 Romanae
1089 1851 1291 1903 Jurispru-

254 1909 402 1953 dentiae
423 1908 601 1963 dignitas
636 1940 647 1961 ‚
689 1921 810 1964 atque
842 1907 1022 1958 majestas
1048 1941 1060 1962 ,
1092 1921 1135 1951 ut
1168 1924 1291 1951 nemo

258 1965 442 2009 Romani
469 1965 748 2016 Iurisconsulti
775 1981 928 2008 nomen
956 1978 1183 2019 mereatur,
1219 1965 1292 2007 nisi

258 2023 327 2065 ubi
352 2038 372 2065 e
403 2021 590 2064 tefuerit
623 2022 787 2076 publica
818 2055 830 2075 ‚
883 2021 993 2064 norit
1019 2023 1145 2066 etiam
1179 2038 1293 2078 agere

260 2078 539 2133 legislatorem
560 2109 569 2119 .
605 2080 671 2121 Ad
703 2080 808 2134 quod
835 2094 984 2122 munus
1005 2111 1016 2132 ‚
1048 2080 1091 2122 δί
1120 2095 1192 2121 nos
1217 2080 1288 2122 stu-

259 2135 391 2178 diosos
419 2135 570 2177 nostros
591 2167 604 2187 .,
635 2148 835 2191 quantum
863 2135 996 2178 tenuis
1021 2135 1192 2179 facultas
1219 2151 1294 2178 no-

262 2194 336 2234 stra
362 2192 458 2234 tulit
479 2223 491 2244 ‚
526 2192 733 2235 instituere
759 2193 1018 2236 curavimus.
1052 2193 1172 2246 Quod
1191 2193 1295 2235 haud

260 2248 479 2292 difficulter
506 2248 845 2303 philosophorum
872 2252 956 2293 haec
986 2267 1007 2292 a
1033 2250 1149 2292 nobis
1173 2267 1297 2303 expo-

232 2306 332 2349 'fita
358 2306 460 2348 ratio
498 2337 511 2359 ‚
558 2306 601 2348 δί
641 2305 845 2360 primaevae
870 2310 1159 2351 Romanorum
1193 2308 1298 2363 leges

259 2378 354 2407 eum
382 2378 428 2405 ea
458 2375 659 2406 contexta:
687 2364 972 2418 praestiterint:
1009 2365 1096 2407 fiad
1113 2377 1298 2407 contem-

260 2419 502 2476 plandarum
531 2419 647 2463 simul
673 2452 684 2473 ‚
716 2421 758 2463 ὃς
785 2423 1053 2476 gerendarum
1077 2453 1088 2472 ‚
1111 2434 1230 2477 atque
1252 2421 1297 2463 ad

261 2476 497 2520 divinarum
540 2477 584 2519 &
621 2477 815 2521 civilium
853 2495 991 2523 rerum
1026 2492 1160 2521 artem
1194 2510 1206 2532 ,
1239 2478 1296 2521 in-

265 2534 436 2588 genium
465 2531 750 2577 nanciscentur
777 2535 997 2580 idoneum·

321 2590 455 2645 Igitur
479 2605 592 2633 more
619 2592 753 2633 nostro
778 2593 898 2646 Caii,
931 2593 972 2634 δε
1000 2591 1213 2643 Iustiniani
1242 2592 1303 2634 di-

262 2647 465 2691 visionem
509 2648 802 2701 ample-&centes
846 2667 869 2693 a
901 2650 1055 2705 legibus
1088 2650 1134 2691 ad
1170 2650 1297 2698 perso-

264 2720 336 2747 nas
368 2704 668 2759 pertinentibus
700 2704 962 2750 exordiemur
992 2738 1001 2748 .
1038 2707 1301 2750 Personarum

264 2774 402 2806 autem
435 2774 504 2805 aut
537 2761 652 2805 liberi
689 2762 809 2816 sunt,
845 2777 914 2807 aut
947 2763 1047 2806 servi
1081 2796 1093 2817 ‚
1125 2780 1303 2819 quorum:

265 2819 447 2863 conditio
479 2821 824 2874 quemadmodum
846 2821 1008 2865 vetustis
1028 2820 1184 2878 legibus
1203 2838 1303 2865 con-

315 2985 367 3024 [α]
395 2986 538 3027 Quintil.
561 2987 655 3019 tib-1.
675 2996 745 3031 cap.
760 3000 792 3027 4.

316 3027 373 3067 (ὲ)
402 3031 436 3060 ln
451 3035 541 3077 βψς.
559 3040 627 3071 esp.
649 3043 705 3071 40.

317 3073 373 3113 (ε)
399 3077 509 3109 Cuiae.
532 3078 668 3115 par-tuit.
689 3079 724 3109 C.
744 3078 782 3108 de
801 3080 840 3110 L.
861 3079 960 3115 Fufia
974 3081 1091 3113 Car-in.
1108 3082 1179 3113 toll.

319 3120 340 3159 ς
356 3117 403 3153 ⁴⁵3:
433 3119 609 3154 Noviffime
650 3121 853 3166 Ephraimus
891 3124 1081 3162 Gerhardus
1105 3125 1140 3160 in
1163 3124 1309 3159 differta-

931 2956 1099 2966 ..ς-..-

1335 249 1453 305 gibus
1479 281 1490 302 ,
1523 248 1567 292 &
1590 248 1630 291 S·
1661 249 1714 290 C.
1741 262 1827 303 quae
1854 244 2134 300 proferemus.
2206 302 2209 303 ⁷

1501 306 1543 348 C
1607 308 1640 347 A
1704 306 1733 347 P
1794 305 1838 346 U
1899 303 1941 345 T
2032 303 2206 346 XVIII.

1567 364 1633 406 De
1665 363 1748 418 lege
1777 359 1900 414 Fufia
1929 361 2136 404 Caminia.

1452 420 1491 462 C
1523 420 1787 462 celeberrima
1819 419 1872 461 est
1905 417 1968 461 lex
2002 417 2116 461 Fufia
2150 414 2332 460 Caninia
2352 447 2364 471 9

1468 491 1557 532 quae
1586 476 1629 519 &2
1662 477 1777 519 Furia
1800 491 1882 519 non
1904 475 2040 530 paucis
2059 473 2208 518 dicitur
2233 505 2244 526 ‚
2279 474 2367 516 sub-

1334 532 1498 587 stituta,
1530 533 1613 588 post
1639 534 1852 576 inventam
1879 534 1928 575 ab
1951 532 2087 587 Appio
2115 531 2276 575 literam
2303 534 2368 585 R,

1334 590 1376 632 in
1409 591 1611 634 veteribus
1637 591 1874 633 nominibus
1904 591 1942 632 R
1970 606 2040 645 pro
2067 590 2093 632 S
2119 605 2131 643 3
2183 589 2286 632 unde
2321 604 2367 631 u-

1335 660 1524 704 trumque
1548 681 1556 690 .
1588 647 1633 691 &
1663 648 1772 690 labos
1796 648 1943 690 dicitur
1973 678 1984 701 ,
2031 647 2074 690 ὃς
2100 647 2207 689 labor
2233 678 2245 697 ‚
2289 662 2368 688 va-

1330 717 1399 760 pos
1422 738 1437 759 ‚
1466 705 1510 749 &
1531 715 1683 761 vapor.
1717 705 1781 756 (a)
1806 707 1927 749 Hanc
1953 719 2089 748 autem
2120 704 2253 759 legem
2279 704 2367 746 Au·

1333 763 1431 817 gusti
1454 764 1706 818 temporibus
1725 761 1850 805 latam
1870 761 1944 806 effe
1966 761 2175 816 colligitur
2196 777 2245 804 ex
2269 761 2368 803 Sve-

1332 824 1451 864 tonio
1471 852 1483 873 ‚
1514 821 1602 873 (b)
1628 821 1695 876 qui
1721 820 1792 864 etsi
1820 819 2062 874 legislatoris
2091 834 2244 862 nomen
2272 817 2369 862 reti-

1331 890 1444 931 ceat,
1479 878 1650 934 Augusti
1677 892 1817 922 tamen
1842 876 2160 921 sollicitudinem
2182 876 2228 918 de
2249 889 2371 919 tuen-

1331 935 1376 977 da
1405 937 1585 979 Romani
1615 935 1796 978 nominis
1823 934 2050 990 dignitate,
2083 950 2129 977 ac
2159 933 2258 988 legis
2282 931 2367 984 ejus

1333 991 1576 1036 sententiam
1603 993 1760 1045 prodit.
1781 995 1838 1043 (c)
1867 995 2031 1035 Latores
2056 991 2156 1046 legis
2184 990 2368 1046 plerique

1333 1062 1491 1104 ponunt
1515 1050 1574 1100 (Ὅ
1600 1050 1767 1093 Furium
1796 1049 2029 1092 Camillum
2055 1082 2065 1100 ‚
2096 1049 2139 1091 &
2165 1049 2216 1090 C.
2234 1047 2370 1090 Cani-

1333 1106 1450 1148 nium
1485 1107 1593 1149 Cois.
1627 1123 1737 1150 anno
1764 1108 1815 1150 A.
1843 1109 1902 1149 U.
1935 1108 1988 1149 C.
2031 1106 2253 1148 DCCLII.
2286 1120 2367 1159 quo

1331 1179 1442 1205 anno
1470 1163 1576 1206 inter
1599 1179 1743 1206 omnes
1772 1180 1854 1206 non
1881 1164 2034 1206 constat
2060 1179 2111 1205 an
2140 1161 2180 1204 hi
2207 1161 2369 1205 Consu-

1334 1219 1389 1263 les
1416 1219 1565 1263 suerint
1588 1236 1599 1273 3
1624 1222 1777 1275 reperio
1798 1221 1912 1264 enim
1939 1219 2187 1264 Cornelium
2215 1221 2372 1263 Lentu-

1335 1276 1418 1319 lum
1436 1309 1447 1328 ,
1479 1277 1520 1319 ἃ
1547 1277 1722 1320 Lucium
1749 1277 2018 1320 Calfurnium
2047 1277 2230 1319 Pisonem
2249 1308 2257 1318 .
2291 1277 2372 1319 Fu-

1335 1335 1417 1376 rius
1447 1346 1582 1376 autem
1617 1334 1826 1377 Camillus
1858 1350 1967 1377 anno
2000 1335 2239 1377 DCCLIX.
2294 1332 2372 1375 ali-

1335 1405 1509 1444 quorum
1561 1391 1758 1434 sententia
1792 1391 1947 1434 Consul
1984 1390 2062 1434 fuit
2093 1405 2188 1433 cum
2226 1389 2370 1433 Nonio

1335 1447 1600 1501 Quint-iliano
1627 1479 1636 1489 .
1671 1448 1891 1491 Raevardus
1923 1447 2016 1499 (d)
2048 1446 2090 1489 in
2124 1446 2297 1501 antiquo
2329 1462 2375 1490 e-

1335 1503 1537 1555 xemplari
1583 1503 1761 1559 Fuffiam
1793 1506 2014 1549 Caniniam
2047 1503 2124 1560 legi
2161 1503 2326 1546 testatur
2359 1517 2372 1556 ς

1333 1577 1383 1604 eit
1416 1577 1493 1617 qua
1526 1561 1702 1605 lee‘tione
1734 1562 1948 1606 adducitur
1980 1594 1992 1615 ,
2025 1573 2070 1605 ut
2101 1561 2237 1604 credat
2271 1589 2283 1607 ‚
2317 1560 2376 1602 la-

1335 1631 1421 1661 tam
1465 1619 1517 1673 Q.
1563 1619 1676 1661 Fufro
1707 1618 1870 1662 Caleno
1901 1619 1943 1662 ὅ(
1979 1620 2018 1661 Ρ.
2054 1617 2228 1661 Vatinio
2262 1615 2372 1660 Coss.

1335 1691 1447 1718 anno
1492 1676 1701 1718 DCCVI.
1742 1692 1790 1720 ae
1832 1675 2090 1719 retrauatam
2132 1675 2187 1723 &⁵2
2220 1689 2377 1729 expen-

1339 1733 1420 1775 sam
1458 1765 1470 1785 ,
1520 1745 1639 1788 atque
1689 1731 1986 1787 amplificatam
2032 1733 2099 1775 sub
2132 1733 2316 1786 Augusto
2347 1747 2371 1776 a

1338 1789 1442 1839 Caio
1474 1790 1658 1833 Caninio
1692 1789 1821 1834 Gallo
1854 1823 1869 1844 ‚
1916 1789 2214 1845 conj-unfi‘taque
2259 1787 2372 1833 fuisse

1339 1847 1475 1899 Fufii,
1506 1847 1550 1890 δι
1581 1847 1754 1890 Caninii
1780 1847 1952 1891 nomina
1974 1881 1986 1901 ‚
2017 1860 2061 1891 ut
2089 1848 2133 1890 in
2155 1845 2246 1888 aliis
2274 1844 2377 1901 legi-

1340 1904 1410 1946 bus
1441 1904 1699 1948 observamus
1719 1937 1731 1958 ,
1764 1906 1910 1962 quibus
1939 1922 2034 1949 cum
2069 1903 2216 1948 veteris
2236 1903 2377 1946 ausb-

1342 1960 1395 2002 ris
1433 1992 1444 2012 ,
1493 1975 1582 2005 turn
1613 1963 1888 2006 instauratoris
1920 1963 2093 2006 nomina
2126 1961 2287 2016 praefixa
2319 1960 2377 2003 le·

1341 2018 1476 2073 gimus
1507 2050 1537 2068 .,
1562 2021 1866 2075 Quoquomodo
1898 2020 1932 2064 se
1967 2036 2026 2063 res
2060 2020 2204 2062 habeat
2237 2019 2255 2069 (
2285 2016 2382 2072 quis.

1342 2077 1454 2118 enim
1500 2075 1524 2117 si
1560 2077 1665 2118 bona
1699 2077 1773 2119 fide
1805 2093 1921 2131 agere
1955 2076 2057 2120 velit
2091 2076 2137 2118 in
2169 2086 2229 2116 tot
2261 2086 2378 2117 vetu-

1345 2132 1451 2174 statis
1483 2135 1658 2176 tenebris
1691 2133 1868 2189 caligare
1902 2133 1937 2177 se
1970 2149 2054 2176 non
2087 2131 2280 2175 fatebitur
2312 2135 2326 2175 2
2360 2132 2379 2183 )

1346 2189 1451 2231 hanc
1495 2189 1814 2244 disputationem
1860 2191 1907 2234 de
1951 2191 2159 2234 servorum
2193 2189 2381 2232 libertate

1347 2247 1518 2300 Augu-sti
1566 2261 1747 2302 tempore
1793 2262 1861 2291 aut
1905 2247 2135 2291 institutam*
2175 2245 2249 2289 effe
2283 2260 2383 2289 con-

1349 2305 1419 2346 stat
1439 2336 1451 2357 2
1483 2318 1552 2347 aut
1578 2318 1683 2348 certe
1713 2305 1966 2349 suscitatam.
1988 2307 2048 2349 Ea
2072 2320 2167 2348 vero
2193 2303 2256 2346 lex
2283 2303 2385 2348 effu⁴
2435 2302 2443 2310 ’

1350 2363 1430 2403 sam
1463 2362 1730 2406 morientium
1768 2364 1809 2405 in
1838 2362 2172 2407 manu-mittendo
2204 2359 2380 2404 facilita-

1351 2433 1432 2462 tem
1459 2420 1506 2461 ad
1530 2433 1686 2463 certum
1715 2422 1884 2464 modum
1907 2452 1917 2473 ‚
1938 2421 1983 2464 δε
2008 2419 2282 2475 praescriptum
2307 2433 2385 2461 nu-

1352 2491 1508 2518 merum
1532 2479 1769 2531 coercebat3
1803 2478 2039 2521 viventibus
2064 2477 2235 2520 liberam
2257 2474 2387 2518 facul-

1352 2545 1477 2575 tatem
1523 2535 1783 2587 permittebat
1831 2565 1840 2577 .
1903 2536 2141 2577 Hominum
2185 2533 2298 2575 enirn
2336 2531 2386 2575 li-

1353 2590 1609 2634 beralitatem
1655 2592 1754 2635 dum
1800 2591 1948 2634 vivunt
1993 2593 2047 2634 rei
2082 2590 2299 2633 familiaris
2331 2605 2390 2633 ra-

1354 2647 1410 2690 tio
1453 2679 1466 2699 ‚
1517 2648 1561 2691 ὅτ,
1603 2649 1786 2704 egestatis
1831 2648 2056 2702 periculum
2105 2648 2195 2690 satis
2239 2662 2308 2702 per
2353 2646 2390 2691 se

1356 2704 1587 2748 moderatur
1620 2722 1633 2756 .·,
1685 2707 1905 2749 morientes
1956 2722 2051 2749 vero
2109 2704 2229 2748 facile
2284 2704 2391 2747 dissi-

1357 2775 1453 2816 pant
1486 2779 1531 2806 ea
1559 2795 1571 2816 ,
1603 2779 1777 2819 quorum
1811 2764 1924 2806 usum
1958 2762 2071 2807 brevi
2107 2763 2195 2805 sunt
2227 2761 2391 2805 amissu-

1358 2820 1415 2863 ri.
1451 2819 1530 2864 Illa
1561 2837 1657 2865 vero
1689 2833 1802 2877 parte
1837 2821 1901 2865 lex
1923 2820 2124 2874 occurrit,
2157 2836 2235 2876 qua
2252 2819 2390 2918 gerg-,it

2283 2892 2391 2919 omi-

1986 2948 2395 2965 ”·‹——-—h——-n

1359 2988 1448 3020 tione
1490 2989 1643 3030 singulari
1681 2991 1720 3021 de
1756 2993 1826 3031 lege
1865 2990 1962 3031 Fufia
2004 2990 2147 3022 Canania
2173 2988 2255 3020 hanc
2280 2988 2392 3029 legem

1359 3037 1395 3065 A.
1427 3034 1462 3063 V.
1487 3038 1566 3074 756.
1604 3034 1708 3070 latam
1745 3034 1890 3071 coniecit
1918 3055 1927 3064 .
1970 3034 2171 3068 Heinnecius
2211 3030 2296 3072 [ΜΞ.
2323 3031 2390 3069 jar.

1358 3086 1391 3120 p.
1429 3081 1499 3114 138.

1401 3123 1462 3164 (d)
1489 3121 1629 3164 ConieH.
1651 3131 1719 3167 cap.
1739 3133 1765 3157 ι.
1791 3122 1852 3159 tib.
1868 3131 1898 3156 2.

1469 2949 1480 2955 ⁴
1594 2949 1617 2956 ψ
1729 2950 1738 2956 .
1870 2952 1879 2957 .

1483 2954 1588 2964 ---··-
1619 2956 1863 2968 ——-‚
