2596 3479
242 188 335 243 sane
365 183 480 230 ferox
513 193 749 242 patruorum
785 180 1000 237 ingenium
1032 178 1161 222 veteri
1194 193 1282 224 erat

242 244 459 302 proverbio
491 244 669 294 tritum,
701 240 795 283 inde
829 239 928 281 illud
957 237 1061 293 apud
1089 236 1281 280 Poetam:

357 302 425 345 Ne
445 301 506 358 fis
536 302 636 345 mibi
658 311 827 355 patruus
859 313 919 338 oro
940 325 951 337 .

298 359 435 405 facile
467 359 595 417 igitur
626 355 866 400 crediderim
898 386 912 408 ,
956 352 1025 396 sub
1058 350 1285 396 mulieroso

243 435 291 463 ac
322 417 479 463 imbelli
504 415 678 470 principi
703 445 716 466 ,
749 428 828 468 quo
850 412 1079 467 imperante
1103 443 1116 465 ,
1152 408 1285 453 faemi-

244 492 392 520 narum
444 471 704 528 impotentiae
753 484 874 526 atque
925 468 1088 512 libidini
1144 467 1285 511 divina

245 535 387 578 omnia
429 531 473 574 &
518 528 702 573 humana
745 529 943 572 cesserunt
981 558 994 579 ,
1044 525 1238 570 mulieres
1272 557 1285 579 ,

244 592 338 648 quia
372 589 438 632 sibi
473 599 623 631 norant
653 587 797 630 omnia
829 584 1041 641 procedere
1081 616 1092 637 3
1135 599 1284 638 oppor-

245 661 343 691 tune
376 646 507 701 patrui
543 645 685 701 jugum
711 677 723 698 ‚
769 644 875 688 flexa
919 641 1118 698 principis
1165 641 1211 683 ad
1245 641 1284 684 id

246 704 486 748 au&0ritate
521 735 534 756 ‚
583 702 790 754 dejecisse:
826 700 1154 744 Constantinum
1186 714 1284 742 vero

246 762 470 817 imperium
503 773 743 816 patruorum
776 791 788 813 ‚
835 759 1023 802 suscitato
1056 756 1140 808 jure
1173 757 1275 798 anti-

245 835 326 876 quo
353 851 366 873 ‚
398 817 606 863 restituisse
632 849 642 860 .
678 819 761 870 (a)
793 817 887 860 Scio
918 847 930 868 ‚
976 814 1087 857 aliud
1118 813 1286 870 excogi-

248 871 341 920 tasse
373 876 573 929 Jacobum
605 873 943 923 Gothofredum:
999 873 1113 915 suum
1146 884 1285 914 tamen

248 935 394 992 cuique
426 935 469 978 in
503 949 544 977 re
574 945 665 977 tam
689 931 854 974 obscura
879 929 1077 982 judicium
1111 928 1285 973 liberum

249 992 369 1037 esto:
415 990 522 1035 mihi
563 1003 671 1034 certe
714 990 799 1032 haec
843 988 948 1031 ratio
993 990 1159 1030 videtur
1191 1002 1286 1030 cum

248 1049 503 1106 temporibus
558 1047 602 1090 ὅ(
662 1045 907 1102 legislatoris
964 1044 1135 1101 ingenio
1185 1060 1286 1095 con-

248 1108 389 1152 venire
421 1138 431 1149 .
463 1108 664 1149 Ceterum
696 1104 944 1156 justinianus
975 1102 1194 1146 muliebres
1225 1114 1286 1145 et-

245 1165 333 1209 iarn
365 1162 513 1208 tutelas
545 1164 755 1219 pubertate
790 1162 891 1204 solvi
925 1161 1030 1213 jussit
1058 1193 1070 1214 ‚
1101 1160 1209 1216 quod
1232 1159 1288 1202 est

250 1236 459 1278 receptum
496 1253 509 1276 ‚
558 1220 584 1264 si
619 1220 832 1275 peculiaris
864 1219 1045 1276 regionis
1081 1233 1170 1260 mos
1203 1232 1288 1260 non

249 1279 480 1323 adversetur
519 1311 527 1321 .
585 1278 694 1322 Illud
750 1278 925 1322 minime
975 1276 1285 1332 praetermitten-

251 1337 349 1380 dum
384 1368 397 1391 ‚
447 1336 639 1380 mulieres
679 1335 786 1379 olim
817 1347 1001 1378 exemtas
1033 1332 1145 1376 fuisse
1178 1345 1285 1376 tuto-

252 1408 344 1438 rum
391 1395 579 1449 potestate
611 1424 623 1446 3
668 1393 695 1435 fi
754 1391 916 1436 vestales
963 1391 1123 1434 fuissent
1160 1422 1172 1443 ‚
1223 1388 1288 1433 vel

253 1464 334 1494 tres
367 1452 472 1495 filios
504 1450 741 1507 peperissent
763 1482 774 1504 3
807 1451 912 1505 quod
944 1450 1118 1491 arbitror
1148 1464 1197 1491 ex
1233 1447 1287 1489 le-

253 1526 301 1565 ge
337 1510 456 1564 Papia
487 1507 711 1564 profluxisse
739 1539 747 1549 .
790 1508 875 1558 (b)
910 1507 1022 1549 Hinc
1055 1506 1154 1548 illud
1187 1504 1289 1560 apud

255 1567 465 1611 Pithoeum
509 1567 604 1608 iuris
648 1564 795 1608 veteris
828 1564 1154 1619 fragmentum:
1190 1563 1283 1604 Mu-

253 1627 324 1667 lier
355 1623 441 1676 fine
480 1623 710 1666 auffloritate
746 1621 886 1664 tutoris
916 1623 1191 1663 manumittere
1219 1631 1288 1674 po·

255 1681 322 1736 test
355 1714 366 1733 3
402 1679 438 1734 st
468 1682 534 1731 jus
564 1681 679 1722 habet
708 1679 917 1721 liberorum
954 1711 964 1730 3
995 1680 1076 1730 (c)
1110 1677 1292 1720 Pertine-

255 1740 322 1781 bat
365 1740 490 1781 etiam
521 1738 569 1780 ad
602 1736 821 1780 muliebres
853 1736 999 1779 tutelas
1031 1748 1151 1791 caput
1182 1734 1292 1777 aliud

253 1795 355 1852 legis
397 1794 514 1846 Juliae
556 1795 602 1838 de
645 1795 887 1836 maritandis
917 1794 1158 1836 ordinibus:
1211 1807 1292 1847 quo

255 1854 386 1909 capite
411 1884 421 1905 ,
455 1865 499 1894 ut
523 1852 578 1895 ibi
607 1851 724 1895 latius
747 1862 1004 1905 exponemus
1025 1883 1036 1901 ,
1061 1863 1170 1894 tutor
1191 1849 1289 1892 dan-

253 1911 323 1954 dus
354 1923 440 1952 erat
475 1909 637 1952 mulieri
664 1941 677 1963 ,
724 1909 927 1964 virginive
960 1908 1149 1964 legitimo
1182 1919 1289 1949 tuto-

256 1982 297 2010 re
331 1967 526 2010 destitutae
559 1968 639 2019 (²³)
671 1965 718 2009 ad
749 1966 963 2009 dicendam
991 1998 1002 2019 ,
1048 1965 1294 2021 promitten-

258 2026 403 2068 damve
437 2025 571 2067 dotem
600 2039 612 2077 3
654 2023 761 2080 quod
792 2039 842 2067 ex
875 2025 913 2065 S.
947 2025 999 2065 C.
1032 2023 1080 2066 ad
1113 2038 1203 2066 eam
1240 2020 1294 2064 le-

257 2097 352 2138 gem
402 2084 568 2124 condito
612 2081 852 2136 produc'tum
887 2081 939 2140 est
972 2081 1019 2123 ad
1052 2096 1117 2123 eas
1151 2078 1294 2122 mulie-

260 2155 319 2182 res
349 2172 360 2194 ,
406 2154 494 2195 quae
537 2153 717 2182 tutorem
762 2139 927 2194 quidem
973 2138 1125 2181 habent
1159 2136 1299 2192 legiti-

259 2213 406 2249 mum,
441 2196 501 2239 sed
532 2196 597 2239 vel
631 2195 827 2240 furiosum
850 2227 862 2248 ‚
897 2195 961 2239 vel
995 2208 1159 2238 mutum
1187 2226 1200 2248 3
1235 2192 1297 2236 vel

258 2253 502 2307 absentem3
532 2269 633 2308 opus
664 2266 802 2296 autem
836 2253 914 2295 fuit
945 2253 1023 2295 hoc
1050 2254 1088 2294 S.
1117 2253 1155 2294 C
1203 2250 1298 2307 quia

259 2309 330 2353 etsi
363 2325 422 2352 res
455 2309 589 2362 poscat
615 2342 627 2363 ‚
660 2323 704 2353 ut
735 2310 839 2353 alius
871 2321 982 2353 tutor
1006 2310 1149 2363 detur3
1184 2323 1299 2363 regu-

262 2366 300 2410 la
333 2380 475 2411 tamen
507 2365 604 2418 juris
633 2367 813 2410 obstabat
839 2398 852 2420 ‚
885 2382 973 2423 quae
1006 2380 1151 2416 vetat,
1188 2372 1302 2408 tuto-

262 2440 347 2468 rem
381 2424 465 2468 dari
487 2436 664 2469 tutorem
690 2424 885 2468 habenti:
923 2425 1024 2468 item
1051 2425 1091 2466 ὃς
1118 2423 1226 2477 alia,
1259 2434 1302 2466 ut

264 2482 403 2527 nullus
429 2483 475 2526 fit
502 2497 620 2527 certae
647 2483 699 2526 rei
727 2495 838 2525 tutor
861 2513 870 2524 .
902 2483 969 2535 (d)

323 2541 448 2584 Porro
490 2540 891 2584 Senatusconsultum
922 2554 1060 2583 eruere
1094 2537 1259 2582 licuerit
1291 2569 1303 2590 3

265 2599 343 2650 (e)
375 2613 455 2654 quo
486 2598 708 2642 referamus
735 2597 918 2653 regulam
949 2597 1048 2640 iuris
1071 2628 1082 2649 ,
1119 2609 1160 2639 ut
1191 2596 1215 2638 si
1236 2610 1303 2639 tu-

267 2655 348 2698 tela
392 2656 630 2709 pervenerit
673 2656 721 2706 ad
754 2654 1105 2699 testamentarium
1135 2686 1146 2707 ,
1190 2653 1306 2697 dein-

267 2712 314 2755 de
359 2711 391 2754 is
433 2725 501 2755 aut
531 2713 740 2756 excusatus
771 2712 894 2756 fuerit
917 2745 930 2766 ‚
973 2724 1041 2755 aut
1078 2723 1258 2755 remotus
1296 2741 1308 2762 ‚

267 2768 313 2812 in
346 2767 485 2811 locum
514 2771 596 2814 eius
630 2783 740 2813 tutor
772 2770 818 2813 sit
849 2770 1001 2814 dandus
1037 2800 1049 2823 ,
1098 2785 1227 2825 neque
1260 2767 1307 2812 ad

271 2902 821 2913 ——n-——-—
831 2899 1099 2915 ——’—--—
1108 2904 1311 2913 ———

315 2946 374 2996 (b)
402 2957 479 2987 Vfde
498 2955 657 2989 Rittersh,
675 2957 718 2988 aii
729 2957 856 2988 LXII.
878 2954 1085 2997 tab.pag.11.
1103 2962 1305 2998 c.zp.r4.p.3.

269 3000 378 3084 Ιῆζίὲ)
395 3000 570 3078 εῐίυτέἷεὶι-
598 3012 702 3053 quem¹
718 3001 854 3034 adducit
885 3001 974 3043 Lips.
1005 3002 1047 3033 ad
1067 3002 1181 3033 Tacit.
1198 3002 1309 3035 annal.

315 3069 377 3131 ἐς).
399 3053 532 3131 szp'fiuss'
549 3089 668 3123 ibidem
689 3114 697 3121 .

312 3135 400 3178 ζ’)
425 3136 536 3170 Etiam
562 3136 585 3169 fi
611 3137 754 3180 pupillus
779 3136 818 3170 fit
843 3141 936 3171 tutor
961 3133 1134 3180 legitimus
1150 3135 1233 3181 Ulp.
1251 3137 1314 3172 tit.

860 105 1003 159 DE
1086 102 1697 174 GEGIBUS‚

1331 178 1570 236 legitimum
1619 176 1860 225 deveniatur
1882 208 1895 234 ‚
1946 179 2022 225 nisi
2070 179 2373 228 testamentario

1336 250 1502 282 mortuo
1523 268 1533 279 .
1565 237 1680 282 Hinc
1703 237 1818 282 enim
1843 236 2060 290 Juriscons.
2085 253 2230 285 mortuo
2254 239 2373 295 testa·

1331 295 1521 337 mentario
1551 296 1603 338 C.
1622 297 1667 337 S.
1690 294 1828 350 ceffare
1848 328 1857 338 .
1894 298 1954 340 Ex
1981 313 2065 353 quo
2092 297 2293 353 sequitur,
2325 310 2372 342 ut

1340 352 1544 407 superiora
1575 352 1612 394 S·
1649 354 1700 395 C.
1730 360 2131 409 comprehendantur
2150 387 2160 397 .
2194 356 2378 400 Pertinet

1336 411 1463 453 etiam
1492 409 1540 452 ad
1566 409 1713 453 tutelas
1735 411 1808 464 Lfi
1826 413 2019 468 impuberi
2045 410 2174 468 13.ff.
2193 414 2241 455 de
2260 425 2376 456 tutor.

1331 468 1397 510 vel
1417 479 1582 510 curator.
1601 469 1685 510 dat.
1713 483 1836 524 quarn
1864 471 2100 524 portionem
2125 469 2235 513 fuisse
2259 470 2299 520 S.
2319 471 2374 514 C.

1334 524 1538 580 pegasiani
1581 526 1714 568 censet
1758 526 1800 568 in
1842 528 1982 570 eadem
2015 528 2102 581 lege
2136 526 2330 578 Cujacius
2361 558 2375 581 ‚

1333 598 1429 625 cum
1463 597 1546 624 non
1566 583 1710 625 omnia
1735 582 1844 625 illius
1870 585 2003 634 capita
2030 584 2222 640 supersint
2248 617 2257 627 .
2307 588 2377 630 Ne

1338 652 1477 702 autem
1511 655 1605 683 cum
1638 640 1686 683 iis
1716 656 1895 684 errem-is
1921 674 1933 693 3
1975 642 2044 696 qui
2085 656 2228 685 contra
2261 658 2380 698 regu·

1334 697 1417 740 lam
1443 698 1541 748 Juris
1565 700 1806 740 censuerunt
1834 715 1900 751 per
1926 699 2154 742 testatorem
2178 700 2292 743 servo
2313 713 2378 743 tu-

1333 768 1464 797 torem
1491 754 1576 797 dari
1609 787 1623 808 ,
1655 770 1750 797 cum
1783 755 1909 796 tutela
1937 755 1981 797 sit
2003 754 2063 805 jus
2099 756 2142 798 in
2162 759 2293 811 capite
2326 758 2376 801 li-

1335 813 1458 866 bero3
1490 811 1550 855 ita
1584 810 1784 866 speeiem,
1821 811 1993 862 Cujacio
2023 813 2184 856 audore
2206 844 2218 865 ‚
2253 829 2379 868 pone-

1334 884 1446 912 mus.
1483 869 1716 912 Instituerat
1745 883 1834 924 =1uis
1864 870 2050 913 heredem
2074 902 2086 922 ‚
2107 875 2283 925 eumque
2311 888 2379 914 ro-

1335 939 1499 981 gaverat
1536 958 1548 978 3
1598 941 1642 969 ut
1670 926 1983 970 manumitteret
2008 927 2166 973 servum
2190 929 2380 983 impube·

1343 999 1432 1028 rem
1451 1016 1462 1037 ,
1499 984 1620 1038 eique
1647 983 1913 1027 hereditatem
1947 985 2172 1029 restitueret
2198 1018 2206 1025 .
2250 989 2382 1031 Heres

1337 1041 1488 1085 recusat
1519 1046 1629 1084 adire
1655 1057 1668 1093 3
1717 1054 1838 1098 atque
1870 1041 1930 1084 ita
1953 1042 2141 1085 concidet
2171 1044 2382 1088 fideicom-

1337 1099 1499 1142 miffum
1517 1130 1529 1150 ‚
1561 1098 1604 1142 ἃ
1629 1097 1791 1142 libertas
1825 1099 1937 1142 servo
1963 1099 2101 1143 relieta
2122 1116 2134 1153 3
2155 1114 2293 1156 utpote
2312 1102 2380 1146 de-

1343 1159 1483 1200 stituto
1512 1156 1757 1200 testamento
1783 1188 1793 1198 .
1825 1159 1994 1200 Senatus
2015 1157 2202 1211 censuit,
2233 1174 2385 1215 cogen-

1339 1216 1439 1257 dum
1468 1214 1659 1257 heredem
1691 1214 1797 1257 adire
1819 1246 1831 1267 ‚
1875 1229 1958 1257 non
1982 1215 2148 1270 quidem
2172 1216 2222 1259 ab
2247 1216 2385 1271 impu-

1340 1275 1431 1316 bere
1469 1288 1482 1326 3
1534 1273 1595 1314 led
1626 1273 1676 1314 ab
1701 1272 1785 1315 alio
1810 1271 1893 1323 ejus
1923 1272 2128 1325 nomine3
2160 1289 2256 1317 cum
2290 1287 2383 1318 aetas

1341 1330 1419 1373 hoc
1445 1331 1482 1372 ei
1511 1344 1595 1372 non
1622 1329 1775 1372 tribuat
1797 1361 1809 1382 ‚
1831 1342 1873 1372 ut
1901 1331 2015 1383 possit
2041 1330 2083 1373 in
2110 1329 2261 1381 judicio
2286 1346 2386 1374 con-

1341 1387 1468 1430 sistere
1491 1418 1499 1428 .
1535 1388 1636 1428 Non
1670 1399 1810 1429 tamen
1841 1387 1969 1429 obstat
1994 1388 2177 1431 conditio
2204 1388 2386 1442 servilis,

1339 1460 1389 1488 ne
1417 1444 1533 1486 instet
1564 1459 1634 1498 pro
1661 1443 1726 1486 sua
1753 1443 1937 1488 libertate
1970 1475 1980 1486 .
2031 1444 2164 1500 Igitur
2196 1445 2383 1490 libertate

1341 1502 1375 1544 se
1406 1500 1489 1555 ipso
1530 1501 1702 1543 instante
1732 1502 1951 1556 impetrata
1979 1532 1991 1553 ,
2032 1501 2190 1544 dabitur
2234 1515 2345 1545 tutor
2374 1534 2388 1557 ‚

1340 1558 1409 1613 qui
1433 1557 1517 1608 ejus
1543 1559 1713 1600 nornine
1741 1571 1851 1612 petat
1881 1558 2293 1602 fideicommissariam
2314 1559 2386 1603 he·

1347 1615 1562 1658 reditatem
1586 1645 1596 1656 .
1629 1616 1722 1658 Nec
1749 1613 1871 1658 refert
1893 1646 1904 1667 ,
1937 1615 2044 1671 quod
2070 1614 2281 1671 legitimus
2310 1616 2387 1660 ser-

1343 1674 1381 1716 vi
1412 1684 1525 1715 tutor
1552 1671 1597 1714 sit
1625 1684 1819 1727 patronus
1840 1704 1851 1724 ‚
1885 1679 2031 1728 nempe
2058 1671 2170 1717 heres
2198 1686 2384 1730 rogatus:

1345 1729 1440 1785 quia
1475 1761 1487 1783 ,
1537 1744 1588 1773 ne
1620 1729 1653 1772 is
1679 1729 1794 1772 heres
1823 1730 1868 1772 sit
1897 1730 2037 1773 auS’tor
2060 1730 2103 1773 in
2132 1731 2194 1774 sua
2227 1731 2340 1774 causa
2373 1763 2387 1786 ,

1347 1788 1520 1831 Senatus
1552 1787 1707 1830 censuit
1738 1787 1914 1830 dandum
1953 1786 2168 1842 specialem
2205 1802 2386 1832 tutorem

1345 1846 1391 1888 ad
1419 1843 1640 1901 negocium
1668 1844 1918 1887 restituendae
1943 1843 2180 1887 hereditatis
2210 1876 2222 1897 ‚
2272 1858 2317 1888 ut
2341 1861 2389 1888 ea

1346 1901 1523 1945 restituta
1554 1932 1567 1953 ,
1615 1901 1656 1944 ἃ
1703 1914 1822 1944 cauto
1866 1902 1916 1944 ab
1961 1901 2214 1948 herede.›·em
2240 1902 2388 1959 pupilli

1343 1960 1509 2014 salvam
1534 1956 1620 2012 fore
1642 1989 1654 2010 ‚
1685 1974 1730 2002 ac
1763 1958 1935 2012 negocio
1968 1958 2167 2002 transa-sto
2206 1990 2219 2013 ,
2262 1958 2391 2003 tutela

1356 2017 1541 2072 legitima
1586 2015 1685 2059 servi
1717 2017 1954 2059 manumissi
1987 2016 2164 2059 transeat
2195 2017 2241 2059 ad
2275 2017 2392 2061 here-

1347 2076 1441 2118 dem
1485 2085 1675 2129 rogatum
1714 2104 1725 2125 ‚
1774 2073 1844 2129 qui
1877 2074 2115 2116 manumisit
2148 2106 2160 2128 ‚
2204 2074 2313 2129 quasi
2344 2073 2394 2118 ad

1349 2144 1605 2188 patronum3
1638 2130 1746 2186 isque
1777 2130 1875 2173 adeo
1908 2130 2092 2174 satisdare
2123 2132 2300 2174 omnino
2324 2147 2393 2175 co·

1350 2190 1460 2244 gitur
1499 2204 1511 2241 3
1557 2189 1574 2239 (
1606 2187 1712 2244 quod
1743 2187 1856 2244 exigi
1889 2188 2127 2242 regulariter
2160 2203 2243 2231 non
2276 2189 2394 2231 debet

1352 2263 1374 2289 a
1426 2260 1603 2301 patrono
1651 2244 1669 2295 )
1702 2243 1793 2298 (f)
1825 2245 1893 2300 qui
1916 2258 2116 2301 quantum
2142 2245 2185 2288 in
2213 2245 2246 2288 se
2272 2245 2353 2288 fuit
2382 2276 2397 2299 ‚

1359 2302 1533 2359 peremit
1566 2301 1737 2345 tutelam
1772 2317 1781 2342 τ
1837 2317 1910 2345 nec
1933 2318 2077 2357 parum
2099 2301 2134 2344 ei
2164 2303 2355 2345 tribuitur
2380 2334 2393 2356 ,

1359 2375 1460 2417 quos
1495 2359 1555 2411 jus
1583 2357 1914 2403 manumissionis
1938 2360 2112 2402 retineat
2139 2359 2180 2401 in
2205 2359 2352 2403 liberto
2382 2390 2395 2412 ,

1353 2433 1475 2474 quern
1511 2414 1700 2460 liberavit
1724 2415 1880 2458 invitus
1901 2446 1910 2458 .
1944 2418 2081 2472 Quam
2105 2417 2143 2459 S.
2160 2417 2212 2460 C.
2240 2417 2398 2460 senten-

1356 2477 1462 2519 tiam
1496 2473 1699 2517 Adrianus
1731 2473 1914 2516 extendit
1945 2475 1992 2516 ad
2024 2489 2118 2517 eum
2141 2505 2152 2525 3
2185 2475 2249 2518 cui
2274 2473 2400 2517 liber·¹

1362 2546 1420 2576 tas
1465 2531 1616 2575 dire&
1661 2530 1799 2574 nehela
1841 2531 2083 2574 testamento
2127 2530 2257 2575 fuiffet
2288 2562 2300 2584 ‚
2354 2531 2398 2574 δε

1360 2590 1559 2633 hereditas
1607 2604 1675 2643 per
1706 2588 2061 2632 fl.leicommiffum
2087 2605 2096 2629 ε
2145 2605 2239 2632 cum
2271 2589 2311 2630 S.
2345 2588 2398 2630 C.

1364 2661 1526 2690 tantum
1578 2645 1624 2689 de
1672 2646 1859 2689 libertate
1903 2647 1945 2690 ὃς
1989 2645 2208 2688 hereditate
2252 2660 2322 2701 per
2355 2645 2401 2687 si-

1359 2703 1685 2748 deicommiffum
1755 2703 1903 2746 relie’tis
1958 2702 2183 2746 decreverit
2229 2732 2238 2743 .
2308 2703 2403 2745 Hoc

1359 2775 1496 2806 autem
1539 2761 1615 2804 erit
1659 2760 1878 2804 discrimen
1922 2760 1967 2802 in
2011 2759 2100 2803 casu
2143 2758 2402 2822 constitutio-

2340 2831 2403 2859 nis

1374 2896 1475 2906 —-—-
2343 2891 2407 2903 ἱ..

1363 2958 1416 3026 XI:
1426 2956 1578 3041 άξῧῗρ.
1607 2995 1717 3037 lnssie.
1744 3000 1812 3039 cap.
1833 3004 1881 3028 ιι.
1907 2992 2020 3032 eujac.
2035 2993 2071 3027 in
2089 2993 2176 3026 notis
2188 2991 2238 3026 ibi
2254 2989 2340 3028 verb.
2357 2990 2400 3025 aa

1362 3046 1467 3079 dotem
1493 3043 1661 3075 dicendum
1676 3064 1684 3073 .

1409 3089 1465 3130 (e)
1492 3092 1544 3123 Ex
1561 3090 1583 3120 Ι.
1602 3089 1674 3131 quis
1694 3097 1741 3118 11.
1764 3089 1790 3130 §.
1809 3095 1840 3124 3.
1854 3083 1890 3129 ff
1907 3085 1944 3118 de
1962 3081 2084 3119 tesiam.
2104 3092 2170 3116 tue.

1410 3137 1430 3177 C
1450 3134 1505 3178 f)
1529 3136 1567 3167 L·
1582 3142 1612 3174 ‘5-
1627 3130 1667 3178 ff·
1684 3133 1721 3166 de
1739 3132 1881 3174 cucufas.
1897 3129 1953 3165 uhi
1967 3128 2078 3173 cujac.
