2524 3479
144 672 150 677 ,
218 626 326 668 dinis
347 658 358 679 ,
391 627 434 669 δε
466 625 607 669 fiffilia
641 638 827 668 veterum
860 656 872 678 ,
924 639 995 678 pro
1025 627 1228 681 argenteis

823 84 1744 146 URISVCIVILIS.
2243 112 2312 162 43

228 165 432 224 superavit
463 196 474 210 .
515 165 634 210 Nam
676 91 957 220 pangertatem
991 165 1150 220 generis
1182 166 1232 209 ab
1291 159 1502 217 plusquam
1539 164 1781 207 Oratoribus
1817 172 1906 206 mos
1941 161 2039 206 esset
2073 194 2085 217 ‚
2125 164 2186 216 jus
2229 170 2312 213 civi

224 226 303 268 suis
334 223 556 276 majoribus
587 222 758 266 fascibus
782 253 795 276 ,
837 222 882 265 ὃς
914 223 1137 278 triumphis
1167 239 1230 265 or·
1287 217 1323 260 le
1354 219 1580 275 addidicit,
1629 219 1822 276 responsis
1853 221 1936 272 ejus
1961 251 1972 272 ,
2017 232 2136 276 atque
2168 224 2301 280 dispu-

220 295 364 325 natam
386 314 398 336 5
432 282 538 337 ipse,
570 279 731 336 praelata
753 278 980 322 honoribus
1013 280 1231 324 continen-
1285 277 1509 319 tationibus
1533 310 1546 332 ‚
1592 280 1738 322 afficlua
1765 278 2055 322 consuetudine
2085 310 2097 331 ‚
2128 284 2295 326 audien-

219 339 306 392 tia,
340 340 469 396 magis
502 336 835 391 nobilitavit0per
861 349 1072 392 acceptam
1095 340 1229 393 repul·
1280 332 1366 378 (ΠΒ.
1401 335 1590 378 oratoris
1614 352 1765 380 munus
1796 351 1868 391 pro
1895 336 2120 399 seran-tum
2140 338 2296 383 Scaevo.

220 396 306 440 sam
335 430 345 440 .
392 396 574 452 Epulum
616 394 730 438 enim
765 394 806 436 P.
835 393 1025 438 Africani
1059 397 1229 439 nomine
1281 390 1318 431 la
1364 393 1548 435 exercuit
1570 425 1582 446 ,
1616 395 1660 436 in
1692 410 1742 437 co
1774 394 1994 449 praesertim
2026 394 2178 446 iudicio
2205 427 2217 446 ‚
2249 397 2294 441 in

217 455 374 509 populo
406 457 531 497 Rom.
564 468 660 496 cum
692 452 804 496 daret
837 453 932 494 Fab.
974 454 1190 496 Maximus
1218 485 1229 507 ,
1282 455 1364 502 <1110
1409 451 1723 503 repetundarum
1774 452 1824 495 ab
1848 451 2024 494 Albutio
2059 452 2295 508 postulatus,

217 511 304 566 ipse
340 526 502 566 rogatus
526 543 538 563 ,
572 525 617 553 ut
649 508 885 553 triclinium
918 509 1137 565 sterneret,
1171 511 1222 555 le·
1280 504 1508 549 accusatore
1536 507 1690 561 fra‘fi’to,
1724 521 1845 564 atque
1870 510 2070 564 represso,
2104 525 2187 552 non
2210 511 2293 556 sine

217 568 348 612 &ulos
380 569 536 625 ligneos
562 568 790 611 Punicanos
819 567 992 624 pellibus
1020 570 1122 612 texit
1150 569 1230 611 hae-
1281 561 1396 608 laude
1423 594 1435 617 ‚
1479 563 1556 607 fuit
1587 566 1792 609 absolutus
1817 597 1825 608 ·
1859 565 2010 611 Lucilii
2043 567 2290 613 mordacita-

1279 632 1363 662 tem
1381 651 1393 673 ‚
1425 637 1447 663 a
1479 638 1559 677 quo
1586 622 1765 678 pluribus
1793 624 1966 668 versibus
1994 623 2255 669 lacessebatur
2276 660 2290 681 ,
2314 637 2315 642 ’

1278 677 1495 740 magnifice
1521 681 1763 726 contemsit:
1799 681 2000 741 longeque
2025 682 2170 734 majori
2199 683 2293 738 glo-

1278 750 1334 776 ria
1380 735 1526 790 sprevit
1563 737 1684 795 Syllae
1718 738 1855 783 minas
1890 756 1899 780 :
1947 739 2094 794 quibus
2141 741 2284 786 adduci

1277 807 1503 853 numquam
1537 796 1696 850 potuit,
1731 810 1776 840 ut
1798 797 2040 843 sententiam
2072 798 2193 841 ferret
2217 800 2288 842 ad-

1276 854 1407 892 versus
1438 852 1490 894 C.
1517 853 1704 898 Marium
1742 886 1754 907 ,
1797 870 1892 898 cum
1924 872 1946 898 a
1977 856 2128 900 Senatu
2161 855 2285 899 hostis

1275 908 1436 968 patriae,
1470 923 1642 966 cogente
1666 911 1803 966 Sylla,
1836 911 2087 964 judicabatur
2108 944 2117 954 .
2151 915 2189 955 A
2226 929 2291 957 re·-

1274 966 1492 1027 spondendi
1518 984 1688 1012 munere
1705 1002 1716 1023 ,
1736 969 2069 1026 providendisque
2097 969 2288 1026 publicis,

1274 1023 1517 1080 privatisque
1538 1027 1733 1082 negotiis,
1754 1043 1884 1083 neque
1911 1027 2144 1072 valetudine
2161 1058 2173 1081 ‚
2190 1043 2285 1085 neq3

1272 1082 1585 1141 ingravescente
1617 1085 1861 1128 avocabatur
1887 1096 2002 1130 aetate
2025 1116 2034 1129 ,
2067 1087 2205 1141 Atque
2236 1087 2306 1129 ad.

1274 1138 1477 1181 summam
1535 1141 1781 1185 senectutem
1819 1174 1831 1196 ,
1884 1142 1928 1186 δί
1969 1143 2162 1187 morbum
2215 1144 2286 1186 ad-

1271 1194 1409 1236 duetus
1448 1227 1460 1248 ‚
1504 1212 1600 1240 cum
1645 1199 1798 1242 viribus
1846 1200 2082 1247 deficeretur
2115 1232 2127 1254 ‚
2180 1212 2285 1244 voce

214 683 316 725 vasis
346 684 561 739 exposuit.
595 684 733 737 Quam
767 681 993 725 obsoletam
1025 681 1108 734 jam
1146 683 1225 726 fru-

214 740 430 796 galitatem
463 740 636 797 populus
672 739 812 782 mirari
850 739 1028 783 malebat
1058 774 1070 793 ,
1103 757 1223 796 quam

213 799 388 845 exoeriri
417 832 428 852 ‚
462 798 627 853 plusque
659 797 763 850 apud
794 813 890 840 eum
930 797 1061 841 valuit
1093 800 1226 841 tenuis

214 855 328 898 illius
376 870 589 912 apparatus
631 855 863 910 indignatio
895 887 907 907 ,
950 871 1073 910 quarn
1109 858 1224 899 Lucii

211 912 329 956 Pauli
350 914 583 961 Tuberonis
608 914 673 955 avi
696 945 707 962 ,
739 911 898 966 ejusque
935 913 1130 956 avunculi
1165 916 1220 956 A-

211 968 362 1012 fricani
387 972 556 1013 merita:
592 971 737 1026 quibus
759 970 824 1014 liic
850 971 892 1012 in
923 971 1105 1013 comitiis
1126 987 1223 1027 prae-

209 1027 355 1081 toriis,
387 1027 530 1079 justum
577 1026 858 1082 suffragiorum
894 1043 1113 1072 numerum
1147 1030 1221 1072 mi·

211 1085 326 1128 nime
358 1086 478 1127 tulit.
511 1085 710 1128 Dof'trina
739 1083 836 1134 juris
858 1087 1037 1139 praeslitit
1061 1102 1220 1140 omnes,

208 1155 412 1198 quotquot
442 1156 534 1184 ante
574 1144 606 1184 se
634 1141 881 1183 floruerant.
915 1143 1078 1197 Scripsit
1101 1144 1223 1186 histo-

207 1199 288 1241 rias
315 1232 326 1250 ,
358 1199 401 1241 ὃς
434 1199 583 1242 librum
617 1199 663 1240 de
696 1198 833 1241 officio
867 1199 1019 1249 Judicis
1056 1202 1103 1242 ad
1139 1203 1221 1243 Ca-

205 1254 294 1308 jum
332 1256 543 1311 Oppium.
577 1258 703 1299 Hunc
741 1270 836 1297 vero
868 1257 1093 1300 Consulem
1125 1257 1217 1300 fuis·
1271 1264 1411 1292 tamen
1432 1283 1444 1304 9
1476 1265 1596 1308 atque
1631 1256 1839 1310 praesentia
1887 1257 1931 1300 in
1962 1257 2181 1301 Saturnini
2215 1270 2285 1301 tu·

209 1313 276 1364 se,
309 1331 331 1356 a
364 1313 480 1356 nullo
506 1327 718 1364 veterum,
753 1325 893 1366 praeter
926 1313 1220 1368 Pomponium,
1272 1307 1408 1371 multu
1441 1309 1609 1371 'civibus
1660 1313 1795 1367 praesto
1827 1313 1905 1356 fuit
1927 1344 1936 1356 .
1980 1315 2170 1359 Uxorem
2202 1314 2275 1357 ha·-

206 1369 439 1424 accepimus
460 1401 469 1412 ,
504 1370 723 1412 Lucullum
756 1370 808 1410 ob
850 1368 1110 1422 opulentiam
1133 1403 1145 1424 ,
1177 1372 1220 1414 &
1271 1365 1359 1427 bult
1391 1363 1521 1409 fillam
1545 1368 1656 1412 Laelll
1693 1382 1792 1413 natu
1815 1370 2042 1424 majorem,
2073 1373 2123 1413 ab
2148 1387 2278 1426 eoque

202 1426 469 1470 aedificiorurn
484 1426 1014 1483 magnificentiam,quibus
1034 1429 1077 1471 in
1091 1430 1213 1472 Cam·
1269 1437 1312 1484 [Ω
1345 1422 1585 1479 Collegium
1618 1428 1836 1483 Augurum
1860 1428 1914 1471 est
1937 1440 2148 1483 cooptatus
2173 1461 2182 1470 .
2216 1430 2284 1472 Fi-

205 1484 329 1539 pania
363 1500 447 1527 „011
492 1497 616 1528 terras
661 1496 824 1526 tantum
863 1516 874 1537 ‚
920 1484 980 1528 sed
1012 1486 1056 1528 ὃς
1087 1487 1216 1530 marja
1269 1478 1369 1522 liam
1402 1483 1547 1536 nuptui
1579 1483 1686 1527 dedit
1713 1487 1758 1528 L.
1778 1485 1919 1529 Crasso
1951 1486 2119 1529 Oratori
2156 1488 2276 1530 Max.

202 1554 476 1597 occupaverat
507 1575 519 1596 ,
553 1541 680 1585 homo
713 1541 837 1596 prisca
871 1542 1079 1587 severitate
1110 1547 1215 1588 Xer·
1277 1538 1417 1579 I'antae
1447 1554 1542 1582 Vero
1585 1543 1786 1586 m0deffiae
1825 1543 1902 1586 fuit
1931 1575 1944 1597 5
1988 1556 2032 1586 ut
2061 1559 2112 1587 CK
2144 1544 2279 1589 aliena
2306 1571 2307 1574 ¹

201 1613 300 1643 xem
323 1601 536 1656 Togatum
568 1597 772 1656 appellare
806 1598 981 1644 solebat.
1014 1602 1100 1652 (a)
1270 1594 1436 1638 scientia
1460 1597 1526 1658 ,nil
1553 1597 1622 1642 sibi
1653 1600 1876 1655 quidquam
1909 1600 2106 1645 adsereret
2133 1633 2141 1644 ,
2177 1603 2275 1646 Ideo

345 1687 385 1728 C
447 1687 484 1729 A
548 1686 578 1727 p
638 1686 681 1726 U
742 1687 786 1727 T
904 1687 1071 1729 LVIII·
1267 1668 1361 1695 cum
1387 1653 1433 1695 de
1456 1670 1539 1704 lure
1560 1656 1814 1710 praediatorio
1845 1658 2119 1702 consuleretur
2141 1691 2153 1713 2.
2188 1660 2277 1703 suos

257 1745 326 1789 οε
461 1745 678 1799 aaa,
711 1741 767 1786 ω
929 1745 1159 1800 Anum
1267 1711 2103 1829 aisesfssssaazssabfftqffiqfffam221
2118 1717 2277 1826 {1531

255 1830 300 1872 N
332 1829 643 1881 Jurisconsultos
684 1829 811 1872 etiam
849 1829 1022 1874 refertur
1067 1832 1212 1876 Sextus
1874 1829 1881 1836 ”

1266 1826 1492 1871 risconsulti
1525 1827 1737 1872 scientiam
1761 1861 1774 1883 ‚
1818 1842 1931 1882 cums
1961 1843 2049 1874 erat
2082 1832 2273 1887 peritiffi-

284 1887 498 1942 Pompeius
520 1920 532 1940 ,
562 1885 845 1942 Cn.P0mpeji
874 1900 1062 1943 patruus:
1089 1906 1210 1945 quern

1264 1900 1353 1927 mus
1373 1917 1385 1938 ‚
1417 1885 1544 1929 etiam
1578 1887 1831 1942 pertineret.
1866 1890 2017 1931 Praetor
2048 1887 2094 1931 in
2128 1889 2271 1933 Asiam

197 1942 352 1987 Cicero
387 1945 428 1988 in
459 1946 585 1988 Bruto
617 1944 674 1988 ait
699 1945 1067 2000 praestantissimum
1099 1949 1209 2003 inge·
1261 1942 1315 1984 est
1345 1943 1577 1998 profefi'ffls·
1621 1945 1776 1988 Consul
1810 1944 1887 1989 fuit
1935 1962 2030 1990 cum
2062 1949 2107 1989 L·
2140 1947 2272 1990 Caeci-

197 2000 319 2044 nium
344 2002 555 2046 contulisse
586 2003 634 2044 ad
674 2002 876 2045 summam
910 2002 1005 2053 juris
1043 2003 1177 2048 civilis
1198 2038 1209 2057 ,

1263 1998 1319 2041 lio
1351 2001 1528 2043 Metello
1568 2001 1807 2045 Dalmatico
1835 2034 1848 2056 ‚
1895 2019 2005 2047 anno
2040 2006 2092 2046 A.
2126 2006 2183 2046 U.
2216 2005 2270 2047 C.

195 2056 243 2099 &
263 2058 311 2099 ad
339 2059 556 2112 perfectam
582 2060 859 2112 Geometriae,
879 2060 922 2102 &
944 2076 1078 2103 rerum
1103 2063 1204 2105 Stoi·
1261 2057 1555 2102 DCXXXVI·
1588 2074 1683 2102 cum
1709 2075 1789 2115 quo
1819 2059 1863 2102 δε
1884 2060 1962 2116 ipse
1994 2061 2040 2103 de
2062 2061 2272 2103 Dalmati-

198 2130 341 2157 carum
370 2116 605 2159 scientiam.
639 2118 745 2159 Item
772 2116 925 2160 Caelius
952 2118 1172 2172 Antipater
1196 2152 1208 2173 ,

1260 2115 1315 2156 cis
1354 2115 1631 2171 triumphavit
1657 2148 1667 2158 .
1700 2118 1768 2158 Ab
1801 2116 1878 2160 hoc
1921 2118 2062 2161 Mutio
2093 2122 2270 2173 Augure

197 2186 323 2225 quem
370 2171 543 2216 historiae
574 2172 775 2225 majorem
811 2175 954 2218 sonum
988 2175 1206 2230 addidisse,
1258 2171 1341 2215 alio
1358 2172 1570 2229 dignitatis
1602 2173 1802 2217 vocabulo
1838 2175 2098 2232 distinguitur
2126 2205 2133 2214 .
2165 2176 2267 2227 (d)

199 2228 353 2272 Cicero
391 2231 537 2274 tradit:
573 2232 659 2282 (b)
690 2247 784 2275 cum
821 2231 902 2286 ipse
938 2232 1093 2286 primus
1123 2234 1206 2278 fue-

1259 2231 1486 2284 QMutius
1509 2229 1688 2274 Scaevola
1723 2232 1914 2275 Pontifex
1936 2265 1948 2285 ‚
1992 2231 2126 2275 Publii
2160 2234 2264 2275 Mu-

199 2285 255 2327 rit
285 2302 423 2330 rerum
466 2300 725 2341 exornator3
757 2291 840 2340 (c)
882 2288 952 2333 alii
985 2306 1082 2334 vero
1112 2305 1205 2338 ante
1258 2288 1306 2330 tii
1326 2288 1534 2332 pontificis
1559 2288 1664 2331 silius
1692 2321 1704 2343 ,
1736 2290 1805 2345 qui
1831 2290 2113 2332 Tribunatum
2143 2289 2269 2345 plebis

198 2340 321 2388 illum
342 2358 571 2391 narratores
603 2358 766 2389 tantum
784 2377 794 2388 .

1256 2347 1398 2401 gessit,
1429 2346 1472 2389 δε
1513 2345 1671 2389 Consul
1707 2346 1784 2389 fuit
1807 2363 1902 2391 cum
1938 2350 1983 2390 L.
2006 2347 2272 2401 Cra1s0,(e)

367 2431 408 2473 C
468 2430 507 2471 A
570 2433 600 2475 P
660 2433 705 2474 U
766 2434 810 2476 T
916 2436 1030 2479 LIX.

1257 2420 1350 2446 cum
1378 2419 1459 2459 quo
1506 2404 1550 2448 δε
1583 2403 1685 2448 alios
1725 2405 1856 2447 obivit
1891 2404 2096 2458 honores,
2129 2418 2274 2459 praeter

297 2489 366 2533 De
396 2489 450 2540 ρ.
469 2490 607 2533 Μιιῐὼ
627 2491 801 2533 Scaevola
822 2490 987 2547 Augure
1047 2490 1102 2535 &
1260 2462 1488 2504 Censuram
1512 2493 1523 2514 ,
1557 2477 1635 2517 qua
1659 2461 1839 2505 Scaevola
1862 2494 1871 2508 ,
1905 2462 1968 2505 vel
2001 2462 2102 2504 sorte
2124 2463 2271 2515 caruit,

481 2549 657 2591 Scaevola
687 2546 908 2601 Pontifice.
1002 2524 1014 2546 ⁹

1257 2517 1318 2560 vel
1353 2517 1587 2562 voluntate.
1622 2520 1674 2561 In
1709 2519 1936 2561 Consulatu
1972 2518 2103 2572 legem
2137 2519 2266 2573 tulit,

1256 2590 1304 2618 ne
1331 2590 1414 2618 non
1451 2576 1552 2618 civis
1595 2591 1668 2630 pro
1709 2575 1798 2619 cive
1831 2577 2076 2620 haberetur.
2123 2576 2265 2619 Asiam

316 2631 473 2675 Uintus
497 2629 659 2676 Mutius
678 2633 857 2677 Scaevola
890 2636 1063 2691 Augur,
1096 2635 1201 2688 inju-
1257 2633 1470 2676 Proconsul
1505 2648 1656 2676 novem
1689 2634 1794 2676 rexit
1827 2635 1982 2677 menses
2012 2666 2022 2687 ‚
2057 2645 2170 2676 tanta
2202 2634 2268 2677 in-

346 2690 404 2732 ria
430 2689 653 2745 praeteritus
681 2708 703 2734 a
734 2693 965 2745 Pomponio
982 2725 993 2745 ‚
1014 2694 1157 2737 multis
1182 2712 1203 2738 a

355 2747 560 2790 Cicerone
585 2747 792 2801 laudibus,
813 2750 854 2792 ἃ
880 2751 1020 2794 crebro
1046 2752 1201 2796 attolli-

1256 2691 1446 2734 nocentia
1465 2723 1476 2744 ‚
1507 2691 1550 2734 ὅ(
1573 2691 1847 2747 integritate3
1879 2705 1923 2734 ut
1953 2694 1998 2735 de
2032 2691 2129 2735 hinc
2159 2692 2268 2747 quasi

192 2812 281 2846 tur.
306 2806 357 2847 In
377 2804 494 2857 hujus
516 2804 628 2848 enim
653 2807 910 2861 disciplinam
929 2809 1080 2866 Ciqero
1106 2811 1198 2854 ado-

1250 2748 1381 2791 virtus
1406 2749 1544 2791 omnis
1571 2749 1689 2791 unius
1714 2749 1789 2791 viri
1816 2749 1908 2793 esset
1929 2749 2111 2792 imitatio
2128 2782 2139 2802 ,
2158 2749 2266 2805 quis-

1249 2808 1338 2862 quis
1371 2807 1484 2850 ⁷rt’S’te
1524 2806 1829 2849 administrasset
1859 2839 1870 2858 ,
1903 2807 2082 2850 Scaevola
2113 2808 2266 2850 dicere-2

193 2857 344 2906 lescens
368 2862 498 2907 fuerat
532 2880 555 2906 a
582 2866 697 2909 Patre
737 2865 904 2910 traditus
927 2899 939 2921 ‚
971 2867 1020 2910 ab
1045 2883 1198 2924 eoque,

1249 2878 1316 2908 tur
1336 2896 1349 2919 ‚
1379 2864 1568 2921 illiusque
1599 2865 1895 2909 administratio
1920 2882 1969 2910 ex
1990 2866 2028 2908 S.
2044 2867 2094 2908 C.
2128 2881 2199 2920 pro
2219 2881 2260 2908 e-

1741 2924 1771 2966 F
1831 2941 1853 2965 2
2144 2938 2261 2966 xem-

1294 3026 1372 3067 [d]
1402 3030 1454 3059 De
1471 3027 1652 3070 confusione
1677 3027 1884 3068 perlbnarum
1915 3026 2003 3069 apud
2033 3029 2194 3067 Pompon.
2224 3026 2260 3056 in

1246 3073 1350 3104 variis
1379 3074 1559 3106 sca-otis.
1602 3073 1679 3106 Vide
1709 3071 1887 3111 Cocceium
1919 3075 2017 3114 §.q-0.
2049 3072 2087 3105 <2⁴
2117 3081 2168 3111 4¹.
2188 3074 2259 3103 1-2-

1244 3115 1281 3160 ff.
1300 3118 1336 3148 de
1351 3119 1430 3159 orig.
1451 3117 1513 3157 inr-

1295 3163 1367 3204 [ε]
1397 3163 1465 3199 Cic.
1498 3165 1533 3198 in
1550 3166 1648 3198 Brut.

198 3063 206 3071 1
240 3019 312 3060 [a]
340 3025 391 3055 De
417 3025 469 3057 hoc
494 3025 584 3060 Gen.
612 3029 633 3060 l.
654 3038 680 3060 1.
712 3033 781 3070 cap.
800 3038 851 3060 22.
880 3028 949 3063 Cic.
979 3030 1015 3062 in
1030 3032 1126 3064 Brut.
1156 3030 1198 3064 (5

190 3075 230 3097 vn
254 3075 335 3096 orat.
367 3076 420 3105 pro
449 3072 581 3103 Muren-

238 3109 314 3149 [b]
343 3111 413 3144 Lb.
433 3124 462 3144 2.
489 3117 526 3147 de
543 3118 635 3149 Orac.

207 3185 211 3189 .
242 3155 315 3199 [c]
343 3160 411 3199 Cic.
439 3159 478 3193 in
492 3162 588 3195 Brut.
612 3161 651 3194 <5
676 3162 712 3195 in
741 3165 764 3197 Ι.
784 3172 813 3196 1.
843 3175 864 3199 c.
883 3169 916 3199 6.
943 3165 980 3199 de
994 3168 1058 3210 leg*
