2596 3479
269 98 372 164 288
643 124 696 168 a
929 85 1073 140 DE
1155 76 1749 150 LEG13U8‚

266 193 315 220 ex
331 191 377 217 ec·
391 170 466 216 effe
491 167 582 214 viro
606 158 917 212 denunciaverit
936 193 948 212 ‚
980 159 1053 202 ille
1080 172 1129 200 ne
1157 166 1316 210 partum
1375 157 1456 209 rit,
1490 157 1609 200 status
1636 154 1957 200 controversiam
1990 156 2170 214 agitare.
2202 159 2273 215 (f)
2302 163 2369 218 Qu

264 233 483 289 agnoscere
517 240 686 284 cogatur
706 258 717 277 ,
753 238 854 265 neve
887 219 1102 273 agnoscere
1133 219 1317 256 reculam
1379 218 1558 256 ιῃυὺῐεῐῃ
1578 245 1589 266 ,
1609 215 1714 270 quod
1739 214 1899 258 Paullus
1919 214 2005 267 ait,
2024 215 2218 260 maritum
2284 221 2309 263 fi
2373 179 2419 263 'si

270 307 386 336 extra
417 287 606 332 ordinem
625 294 885 330 coerceatur,
918 276 1033 319 debet
1054 285 1122 316 aut
1144 271 1318 315 custode>
1374 271 1510 314 uxoris
1548 272 1911 315 denunciationem
1951 273 2127 316 custodes
2163 237 2415 321 mis’erithd

268 348 520 407 praemitterc
542 377 552 397 ‚
586 357 653 386 aut
687 352 829 382 contra
865 338 1112 396 denunciare
1134 362 1146 383 ,
1180 330 1294 389 grayi
1393 330 1672 383 rupiciendum
1739 330 2118 386 observandumque
2174 347 2365 378 ventrem

267 410 361 452 dam
387 423 436 451 ex
465 405 536 446 sese
563 416 643 462 non
668 397 741 441 esse
765 413 773 436 τ
808 410 890 450 quo
921 406 981 456 jus
1014 390 1158 432 habeat
1188 401 1227 428 in
1257 401 1296 436 ju
1376 403 1421 428 to
1453 386 1462 428 i
1502 387 1680 429 omnino
1707 387 1894 431 mulieris
1919 401 2080 442 partum
2115 390 2329 443 agnoscere
2349 407 2358 416 ·
2387 364 2416 434 a,

267 466 377 510 dicio
411 474 555 516 negare
585 454 852 516 filium.·(a)
889 451 959 492 Sin
999 462 1137 490 autem
1173 441 1310 487 mulie·
1374 443 1545 495 Cujacio
1584 456 1746 488 tanturn
1793 445 1841 488 ad
1880 444 2079 488 alimenta
2120 423 2421 492 tl.ahitur:’ne'

267 521 516 574 denunciare
559 515 677 571 negle
758 525 818 564 it,
864 520 933 552 aut
964 506 1122 549 oblatos
1157 502 1265 545 ultro
1298 518 1315 541 a
1378 501 1459 556 ruis
1490 514 1645 555 putaret
1665 517 1714 545 ex
1744 502 1821 546 hoc
1851 502 1982 546 Paulli
2012 502 2101 546 loco
2128 503 2334 547 ademtam
2356 504 2417 547 es-

270 581 418 624 marito
443 574 620 638 custodes
643 588 689 634 re·
752 569 869 619 serit,
906 565 1078 608 liberum
1107 561 1160 604 est
1188 559 1315 622 'mari-
1376 574 1406 602 {e
1437 560 1586 602 marito
1617 558 1856 603 facultatem
1897 560 2072 616 negandi
2094 574 2253 615 parturn
2324 561 2349 603 fi
2377 561 2417 604 id

269 652 338 690 to,
371 635 501 686 ejusve
536 642 693 686 parenti
724 625 900 671 recusare
931 636 1090 684 partum
1116 651 1126 671 ,
1155 616 1318 681 ’ejusque
1375 618 1414 658 in
1444 615 1592 668 judicio
1612 616 1793 660 alienum
1823 617 1895 659 esse
1923 619 2189 672 comprobare
2218 594 2399 673 posuerit

268 691 513 751 agnoscendi
541 687 757 740 alendique
784 697 926 726 curam
957 681 1119 729 rejicere
1154 691 1195 717 1n
1230 689 1314 716 mu·
1379 677 1519 730 ltaque
1541 674 1756 728 componit
1779 675 2093 728 repugnantiam
2115 705 2127 720 ,
2158 676 2216 725 (⁸²)
2247 691 2336 719 ouae
2357 649 2419 718 ij

269 754 441 802 lierem3
466 748 552 800 (b)
590 744 663 788 nisi
693 741 843 787 mulier
886 737 967 793 post
992 735 1119 797 lapsos
1148 732 1321 787 triginta
1372 732 1490 774 detur
1526 732 1605 774 esse
1631 732 1740 775 inter
1767 730 1957 773 Paullum
1989 731 2031 772 ἃ
2059 718 2320 785 Ulpianum.
2348 734 2420 788 (g)

267 811 351 854 dies
391 802 703 850 denunciaverit
733 832 746 853 ,
796 799 838 841 ὃ(
874 795 1174 850 negligentiam
1211 793 1320 832 luam
1373 789 1601 832 Secundum
1650 788 1728 831 hoc
1767 787 1988 842 quaeritur,
2021 800 2147 841 quot,
2180 788 2302 843 quive
2337 788 2415 832 sint

269 866 375 924 apud
401 864 551 918 judices
571 860 783 914 corrigens
808 854 943 897 audita
966 850 1087 894 fuerit
1104 881 1115 902 ‚
1138 850 1195 898 (c)
1216 846 1321 902 quod
1375 847 1593 890 mittendi?
1629 847 1687 888 Et
1723 844 1816 887 sane
1847 843 1871 886 [i
1908 843 2078 887 maritus
2105 843 2284 889 divortio
2312 844 2419 889 sach,

271 925 364 969 sane
389 923 536 967 licebat
556 952 565 962 .
596 920 693 962 Hoc
728 927 865 958 autern
890 911 929 953 S.
965 910 1021 951 C.
1048 922 1129 950 non
1159 921 1207 948 eo
1236 919 1322 959 per·
1373 904 1513 957 vivat,
1549 919 1598 947 ex
1633 901 1828 957 rescripto
1855 901 2064 945 Divomm
2093 901 2263 946 fratrum
2329 903 2421 946 satis

272 983 410 1034 tinet,
455 993 499 1023 ut
546 977 570 1020 si
613 992 662 1018 ex
710 972 800 1034 sese·
833 980 1079 1022 conceptum
1133 978 1215 1005 non
1248 961 1322 1004 esse
1373 960 1528 1004 fuerint
1567 974 1643 1002 tres
1675 958 1935 1011 obstetrices,
1967 975 2055 1015 quae
2089 960 2113 1002 fi
2149 935 2420 1003 renunciave-

270 1039 526 1088 constiterit3
560 1047 699 1076 tamen
733 1044 830 1085 quia
874 1026 907 1068 se
934 1025 1173 1077 agniturum
1206 1018 1325 1061 obtu-
1376 1019 1459 1061 rint
1485 1028 1765 1074 praegnantem
1787 1048 1799 1071 ‚
1833 1016 1964 1058 ventri
1992 1017 2168 1060 custodes
2205 1033 2420 1073 apponen-

272 1098 347 1150 lit,
377 1106 545 1150 cogatur
573 1089 763 1134 heredem
794 1085 907 1128 suum
935 1083 1079 1124 habere
1111 1078 1248 1120 filiurn
1281 1092 1324 1118 a·
1376 1089 1467 1118 tur.
1500 1075 1658 1117 Marito
1685 1089 1780 1117 vero
1802 1087 1994 1127 mortuo,
2030 1075 2085 1127 ii,
2117 1090 2292 1130 quorum
2355 1076 2419 1118 in-

269 1155 460 1205 lienum,
500 1147 688 1206 quamvis
729 1144 833 1187 alere
863 1140 1002 1183 debeat
1030 1155 1041 1191 3
1072 1137 1114 1180 δι
1141 1147 1282 1178 contra
1310 1165 1322 1186 ,
1377 1132 1520 1185 mest,
1551 1131 1773 1187 quibusque
1807 1131 1958 1173 Praetor
1982 1131 2277 1175 denunciatum
2309 1106 2402 1176 ’vult

269 1210 460 1270 quamvis
481 1206 631 1252 mulier
656 1204 765 1247 intra
789 1199 1056 1255 praestitutum
1074 1207 1234 1248 tempus
1253 1192 1318 1234 de·
1374 1190 1566 1243 jubentur
1597 1189 1778 1245 quinque
1805 1188 1972 1232 mittere
1998 1189 2230 1233 obstetrices
2257 1188 2262 1191 ’
2289 1163 2426 1245 quod,-

270 1268 471 1313 nunciare
509 1261 769 1320 neglexerit,
813 1258 868 1321 &⁴
885 1256 938 1298 ob
977 1255 1015 1297 id
1048 1265 1159 1308 pater
1187 1249 1323 1293 alendi
1375 1263 1452 1303 que
1484 1260 1561 1290 tres
1586 1262 1725 1289 earum
1751 1245 2114 1300 renunciaverint,
2148 1221 2291 1290 veru’m
2319 1262 2423 1291 con-

271 1341 396 1372 onere
424 1325 612 1374 levetur,
639 1320 838 1372 liceatque
863 1313 999 1356 filium
1028 1326 1109 1352 non
1134 1307 1322 1364 agnosce·
1376 1306 1556 1348 stituitur
1613 1304 1676 1355 (h)
1703 1305 1863 1347 Verum
1893 1303 2160 1348 Plancianum
2192 1305 2231 1347 S.
2249 1303 2302 1347 C.
2331 1320 2426 1358 par·

275 1399 344 1437 re,
377 1397 462 1425 non
500 1379 589 1424 ideo
625 1389 767 1420 tamen
811 1369 1096 1427 prohibebitur
1134 1366 1242 1409 filius
1275 1380 1323 1407 ex
1375 1376 1465 1406 tum
1483 1375 1645 1405 tantum
1673 1360 1801 1404 soluto
1827 1361 2098 1405 matrimonio
2127 1363 2282 1406 editum
2306 1377 2422 1405 com-

275 1454 388 1497 patre
422 1439 455 1483 se
481 1449 626 1480 natum
653 1432 843 1483 asserere,
877 1428 995 1484 idque
1036 1424 1228 1481 legitimo
1259 1421 1320 1474 ju·
1376 1419 1594 1476 plePtitur,
1629 1418 1910 1473 Quamobrem
1952 1420 2125 1462 Adriani
2169 1419 2421 1474 temporibus

272 1498 379 1542 dicio
423 1494 714 1550 comprobare3
750 1489 827 1531 five
851 1486 964 1530 enim
1005 1496 1176 1536 praeceps
1204 1479 1326 1522 fuerit
1374 1477 1485 1520 aliud
1527 1476 1677 1531 prodiit
1716 1475 2123 1520 senatusconsultum
2153 1509 2165 1527 ‚
2193 1492 2276 1532 quo
2309 1491 2423 1530 pater

274 1554 403 1620 patris
434 1553 626 1597 voluntas
648 1549 690 1592 in
710 1542 964 1602 agnoscendo
986 1540 1101 1592 filio,
1135 1538 1214 1580 five
1237 1553 1321 1579 rna·
1381 1535 1514 1578 filium
1559 1533 1768 1577 constante
1807 1532 2078 1576 matrimonio
2104 1534 2347 1586 susceptum
2382 1549 2426 1576 a-

273 1625 351 1656 tris
386 1627 481 1656 cura
523 1610 566 1653 in
605 1601 893 1650 denunciando
931 1598 1128 1642 remissior
1155 1611 1168 1648 ς
1201 1593 1322 1647 Juris-
1375 1591 1567 1647 gnoscere
1593 1589 1882 1645 compellitur,
1915 1592 1970 1641 (i)
1999 1590 2105 1645 Quia
2132 1607 2226 1632 vero
2255 1590 2340 1633 haec
2355 1591 2423 1633 Se-

1379 1647 1681 1692 natusconsulta
1717 1647 1922 1702 pertinent
1947 1647 1994 1690 ad
2018 1663 2114 1701 eos,
2146 1647 2216 1703 qui
2269 1648 2323 1690 lui
2354 1647 2425 1691 he·

273 1669 449 1715 consulti
476 1678 671 1711 neutrum
701 1661 922 1705 voluerunt
944 1652 1228 1712 praejudicium
1251 1650 1326 1694 effe

275 1740 419 1772 contra
445 1725 658 1769 veritatem
677 1754 686 1764 .
712 1721 777 1773 (d)
806 1717 876 1762 Est
892 1728 1029 1760 autem
1049 1709 1326 1768 praejudicium
1378 1707 1486 1751 redes
1522 1706 1797 1761 agnoscuntur
1814 1736 1826 1758 ,
1858 1704 2141 1756 Jurisconsulti
2176 1705 2421 1748 censuerunt

272 1785 414 1830 omnis
440 1778 721 1828 controversia
749 1778 894 1827 status,
928 1773 970 1816 in
1000 1787 1078 1827 qua
1106 1767 1327 1823 quaeritur,

278 1844 434 1888 liberne
462 1841 508 1885 sit
530 1840 646 1895 quis,
672 1852 724 1879 an
741 1835 899 1884 servus,
928 1829 1035 1874 filius
1060 1843 1111 1870 an
1132 1829 1230 1868 non?
1256 1825 1324 1867 Di-

276 1903 464 1957 citurque
493 1895 772 1954 praejudicium
804 1890 911 1946 quasi
943 1887 1139 1940 judicium
1166 1896 1326 1925 antece-

277 1959 378 2002 dens
401 1957 540 2009 aliud,
572 1968 667 1996 cum
697 1966 789 1993 eam
824 1948 1032 1991 antonem
1056 1943 1166 1994 alia,
1202 1940 1328 1983 veluti

278 2016 507 2072 pedissequa
552 2011 823 2065 consequatur
846 2038 858 2058 ‚
911 2018 1007 2046 nam
1049 2000 1074 2042 fi
1109 2000 1197 2055 quis
1224 1996 1330 2040 filius

276 2073 575 2130 pronuncietur
595 2100 606 2122 ,
637 2067 837 2110 continuo
867 2060 1017 2118 poterit
1053 2057 1248 2109 judicium
1280 2055 1325 2097 de

277 2131 402 2187 patris
427 2129 666 2174 successione
692 2136 859 2174 movere
881 2151 889 2161 .
927 2117 1009 2170 (e)
1037 2118 1179 2171 Itaque
1205 2115 1327 2155 Sena·

277 2187 574 2232 tusconsultum
608 2183 684 2226 hoc
715 2181 741 2224 fi
767 2177 1024 2232 accipietur,
1054 2185 1097 2216 ut
1123 2170 1254 2227 quoad
1283 2169 1324 2212 in

278 2245 432 2299 judicio
470 2240 694 2288 constiterit
722 2270 734 2291 ,
777 2253 826 2281 ex
869 2250 949 2291 quo
986 2245 1123 2275 revera
1161 2241 1330 2282 parente

279 2315 419 2360 partus
443 2299 749 2349 descendat,ex
778 2289 970 2348 superiori
999 2286 1136 2342 regula
1156 2285 1326 2328 alimen-

279 2372 418 2404 torum
446 2359 551 2403 ratio
579 2356 802 2399 statuatur:
836 2362 907 2394 aut
940 2347 965 2390 si
999 2344 1114 2389 nulla
1146 2343 1192 2385 de
1227 2343 1325 2384 veri·
1373 2390 1375 2392 ,

282 2428 366 2462 tate
401 2429 538 2473 partus
569 2408 843 2459 controversia
875 2417 1118 2457 moveatur,
1151 2400 1326 2443 alimen-

279 2487 421 2520 torum
466 2475 602 2519 subeat
647 2484 750 2513 onus
772 2499 783 2521 ‚
826 2465 896 2521 qui
951 2475 1094 2505 contra
1146 2457 1332 2500 Senatus-

284 2533 521 2580 consultum
555 2529 743 2575 venerit.
794 2525 887 2567 Nec
918 2518 1013 2575 quia
1045 2519 1090 2561 de
1126 2515 1334 2558 alimentis

283 2606 460 2648 quaerere
489 2589 580 2648 quis
611 2582 867 2634 antevertit,
900 2578 1037 2622 minus
1058 2576 1268 2630 integrum
1294 2587 1334 2616 e-

1375 1781 1421 1808 ea
1456 1764 1625 1828 cessare‚
1661 1763 1686 1805 fi
1720 1763 1803 1804 nati
1839 1763 1921 1816 post
1950 1777 2128 1806 mortem
2170 1762 2350 1816 parentis
2378 1764 2422 1805 in

1385 1822 1538 1866 nullius
1572 1821 1645 1863 smt
1675 1819 1865 1873 potestate
1892 1820 2088 1862 recusari.
2122 1821 2191 1871 (k)
2215 1820 2288 1861 Sed
2313 1819 2356 1862 ὃ(
2380 1835 2426 1861 a-

1385 1880 1468 1923 liud
1488 1878 1631 1922 extitit
1656 1876 1771 1935 huju}
1791 1878 1830 1918 S.
1850 1877 1902 1918 C.
1926 1890 2072 1930 eaput,
2102 1893 2182 1932 quo
2209 1891 2330 1930 poena
2366 1875 2426 1919 le.-

1378 1938 1440 1993 gis
1481 1934 1766 1992 Corneliae-de
1801 1931 1905 1976 falfis
1939 1934 2215 1988 puniebantur
2247 1933 2274 1975 ii
2306 1964 2319 1982 ,
2350 1932 2421 1988 qui

1381 1994 1530 2060 salsum
1551 2006 1714 2048 parturn
1749 1989 2012 2042 subjecerint:
2049 1991 2158 2042 cujux
2179 1991 2275 2033 S.C.
2304 1999 2428 2044 caput

1383 2052 1589 2096 intercidit
1618 2067 1626 2092 ε
1682 2062 1844 2092 tantum
1876 2048 1922 2090 de
1955 2048 2056 2091 falso
2089 2060 2206 2103 partu
2240 2047 2428 2103 pluribus

1383 2111 1482 2154 locis
1508 2110 1549 2152 in
1570 2107 1696 2150 titulo
1730 2105 1994 2160 Digestorum
2021 2105 2072 2149 ad
2101 2106 2236 2162 legem
2262 2092 2427 2149 Corne}

1383 2171 1480 2213 liam
1506 2166 1756 2221 disputatur.
1791 2164 1845 2216 (l)

1539 2281 1579 2324 c
1641 2281 1680 2322 A
1742 2278 1773 2321 P
1832 2278 1879 2319 U
1938 2279 1982 2320 T
2092 2259 2263 2320 LXIV.

1706 2394 1772 2438 De
1803 2391 1882 2447 lege
1911 2392 2063 2434 Atinia
2084 2422 2095 2434 .

1390 2509 1568 2612 SAtis
1612 2507 1744 2551 adhuc
1778 2522 1849 2561 pro
1901 2504 2084 2549 instituta
2131 2503 2331 2548 brevitate
2375 2491 2433 2548 le-

1484 2584 1551 2624 ges
1597 2565 1804 2624 pervagati
1837 2564 1971 2608 sumus
2012 2563 2056 2607 &
2101 2560 2435 2607 Senatusconsul-

2355 2630 2432 2671 =ta,

1880 2699 1980 2708 ...—

1390 2739 1462 2781 quia
1481 2738 1577 2769 miffis
1610 2735 1794 2769 custodibus
1820 2732 1959 2765 maritus
1985 2732 2122 2764 minime
2147 2729 2274 2772 cogitur
2302 2735 2437 2770 partum

1391 2783 1562 2820 aenoscere
1589 2792 1644 2823 per
1669 2782 1700 2813 d.
1718 2782 1739 2811 Ι.
1765 2789 1787 2810 ι.
1812 2777 1941 2819 §16-(45
1962 2787 2010 2808 ιι.

1437 2829 1497 2867 (ρ’)
1523 2830 1543 2859 1.
1570 2838 1581 2858 1
1616 2828 1633 2869 §
1664 2823 1926 2868 quemadmodum
1951 2818 2050 2863 ¹¹·ff·
2070 2816 2353 2860 deagnofi.1iber.

1436 2875 1494 2913 (l.)
1521 2876 1557 2904 L.
1583 2872 1641 2913 1.§
1670 2871 1706 2901 de
1723 2867 1921 2909 inspiciendo
1949 2863 1985 2907 ff.
2008 2866 2046 2895 de
2061 2866 2179 2906 inspic.
2196 2860 2300 2895 vem.
2324 2859 2444 2894 Paull-

1397 2921 1473 2957 [τηε.
1490 2921 1512 2950 Ι-
1530 2928 1559 2948 2-
1597 2928 1620 2948 c.
1643 2926 1696 2951 24-
1713 2911 1769 2944 ubi
1783 2909 1894 2947 Cuiac.
1921 2909 1952 2950 §.
1975 2909 2137 2951 fimulier
2157 2910 2193 2949 se
2223 2907 2261 2939 Θ·
2298 2909 2326 2950 §-
2361 2901 2440 2941 veci-

1397 2975 1453 2997 τεν.
2368 2962 2373 2966 “
2426 2954 2434 2966 ·'

944 2708 1178 2722 .-..--‚--.—.-·--

296 2725 525 2738 ---—-—-
540 2716 819 2736 --.-—-.‘..-——

337 2760 394 2801 (a)
421 2764 466 2793 D.
486 2763 507 2792 Ι.
530 2763 558 2802 §-
576 2769 605 2796 3.
623 2757 661 2789 ἐς·
676 2752 760 2797 ,4.ῆῖ
778 2749 955 2790 defignvsc.
972 2748 1036 2779 vel.
1053 2746 1087 2776 a!
1099 2742 1156 2776 tib.

332 2804 384 2846 [b]
413 2804 515 2837 Paull.
544 2803 601 2836 lib.
621 2804 752 2841 msam.
771 2800 826 2830 tit.
846 2805 897 2832 ²4·

329 2851 383 2892 [τ]
411 2851 440 2883 d.
458 2852 480 2882 Ι.
507 2860 533 2880 1.
553 2851 628 2891 §.6.
659 2845 697 2877 (9·
724 2852 742 2881 7
775 2841 809 2883 ff
828 2842 864 2873 dc
890 2837 998 2878 agnos.
1014 2836 1067 2866 vel
1086 2829 1247 2866 aimuh.
1289 2846 1294 2847 ν

333 2896 397 2936 (d)
422 2899 459 2928 L.
475 2902 520 2936 pr·
536 2891 574 2938 ff
595 2893 631 2924 de
648 2884 777 2933 agnose.r
792 2885 881 2918 liber.
902 2885 918 2925 §
952 2893 978 2921 3.
1005 2880 1042 2911 (9¹
1063 2889 1112 2916 14.

337 2942 393 2982 (e)
418 2939 527 2975 Paull.
555 2937 612 2970 lib.
630 2948 659 2969 2.
679 2937 750 2974 sent
781 2935 808 2974 ξ.
826 2931 849 2968 fi
867 2936 1081 2968 pregnante-m
1100 2924 1153 2955 uir.
1171 2932 1227 2960 ²4·

340 2987 396 3029 (f)
421 2985 525 3019 Pauli.
542 2985 624 3025 sem.
645 2993 675 3014 2.
695 2978 762 3023 §.fi
777 2975 930 3011 mulier4
962 2972 1016 3002 eir.
1034 2981 1077 3007 24

343 3033 396 3073 (α
419 3030 428 3067 J
459 3035 532 3063 lmo
568 3026 810 3061 distinetionem
854 3029 917 3051 non
956 3013 1108 3047 admittit
1145 3009 1341 3043 vocabulum
1439 3009 1483 3048 (i)
1513 3011 1547 3040 L.
1572 3017 1600 3044 3.
1620 3008 1647 3055 §3
1670 3000 1747 3047 ”ff
1766 3002 1802 3033 de
1816 3000 1945 3042 agnosc-
1961 2997 2050 3032 liber.
2068 2997 2127 3030 ubi
2156 2995 2310 3030 Gothofr,

294 3075 490 3111 omnimodo
520 3096 530 3113 ,
567 3072 654 3118 quod
695 3071 739 3103 est
784 3065 867 3108 apud
895 3061 1045 3094 Paullum
1087 3082 1094 3090 .
1142 3060 1251 3099 Quare
1280 3065 1343 3086 non
1412 3062 1417 3068 ⁴
1439 3055 1491 3093 (lv
1525 3055 1559 3084 L.
1584 3062 1593 3082 1
1625 3055 1662 3081 (ν’
1682 3059 1707 3087 3.
1726 3046 1831 3087 r'nfin.
1851 3043 1889 3089 ff
1906 3046 1943 3076 de
1958 3045 2084 3086 agnose.
2106 3042 2195 3075 liber.

298 3119 512 3157 incommode
553 3119 703 3152 malebat
742 3108 967 3146 Schultinzssus
1004 3105 1109 3145 legere
1145 3113 1208 3134 non
1247 3100 1345 3143 miffis
1440 3099 1489 3138 (t)
1515 3099 1547 3127 L.
1568 3096 1756 3138 quisalsam
1777 3102 1825 3130 19.
1856 3093 1884 3133 ᾗ.
1907 3099 1931 3120 r.
1952 3091 1974 3120 l.
1992 3091 2116 3124 cornel.
2132 3089 2169 3122 de
2190 3086 2296 3132 falsis.
2324 3082 2348 3120 l,
2365 3080 2436 3120 e'um

300 3179 358 3214 per
383 3169 420 3200 L.
440 3177 468 3199 ι.
485 3168 515 3210 5.
539 3176 588 3198 η,
617 3164 656 3198 <9-
687 3171 737 3202 15.
765 3163 811 3194 D.
826 3152 987 3193 delibaris
1003 3150 1130 3195 agnose·
1147 3148 1181 3181 in
1203 3145 1346 3189 primis,
1389 3141 1552 3188 suppofisi
1570 3152 1621 3174 ιο.
1640 3143 1675 3174 C.
1690 3138 1757 3171 eod.
1774 3139 1829 3171 rit.
1851 3133 2016 3178 defalfis.
2210 3133 2214 3135 ’
2317 3131 2338 3142 ’“
2388 3141 2395 3148 -
2428 3134 2434 3145 ³
