2596 3479
489 22 618 77 ET
700 13 1874 78 SENATUSCONSULTIS.

2178 33 2204 85 3
2216 37 2292 88 47‘

147 98 263 143 dibus
293 106 431 141 autern
465 98 508 142 &
541 98 671 143 servos
703 107 930 162 congregat
962 94 1059 138 lex:
1093 92 1188 148 quia
1235 92 1315 147 (f)
1345 94 1473 137 Addit
1493 91 1715 144 Cujacius‚
1747 91 1831 145 ζ’)
1851 86 2047 133 directam
2068 104 2282 147 compete-

141 156 241 201 servi
277 156 344 198 sub
375 156 561 200 dominio
587 157 719 199 nostro
743 168 889 210 pariter
907 152 1184 197 cadunt.0e-
1235 166 1301 203 re,
1347 151 1374 194 fi
1418 165 1562 205 corpus
1601 149 1762 204 corpori
1800 146 1987 191 nocuerit
2020 164 2029 188 :

140 213 221 258 ciso
253 226 392 257 autem
427 213 565 266 servo,
601 213 665 255 vel
697 211 951 268 quadrupede
984 210 1185 253 damnum

142 271 403 324 aestimatur}
422 270 565 326 quanti
597 285 645 313 eo
670 285 781 312 anno
803 270 963 321 servus,
996 266 1060 310 vel
1086 282 1184 322 qua-

138 329 282 384 drupes
315 325 480 384 plurimi
513 325 667 369 fuerint
699 326 923 382 quantique
957 325 1089 368 nostra
1120 324 1184 367 in-

137 386 281 430 terfuit
326 400 408 427 non
455 382 636 439 periisse,
686 386 772 435 (a)
816 381 927 440 isque
958 398 1099 426 annus*
1124 397 1183 424 re·

137 444 314 487 trorsum
346 453 608 496 computatur
647 456 696 485 ex
730 455 940 497 tempore,
982 456 1064 497 quo
1094 439 1183 495 quis

139 501 193 544 est
222 498 399 543 occisus:
436 512 479 541 ut
513 498 665 542 scilicet
698 499 844 542 mortis
889 511 1050 553 tempus
1078 495 1179 541 ,anni

139 559 185 601 fit
231 556 354 601 finis.
400 556 682 611 Quamobrem
729 556 755 599 si
798 572 857 600 eov
890 572 1001 599 anno
1050 555 1184 599 servus

138 615 254 659 heres
296 614 503 657 institutus
545 613 679 658 aliena
722 613 842 670 culpa
875 614 1005 657 vitam
1037 612 1180 656 amise-

142 672 224 726 rit,
267 671 396 716 etiam
431 671 666 715 hereditatis
708 672 976 716 commodum
1011 671 1053 712 in
1085 669 1181 713 aesti-

139 730 339 773 matronis
369 729 570 780 judiciari!
597 729 760 773 veniet.
794 730 859 781 (b)
891 730 946 771 Et
979 728 1005 771 fi
1039 726 1181 782 mesori

138 788 251 831 servo
297 786 432 842 pollex
479 787 660 843 praecisus
703 786 854 841 fuerit,
900 785 1088 841 idemque
1119 785 1182 827 in-

138 857 200 888 tra
231 859 390 888 annum
423 845 573 899 praecifi
605 845 765 901 pollicis
796 844 974 897 occisus,
1008 844 1050 886 in
1083 843 1184 886 aesti-

141 902 373 947 mationem
414 903 662 956 deducetur,
706 903 849 959 quanti
895 902 1003 956 prius
1046 899 1142 944 esset
1171 931 1183 953 ,

138 973 363 1016 antequam
398 960 593 1015 pollicem
626 961 670 1004 ἃ
701 973 831 1004 artem
864 958 1073 1008 amisisset.
1096 959 1184 1010 (c)

140 1017 264 1060 Aetio
295 1031 461 1069 autem,
495 1034 573 1073 qua
604 1019 826 1061 aestimatur
867 1017 1009 1072 quanti
1043 1014 1183 1070 pluris,

141 1090 252 1117 anno
277 1074 655 1119 circumscribitur:
690 1075 796 1118 affio
828 1091 925 1119 vero
957 1073 1039 1129 ipsa
1060 1102 1074 1125 ,
1105 1087 1183 1128 qua

140 1132 366 1182 aestimatus
389 1132 590 1176 damnum
623 1146 864 1188 acceptum,
897 1131 951 1175 est
972 1143 1182 1186 perpetua,

141 1202 283 1244 utpote
317 1189 372 1233 rei
395 1191 689 1246 persecutoria,
723 1192 813 1242 (d)
847 1190 970 1232 Porro
994 1188 1101 1231 a6’tio
1124 1186 1182 1229 di-

142 1247 277 1299 retff'ta‚
310 1247 389 1291 sive
420 1247 579 1301 civilis,
612 1263 660 1291 ex
706 1247 789 1302 ipsa
827 1247 915 1303 lege
941 1245 1183 1288 descendens

139 1303 397 1361 ejusdemque
430 1307 578 1360 apertis
611 1306 746 1349 verbis
785 1302 1077 1360 comprehensa
1111 1300 1181 1357 ipsi

141 1360 314 1404 domino
358 1363 507 1405 datur:
554 1363 668 1407 utilis
706 1378 834 1415 vero,
883 1376 971 1418 quae
1003 1359 1182 1402 nascitur

137 1433 189 1462 ex
213 1418 351 1462 abdito
378 1419 488 1462 sensu
509 1420 609 1474 legis
629 1421 741 1462 &ab
761 1418 949 1475 aequitate
971 1417 1180 1473 magistra-

140 1487 205 1518 tus
220 1506 232 1527 ,
262 1476 391 1518 etiam
426 1492 510 1519 non
529 1478 701 1520 domino
721 1475 978 1530 permittitur
992 1507 1002 1518 .
1022 1477 1180 1530 Quam-

139 1533 284 1576 obrem
319 1532 419 1576 liber
451 1533 605 1587 homo,
638 1534 706 1590 qui
738 1534 958 1577 dominum
992 1549 1075 1576 non
1110 1532 1181 1574 ha-

143 1589 236 1643 bet,
270 1589 312 1632 in
346 1593 509 1647 propria
542 1592 728 1635 membra
760 1591 898 1645 laesus,
941 1590 1101 1634 nullam
1132 1605 1182 1632 ex

143 1646 220 1690 hac
263 1646 352 1704 lege
395 1649 591 1692 direstam
641 1648 848 1692 astionem
899 1647 1150 1691 nanciscitur
1170 1664 1190 1699 ‚·

145 1704 208 1748 sed
237 1706 371 1749 occiso
403 1722 478 1761 eo,
512 1706 626 1750 utilis
656 1706 763 1751 af‘cio
796 1706 914 1761 ipfius
957 1705 1092 1749 heredi
1115 1719 1179 1747 ac-

79 1816 82 1818 *
143 1763 416 1807 comodatur:
448 1780 527 1818 qua
547 1764 815 1820 consequetur
846 1762 1044 1820 quidquid
1078 1762 1183 1806 sum-

143 1831 206 1863 tus
250 1819 404 1865 fassum
448 1821 572 1865 fuerit
618 1823 662 1866 in
694 1822 875 1866 curando
907 1821 1107 1875 vulnere,
1140 1819 1183 1862 &

144 1877 340 1934 quidquid
400 1879 540 1922 damni
597 1879 680 1931 ejus
738 1880 854 1923 caedis
897 1879 1013 1922 causa
1061 1877 1185 1921 fuerit

145 1948 386 1990 acceptum.
428 1938 509 1988 (e)
552 1938 707 1981 Eadem
752 1938 911 1981 ratione
961 1934 1184 1980 fruS'tuario

144 1993 326 2048 corporis
392 1995 562 2047 peremti
624 1995 669 2037 δε
701 1993 920 2038 ‘creditori
981 1994 1025 2036 ἃ.
1072 1995 1185 2036 bonae

145 2049 237 2094 fidei
312 2050 507 2107 possessori
580 2051 694 2095 utilis
766 2051 872 2096 astio
904 2050 1147 2095 conceditur
1174 2082 1182 2093 .

141 2180 253 2193 ———

366 2180 841 2202 *'.-—,-'—·—
857 2181 1189 2194 ffl—

190 2212 241 2250 (a
256 2212 274 2249 )
301 2215 339 2244 L.
355 2212 406 2247 air
420 2215 468 2244 tex
486 2210 523 2256 ff
539 2214 594 2244 eod
623 2214 689 2254 §.2-

191 2261 202 2293 (
221 2254 239 2287 b
256 2257 265 2293 )
292 2259 328 2288 L.
346 2258 420 2289 inde
433 2256 643 2299 Neratiusff
660 2256 725 2289 eod.
743 2257 778 2289 in
793 2257 896 2299 princ.

192 2301 264 2339 tc]
294 2305 336 2334 Dr
354 2304 374 2333 l.
394 2303 468 2333 inde
484 2303 646 2335 Neratius
671 2304 699 2345 §.
721 2311 751 2341 3.
941 2332 945 2336 .

191 2345 212 2384 (
224 2346 276 2384 d)
304 2347 380 2379 Vzde
395 2347 628 2380 vva-semime„
643 2353 748 2390 parat.
765 2345 801 2389 ff.
819 2347 886 2379 eod.
912 2357 1000 2379 num.
1025 2355 1054 2386 ς.

193 2390 271 2430 (e)
295 2393 331 2422 L.
351 2393 402 2433 ξς.
421 2391 460 2423 (3·
480 2402 528 2429 14.
546 2391 652 2435 ffieodz
675 2393 867 2425 VVessemb·
899 2393 964 2424 loco
980 2392 1034 2424 cir.
1052 2400 1126 2430 n.3·

194 2436 270 2477 ss)
295 2439 332 2468 L.
351 2439 429 2468 item
446 2439 538 2470 Meta
554 2440 584 2479 ς.
609 2448 660 2469 10.
673 2435 712 2480 ff.
729 2438 814 2470 adl.
833 2438 946 2478 Aquil.

194 2482 243 2521 (⁴t
255 2480 274 2519 )
303 2483 387 2523 Imp.
405 2482 605 2523 justinianus
622 2483 658 2514 ia
675 2484 702 2525 §.
722 2485 783 2514 ult.
793 2484 834 2523 J.
864 2483 985 2523 detege
1001 2481 1116 2522 Aquil.
1132 2480 1187 2514 ubi

150 2525 310 2559 direttam
335 2527 444 2559 vocari
461 2527 625 2560 astionem
652 2533 767 2560 monet
781 2549 792 2567 ‚
819 2527 841 2559 fi
858 2536 994 2568 corpore
1009 2526 1081 2569 quis
1099 2525 1186 2558 dam-

150 2582 231 2605 num
245 2569 370 2604 dederit
385 2592 396 2611 ,
422 2572 526 2605 veluti
543 2572 563 2605 fi
579 2572 650 2614 quis
666 2571 808 2604 alienum
826 2572 953 2604 servum
983 2571 1023 2604 de
1038 2579 1140 2614 ponte
1156 2571 1190 2602 in

152 2618 278 2651 flumen
293 2614 449 2654 dejecerit
466 2640 475 2655 ,
502 2618 533 2659 ᾇ
548 2617 574 2650 is
588 2616 758 2650 soffoeatus
772 2615 871 2649 fuerit
886 2639 896 2655 ,
915 2616 1031 2649 utilem
1047 2639 1058 2655 ,
1077 2616 1099 2649 fi
1115 2626 1189 2649 cor-

153 2661 227 2707 pori
253 2660 387 2703 quidem
406 2661 520 2695 datum
537 2662 577 2694 sit
591 2661 750 2694 damnum
765 2661 816 2694 sed
833 2672 898 2693 non
913 2671 1050 2703 corpore
1070 2673 1078 2694 2
1098 2662 1191 2694 velu-

152 2708 181 2741 ti
196 2707 217 2739 si
234 2707 306 2749 quis
320 2706 491 2739 hommem
507 2707 650 2740 alienum
669 2730 678 2746 ,
695 2714 750 2739 aut
766 2717 860 2749 pecus
879 2707 925 2739 ita
943 2706 1189 2740 incluserint,ut

152 2752 239 2786 fame
256 2761 428 2786 necaretur
441 2776 451 2791 ‚
477 2760 533 2785 aut
550 2750 736 2790 iumentum
750 2759 825 2784 tam
840 2751 1057 2785 vehementer
1070 2751 1187 2795 egerit,

155 2806 193 2831 ut
208 2805 413 2839 rumperetur
431 2810 441 2837 ‚-
457 2797 490 2830 in
511 2796 633 2831 fastum
648 2796 788 2839 denique
801 2820 810 2835 ‚
838 2797 859 2829 si
879 2807 937 2830 nec
952 2807 1089 2839 corpore
1105 2819 1115 2835 ‚
1131 2807 1190 2830 nec

155 2843 286 2883 corpori
314 2844 345 2875 &
371 2851 484 2876 tamen
510 2842 668 2875 damnum
681 2841 795 2875 datum
810 2842 849 2875 fit
865 2864 874 2881 ‚
901 2842 1004 2875 veluti
1020 2842 1041 2874 fi
1054 2841 1126 2885 quis
1141 2842 1190 2874 in-

155 2888 351 2928 tempestiva
366 2887 480 2922 duetus
494 2887 724 2921 misericordia
740 2887 867 2920 servum
899 2888 1044 2920 alienum
1059 2897 1192 2928 compe-

156 2933 265 2965 ditum
280 2933 414 2966 solverit
428 2955 439 2971 ‚
466 2940 501 2966 ut
518 2933 545 2966 is
558 2932 726 2975 aufugeret
740 2953 750 2970 ‚
777 2942 915 2974 quarum
943 2933 1000 2966 ista
1016 2932 1103 2966 actio
1117 2942 1190 2965 ver-

158 2979 209 3011 bis
224 2978 331 3015 legum
345 3001 355 3016 ‚
382 2978 438 3010 illa
454 2978 699 3019 interpretatori
717 2978 916 3020 prudentum
932 3002 942 3019 ,
970 2978 1037 3012 haec
1071 2980 1190 3010 fraeto·

158 3023 205 3056 ris
230 3022 445 3065 providentiae
469 3023 631 3066 originem
657 3022 773 3055 debere
799 3023 950 3056 videtur.

207 3069 228 3109 ζ
241 3067 294 3111 g)
319 3068 358 3101 1..
374 3069 449 3102 inde
463 3069 624 3104 Neratius
640 3070 672 3112 §·
696 3069 777 3103 hanc
788 3067 946 3102 amonem
962 3070 994 3102 8.
1016 3066 1058 3113 ff.
1074 3068 1117 3102 ad
1127 3069 1189 3111 leg.

2068 146 2216 193 utilem
2247 149 2278 193 fi

1232 224 1378 263 corpus
1403 208 1565 253 causam
1589 206 1759 259 damni,
1792 220 1877 248 non
1908 203 2110 266 damnum
2143 206 2295 261 ipsum..

1231 266 1458 310 obtulerit:
1492 281 1581 323 quae
1615 264 1854 321 plerumque
1903 260 2011 304 atho
2044 261 2088 306 in
2119 263 2277 311 saecum

1231 323 1485 380 appellatur.
1518 323 1606 368 Etsi
1640 338 1736 366 vero
1767 320 1875 369 afflo
1907 317 1992 363 haec
2026 333 2070 364 ut
2093 333 2186 374 pote
2214 322 2276 369 rei

1233 381 1501 436 persecutoria
1517 381 1565 423 ad
1591 380 1754 425 heredes
1770 377 1950 422 transeat—
1965 376 2008 421 δε
2025 375 2277 433 successores;

1230 439 1415 483 adversus
1430 438 1621 483 heredem
1641 450 1781 481 tamen
1802 434 1978 481 minime
1991 433 2156 495 dabitur
2171 467 2184 489 ,
2211 437 2282 481 ni-

1231 497 1256 539 si
1289 509 1487 552 quatenus
1520 495 1644 539 fuerit
1675 510 1725 538 ex
1751 492 1888 537 alieno
1908 492 2067 536 damno
2097 491 2283 548 locuple-

1230 555 1338 598 tior.
1391 556 1407 606 (
1433 570 1458 610 g
1485 556 1500 604 )
1556 551 1797 596 Multantur
1850 562 1987 594 autern
2031 550 2276 596 confitentes

1232 612 1273 655 in
1308 611 1529 666 simplum3
1564 610 1824 663 inficiantes,
1870 620 2038 664 propter
2070 608 2277 657 mendac-ii

1233 684 1426 725 poenam,
1459 668 1502 711 in
1533 667 1727 723 duplum.
1762 667 1850 719 (h)
1882 665 2117 710 Secundum
2150 679 2276 722 caput

1233 726 1396 783 Aquilae
1429 725 1530 782 legis
1559 725 1713 777 jamdiu
1748 722 1958 774 interdicit
1982 754 1991 764 .
2025 724 2168 782 quue
2189 724 2280 768 Cu-

1233 784 1358 835 jacius
1390 784 1464 837 [i]
1497 782 1836 838 comprehensam
1860 781 1968 826 fuisse
1996 793 2111 836 putat
2130 797 2281 839 quamv

1233 843 1335 886 libet
1376 841 1508 888 aliam
1546 842 1749 884 rationem
1779 839 1922 883 damni
1957 838 2075 892 dati,
2111 855 2195 883 non
2222 842 2275 883 ob

1234 916 1320 944 rem
1341 899 1517 943 nostram
1539 898 1671 941 laesam
1688 929 1702 951 ‚
1734 897 1796 941 sed
1822 898 1875 940 ob
1890 897 2158 941 commodum
2178 896 2282 942 alie-

1234 974 1285 1001 na
1316 967 1439 1013 opera
1472 956 1588 1000 nobis
1620 955 1856 1008 ademtum,
1890 953 2016 997 veluti
2038 952 2064 998 si
2086 953 2175 1010 quis
2191 954 2284 998 nul-

1234 1015 1273 1059 lo
1296 1014 1380 1067 jure
1409 1013 1611 1057 servitutis
1645 1012 1844 1068 impositae
1880 1011 2007 1054 vicini
2054 1010 2281 1056 luminibus

1232 1084 1376 1116 contra
1396 1071 1576 1115 formam
1608 1083 1796 1113 veterum
1823 1067 2088 1112 aedificiorum
2120 1068 2283 1113 offecis-

1234 1130 1313 1173 set:
1348 1145 1428 1185 quo
1461 1128 1632 1172 nomine
1662 1127 1881 1170 damnatus
1913 1125 1989 1169 fuit
2009 1142 2032 1169 a
2062 1125 2285 1182 Theophi-

1233 1186 1273 1230 lo
1306 1189 1559 1241 Imperatore
1593 1186 1813 1237 petronas,
1845 1195 1888 1227 ut
1910 1181 2031 1227 refert
2054 1184 2236 1228 Zonaras
2262 1200 2275 1241 ς

1231 1245 1322 1297 (k)
1364 1242 1428 1288 vel
1463 1242 1489 1286 fi
1522 1242 1612 1299 quis
1644 1242 1835 1300 imposito
1866 1241 2038 1285 aedificio
2071 1242 2200 1285 vicini
2234 1259 2279 1287 a-

1233 1317 1344 1345 ream
1390 1300 1584 1344 inutilem
1635 1299 1886 1344 reddidisset.
1920 1298 2042 1354 Quod
2075 1312 2197 1355 caput
2229 1299 2277 1344 in

1230 1358 1534 1402 desuetudinem
1576 1356 1712 1400 abiit.
1760 1357 1864 1408 (²⁴²⁴)
1906 1355 2106 1401 Tertium
2151 1370 2276 1411 caput

1231 1428 1477 1471 conceptum
1509 1427 1594 1459 erat
1625 1413 1671 1457 in
1703 1428 1798 1468 em,
1830 1412 2009 1468 quinon
2040 1413 2278 1461 occidissent

1233 1473 1422 1526 servum,
1466 1485 1537 1516 aut
1578 1470 1784 1528 gregalem
1826 1469 2127 1526 quadrupedem
2155 1502 2167 1524 ‚
2214 1470 2278 1515 sed

1231 1547 1353 1584 eum,
1384 1545 1530 1574 eamve
1561 1529 1702 1585 aliquo
1729 1527 1853 1571 modo
1886 1527 2092 1582 laefiffent‚
2125 1544 2275 1584 corpo-

1234 1589 1335 1631 risve
1369 1589 1606 1631 membrum
1637 1585 1804 1641 aliquod
1830 1585 2032 1638 ussissent‚
2064 1585 2278 1642 rupissent,

1233 1645 1479 1702 fregissent,
1522 1655 1591 1688 aut
1637 1642 1902 1697 accidissent,
1949 1641 2281 1689 vulnerassent've

1232 1718 1378 1747 canem
1427 1703 1472 1746 δί
1513 1701 1671 1745 animal
1720 1699 1867 1754 aliud,
1925 1700 2034 1756 quod
2079 1701 2282 1755 pecudum

1237 1775 1410 1805 numero
1443 1775 1528 1803 non
1560 1759 1642 1812 est,
1676 1758 1755 1802 five
1787 1758 1993 1812 gregatim
2028 1773 2111 1802 non
2145 1759 2284 1816 pasca-

1234 1817 1325 1872 εἴη,
1356 1817 1494 1861 aliave
1527 1816 1685 1861 ratione
1719 1831 1807 1860 rern
1837 1815 1963 1861 aliam
2009 1815 2242 1861 animatam
2263 1847 2279 1871 ‚

1234 1889 1303 1920 aut
1354 1875 1635 1919 inanimatam
1689 1873 1932 1919 deteriorem
1974 1873 2277 1933 reddidissent:

1235 1947 1278 1978 ut
1319 1931 1404 1985 ejus
1447 1932 1589 1981 damni
1634 1931 1805 1975 nomine
1850 1943 2102 1984 teneantur,
2133 1930 2282 1987 quanti

1236 2007 1294 2035 res
1337 2006 1383 2034 ea
1429 1990 1598 2046 plurimi
1641 1989 1773 2033 fuisset
1816 1988 1860 2032 in
1911 1989 2087 2045 triginta
2136 1988 2278 2032 diebus

1239 2047 1461 2105 proximis.
1495 2049 1571 2100 (l)
1599 2046 1684 2091 Hic
1714 2045 1829 2090 enim
1851 2045 1968 2090 aetio
1999 2060 2162 2100 annua,
2193 2062 2274 2102 qua

1770 2105 1812 2147 X
1828 2119 1853 2147 x
1918 2118 1940 2147 2
2178 2118 2270 2159 per⁴

1237 2178 1474 2189 ---.---ι
1587 2173 2272 2189 ,ῌ---ῄ--ῇ

1240 2213 1269 2243 A
1295 2209 1351 2240 uil.

1273 2221 1587 2294 quJLmenrrati.
1613 2251 1717 2284 C-eod
1744 2252 1789 2283 l.2
1821 2253 1850 2294 §.
1875 2261 1904 2283 r.
1932 2249 1970 2294 ff.
1989 2252 2058 2284 eod.

1280 2301 1299 2339 ζ
1312 2299 1325 2329 ι’
1338 2298 1358 2337 )
1382 2296 1497 2335 Cuiac.
1510 2304 1617 2339 parat.
1630 2293 1670 2339 ff.
1684 2297 1728 2329 ad
1741 2298 1804 2338 leg.
1828 2297 1944 2338 Aquit.

1279 2344 1331 2384 (k
1348 2346 1364 2380 )
1393 2344 1469 2374 Vide
1484 2343 1627 2384 exempla
1641 2339 1850 2382 apudeujzc.
1869 2349 1978 2383 parat.
1998 2344 2032 2373 C.
2054 2339 2124 2373 eod.
2256 2365 2258 2368 .

1281 2388 1356 2434 (Η)
1382 2392 1429 2421 De
1456 2386 1519 2420 hoc
1534 2397 1661 2430 quoque
1680 2387 1788 2428 capite
1803 2385 1957 2429 frequens
1982 2386 2023 2419 ab
2051 2382 2188 2418 eruditis
2208 2383 2277 2427 pot

1237 2434 1408 2471 Cuiacium
1461 2432 1593 2465 habitus
1632 2431 1676 2464 est
1716 2435 1853 2464 Senatus
1882 2453 1891 2462 .
1941 2430 2096 2465 Claudius
2150 2429 2275 2463 chifle-

1236 2480 1301 2512 tius
1339 2477 1433 2519 egisse
1464 2477 1504 2509 'id
1540 2476 1579 2510 de
1617 2476 1709 2509 servo
1747 2483 1905 2518 corrupto
1942 2476 2109 2518 putabat,
2147 2473 2285 2518 deinde-

1235 2535 1297 2567 que
1334 2522 1534 2562 exoleviffe,
1569 2521 1651 2564 quia
1687 2522 1794 2564 postea
1831 2524 1958 2554 Praetor
1994 2520 2033 2555 de
2074 2520 2166 2552 servo
2205 2530 2284 2553 cor-

1237 2576 1334 2612 rupto
1370 2567 1531 2610 singulare
1568 2566 1723 2600 Edistum
1761 2565 1966 2610 proposuerit
1989 2589 2001 2606 ‚
2054 2575 2157 2608 eoque
2194 2565 2282 2599 sem·

1238 2625 1294 2655 per
1330 2612 1468 2656 duplum
1507 2611 1693 2654 promiserit
1720 2635 1730 2651 ‚
1766 2622 1841 2644 cum
1879 2621 1951 2644 reus
1991 2620 2035 2644 ex
2074 2612 2143 2652 lege
2177 2610 2279 2653 Aqui-

1237 2659 1281 2692 lia
1306 2681 1318 2699 ‚
1360 2669 1427 2690 non
1477 2657 1535 2690 nisi
1591 2657 1741 2689 inficians
1797 2657 1833 2689 in
1870 2655 2008 2700 duplum
2045 2655 2285 2691 condemnare-

1236 2713 1291 2738 tur
1311 2727 1319 2736 .
1358 2707 1484 2737 Contra
1506 2701 1598 2746 ‘legis
1636 2702 1778 2744 Aquiliae
1804 2710 1901 2745 caput
1941 2700 2120 2735 secundum
2158 2699 2197 2733 de
2221 2699 2281 2733 de-

1242 2748 1335 2786 iestis
1380 2749 1409 2781 δε
1448 2748 1576 2781 effufius
1614 2748 1707 2791 egisse
1733 2747 1909 2793 contendit
1930 2758 1995 2781 van
2023 2745 2280 2787 Bynkersohoek

1242 2795 1376 2836 Obftrv.
1415 2792 1491 2827 libr.
1520 2796 1552 2825 1.
1591 2801 1659 2835 cap.
1694 2804 1742 2833 13.
1784 2792 1846 2827 Sed
1884 2794 1916 2826 ὃ(
1940 2792 1979 2826 de
2007 2793 2099 2825 servo
2124 2798 2283 2832 corrupto

1241 2841 1271 2872 δι
1294 2841 1333 2872 de
1357 2837 1492 2876 deiestis
1517 2839 1569 2872 vel
1595 2838 1702 2872 effusis
1727 2838 1779 2882 agi
1805 2846 1941 2882 poterat
1966 2849 2005 2871 ex
2033 2838 2116 2880 legis
2142 2835 2283 2877 Aquiliae

1241 2885 1349 2928 capite
1388 2885 1515 2921 tertio.
1558 2895 1624 2928 quo
1658 2884 1817 2918 damnum
1855 2884 1969 2916 datum
1995 2883 2028 2915 in
2054 2880 2207 2913 omnibus
2234 2889 2286 2912 re-

1243 2931 1302 2964 bus
1322 2953 1333 2970 ‚
1369 2940 1440 2973 quae
1478 2929 1594 2962 anima
1631 2938 1745 2963 carent
1778 2928 1997 2966 vindicatur,
2032 2936 2131 2968 quare
2159 2925 2285 2966 praestat

1240 2986 1315 3009 cum
1340 2978 1416 3009 Ger.
1444 2974 1570 3017 qudt.
1600 2976 1637 3008 de
1654 2974 1833 3017 Usufrufiu
1857 2973 2025 3016 capit-13.
2063 2969 2172 3013 palam
2195 2979 2271 3013 pro-

1242 3021 1328 3055 fiteri
1344 3042 1354 3059 ‚
1382 3021 1527 3064 ignorari
1554 3020 1624 3053 vim
1650 3021 1768 3061 capitis
1792 3018 1884 3052 tertii
1910 3016 1992 3060 legis
2019 3015 2182 3059 Aquiliae.

1285 3069 1306 3109 ζ
1320 3066 1366 3106 i)
1390 3066 1596 3108 ιβ’-[ἔγνω
1614 3076 1665 3107 ²7·
1680 3063 1719 3109 ff.
1740 3065 1782 3099 ad
1795 3067 1858 3107 leg.
1882 3061 2030 3106 Aquil.§
2050 3083 2058 3094 .
2071 3061 2206 3104 quim.
