2524 3479
134 109 209 161 65
525 104 648 156 DE
705 100 993 156 ORTU
1056 101 1184 154 ET

1252 105 1879 166 PROGRESSU

137 184 345 225 orationes
376 179 617 224 eruditiores
650 177 859 232 Principes
885 209 898 230 ,
943 175 1081 231 quales
1117 175 1206 238 fe0'
1227 179 1314 235 (g)
1362 183 1431 237 qui
1479 184 1633 236 majora
1664 186 1799 230 officia
1844 186 2092 245 majoresque
2134 187 2272 245 digni.

142 257 184 284 ie
217 242 338 296 usque
370 239 417 282 ad
453 236 675 280 Vitellium
704 235 813 278 fuere
839 266 851 287 ‚
899 249 969 287 per
990 233 1063 277 sese
1079 249 1176 278 reei-

142 300 307 342 tabant:
346 298 410 350 (α)
430 296 608 340 rudiores
640 309 735 336 vero
763 307 832 348 per
859 291 1092 348 quaestores.

292 414 334 457 C
394 413 433 456 A
497 411 526 454 P
587 409 631 452 U
692 409 735 449 T
855 406 1023 451 CXVI.

476 498 543 541 De
575 492 863 550 Qaestoribus.

259 585 461 630 Uoestorcs
502 578 598 626 diffl
632 599 653 625 a
685 579 899 636 quaerenda
921 611 933 633 ‚
983 578 1053 623 vel
1085 591 1180 623 con-

288 641 484 700 quirenda
513 640 684 691 pecunia
713 637 871 692 publica
889 668 900 689 ‚
931 638 974 680 ὃς
999 637 1043 680 in
1065 637 1185 679 ratio-

302 715 371 743 nes
396 696 637 753 redigenda:
661 694 769 752 quod
788 710 938 737 munus
960 694 1036 738 fuit
1064 696 1183 749 Quae-

149 760 302 802 s’torum
330 756 490 807 aerarii,
523 754 568 796 ad
595 769 694 810 quos
726 752 854 794 a‘rarii
883 753 1060 795 custodia
1099 767 1186 806 per-

149 816 308 859 tinebat
331 833 339 856 τ
362 814 538 868 ἀὶὲὶίᾳυε
563 811 650 855 sunt
671 810 893 865 Quaestores
915 810 1084 859 urbani,
1103 809 1184 851 ori-

143 875 239 928 gine
267 871 570 928 antiquissima:
601 883 724 925 quam
753 867 815 909 vel
846 867 893 908 ab
920 867 1002 914 ipso
1028 870 1186 910 Romu-

146 929 212 985 lo,
235 932 279 975 &
300 932 470 980 Numa3
496 927 558 969 vel
588 938 696 969 certe
729 923 893 967 aTullo
913 924 1091 968 Hostilio
1121 924 1187 966 de-

145 989 289 1032 ducere
317 988 434 1030 licet.
459 986 540 1027 Sub
575 981 894 1037 Imperatoribus
939 994 1074 1025 autem
1104 980 1188 1024 fue-

144 1061 241 1088 runt
274 1045 498 1100 Quaestores
529 1073 541 1094 ,
591 1054 691 1095 quos
724 1037 959 1081 candidatos
1005 1039 1186 1096 appella—

147 1104 246 1146 bant
273 1134 284 1156 ,
326 1100 431 1157 quod
473 1099 503 1141 is
535 1098 692 1154 primus
731 1094 824 1139 esset
862 1097 992 1139 aditus
1034 1099 1082 1140 ad
1117 1096 1189 1139 ho-

143 1175 262 1203 nores
288 1191 300 1212 ,
345 1158 515 1211 indeque
548 1155 596 1197 ad
630 1155 850 1215 Praeturam
885 1154 1189 1199 ascenderetur.

142 1218 286 1273 Hique
309 1215 398 1259 loco
426 1212 657 1269 Principis,
688 1225 799 1262 cujus
837 1212 879 1253 in
907 1211 1054 1256 intima
1093 1228 1187 1257 con-

145 1276 230 1319 filia
265 1273 518 1316 vocabantur
539 1301 551 1323 ,
587 1271 632 1312 in
657 1269 810 1311 Senatu
844 1267 1012 1313 aderant
1048 1302 1058 1321 ,
1092 1272 1189 1323 (b)

145 1333 171 1375 si
201 1332 392 1385 Princeps
424 1327 488 1371 vel
523 1325 725 1382 refugeret
752 1325 932 1367 laborem
955 1358 966 1376 ‚
1002 1329 1081 1378 (c)
1124 1326 1190 1370 vel

139 1389 264 1432 adeffe
294 1386 507 1442 nequiret.
540 1385 605 1436 (d)
640 1383 854 1439 Iidemque
877 1381 1065 1437 libellos,
1107 1385 1190 1439 epi-

141 1446 285 1497 stolas,
317 1444 361 1487 &
396 1442 603 1484 orationes
638 1440 837 1495 Principis
871 1440 915 1483 in
946 1441 1099 1485 Senatu
1133 1443 1189 1486 le-

152 1505 303 1559 gebant
328 1533 340 1554 ‚
372 1500 416 1543 &
455 1498 646 1553 rescripta
667 1497 899 1541 dietabant.

295 1588 336 1630 C
398 1588 436 1629 A
498 1585 527 1627 P
589 1586 632 1626 U
693 1585 737 1625 T
854 1584 1046 1627 CXVII.

389 1645 455 1688 De
473 1639 669 1698 Nlagzstro
693 1643 738 1697 Os
763 1641 921 1683 reiorum
937 1673 947 1683 .

287 1729 374 1774 Uic
397 1732 402 1738 ¹
427 1729 561 1773 aderat
595 1742 731 1772 comes
776 1727 974 1783 Magister
1040 1728 1194 1773 officio-

303 1803 420 1841 rum,
452 1786 518 1830 cui
560 1783 794 1829 concredita
825 1798 910 1827 erat
947 1801 1110 1829 morum
1137 1786 1193 1828 di-

155 1847 352 1898 sciplina,
385 1860 464 1901 qua
504 1842 702 1898 palatium
726 1841 924 1897 Principis
954 1844 1191 1897 regebatur:

148 1903 255 1948 unde
289 1918 372 1946 non
416 1900 687 1943 mandabatur
721 1931 734 1954 ,
782 1899 855 1942 nifi
901 1899 1154 1957 Philosopho
1180 1933 1192 1953 ,

148 1962 212 2005 vel
241 1956 560 2014 jurisconsulto.
594 1959 653 2010 (e)

278 2076 320 2118 C
383 2075 419 2116 A
482 2073 514 2116 P
575 2074 619 2115 U
680 2072 723 2113 T
841 2071 1060 2116 CXVIII.

249 2162 317 2206 De
352 2160 509 2213 Maiori
537 2192 549 2214 ,
577 2157 634 2202 (9‘
658 2157 818 2200 Minori
848 2158 1076 2201 Later-culo.

226 2248 400 2289 rUram
449 2258 588 2289 autem
631 2244 812 2298 Quaestor
851 2242 1013 2298 gerebat
1058 2245 1194 2288 mino-

291 2301 345 2346 ris
387 2301 589 2346 Laterculi
617 2332 629 2354 ,
674 2301 752 2344 five
778 2300 927 2344 codicis
952 2331 964 2354 ‚
997 2302 1014 2353 (
1042 2303 1061 2324 '⁶
1090 2304 1106 2353 )
1151 2304 1193 2352 i‚n

157 2375 241 2416 quo
283 2359 451 2404 minora
490 2357 622 2403 officia
664 2357 986 2401 describebantur
1018 2389 1031 2410 ,
1075 2375 1194 2403 nem-

155 2432 205 2472 pe
237 2417 492 2469 tribunatus,
524 2417 567 2460 &
599 2414 842 2470 praefee'turae
865 2430 1011 2458 omnes
1038 2448 1050 2469 ‚
1097 2433 1194 2474 quas

157 2474 340 2528 Quaestor
362 2507 375 2528 ,
418 2475 658 2518 au&oritate
693 2472 891 2527 Principis
927 2505 939 2526 ,
984 2472 1191 2519 distribue-

157 2531 226 2575 bat
252 2564 262 2574 .
293 2531 392 2586 (f)
440 2530 579 2584 Majus
611 2531 877 2575 Laterculum
906 2529 1031 2574 codex
1067 2546 1154 2576 erat
1181 2565 1193 2588 ‚

152 2661 262 2672 ——-

198 2690 260 2730 (a)
307 2691 416 2724 Aurei.
436 2692 559 2726 Vistor.
578 2694 613 2725 in
631 2694 742 2724 Vitell-

198 2734 258 2774 (ὁ)
309 2736 342 2766 L.
364 2734 439 2777 ¹‘ff
457 2737 494 2768 de
507 2735 590 2779 offic.
609 2735 724 2778 2¹⁴aess-

199 2779 255 2820 (ε)
303 2780 340 2810 L.
357 2782 419 2811 ult.
440 2783 474 2812 C.
496 2782 533 2813 de
547 2782 662 2819 divers
682 2780 832 2822 rescript.

203 2825 266 2864 (d)
315 2825 404 2857 Briff.
432 2827 591 2868 antiquit.
608 2825 699 2857 liba.
720 2837 744 2858 e.
766 2837 815 2866 ¹7·

205 2869 256 2910 (e)
302 2869 441 2903 Guther.
457 2871 494 2902 de
508 2869 591 2912 offic.
608 2873 704 2902 Dom-
728 2874 816 2913 Aug.
833 2877 958 2911 cap-20.
974 2870 1072 2906 liba.

207 2914 267 2954 (⁴)
313 2915 379 2956 Qui
408 2914 450 2947 fic
476 2914 582 2948 distus
608 2926 625 2947 a
645 2913 774 2954 forma,
800 2925 866 2958 quo
879 2916 1015 2949 laterem
1031 2940 1042 2955 ‚
1068 2918 1132 2951 five
1150 2918 1188 2951 la-

166 2957 276 3002 pidem
303 2959 433 2993 coetum
463 2959 656 2994 imitabatur
679 2982 689 2998 ‚
729 2970 795 3003 quo
820 2960 972 3002 exemplo
998 2962 1194 3005 quadratum

165 3003 306 3047 quodvis
331 3004 371 3036 ad
399 3005 542 3048 aliquam
569 3005 743 3047 exsurgens
758 3005 970 3038 latitudinem
999 3008 1194 3042 laterculum

169 3049 360 3082 dicebatur.
390 3051 514 3083 Eodem
543 3051 700 3093 exemplo
731 3051 775 3083 rei
805 3051 960 3083 militaris
985 3052 1195 3093 scriptoribus

165 3104 282 3136 agmen
307 3093 503 3136 quadratum
531 3097 733 3135 [Bataillon
760 3096 898 3139 quarn)
923 3095 1120 3130 laterculum
1145 3099 1193 3131 di·

165 3139 262 3174 citur.
289 3137 705 3182 Modestinusint.32.1>.
732 3152 769 3173 ex
793 3139 909 3184 quihus
933 3140 1033 3185 caufis
1047 3143 1194 3186 majores,

1225 1403 1478 1433 mentorum
1521 1424 1531 1443 ‚
1587 1406 1635 1433 ne
1686 1392 1804 1436 aliter
1848 1423 1859 1443 ,

1229 247 1329 280 tates
1364 241 1602 303 continebat
1638 275 1648 285 .
1697 246 1815 288 Nero
1847 258 1983 289 autem
2031 263 2115 290 non
2146 247 2271 289 modo

1231 295 1504 359 Qujaestoribus
1537 331 1549 353 ,
1591 316 1737 345 verum
1775 303 1902 346 etiam
1934 304 2186 348 Consulibus
2229 320 2274 346 o-

1233 364 1410 414 rationes
1453 358 1536 399 luas
1585 358 1809 403 recitandas
1843 362 2061 404 mandabat
2090 379 2099 403 t
2149 364 2166 413 (
2200 361 2224 403 h
2256 361 2273 411 )

1235 409 1458 459 cuiusmodi
1516 416 1720 461 orationes
1773 418 1900 477 libelli
1957 434 2118 476 quoque
2163 418 2271 461 dice-

1235 466 1423 532 banfu‘.·
1485 472 1740 528 Exemplum
1801 491 1943 520 earum
1990 477 2187 520 habemus
2233 475 2277 517 in

1234 539 1283 566 aes
1315 526 1487 571 incisum
1515 560 1528 583 ,
1572 532 1704 586 qualis
1736 533 1788 576 est
1835 532 1910 576 illa
1942 534 2106 578 Claudii
2140 532 2275 576 oratio

1234 582 1280 625 de
1314 581 1532 639 supplendo
1565 589 1716 633 Senatu
1747 606 1794 634 ei<
1828 590 2064 635 nationibus
2091 591 2242 634 exteris
2263 620 2276 643 ,

1232 651 1323 696 pag.
1362 654 1454 696 502.
1499 645 1797 701 inscriptionum
1833 679 1840 689 .
1878 649 2039 692 Edem
2072 649 2277 692 orationes

1236 699 1283 761 ad
1315 698 1353 740 S.
1381 701 1432 743 C.
1460 703 1717 747 condendum
1751 704 1937 757 dire&ae‚
1969 705 2136 748 condito
2169 705 2277 746 S.C.

1237 771 1324 798 Vim
1371 756 1469 813 legis
1513 759 1752 804 habebant:
1813 775 1854 804 ut
1889 762 1981 806 inde
2021 794 2033 814 ,
2079 775 2280 817 tanquam

1237 829 1285 856 ex
1320 829 1458 860 mente
1501 820 1537 860 S.
1571 819 1623 860 C.
1669 818 1736 862 ubi
1769 820 1862 862 esset
1894 819 2110 862 obscurum
2150 851 2162 870 ‚
2210 833 2284 861 ex-

1239 871 1455 936 plicaretur
1491 892 1499 917 :
1545 874 1653 931 quod
1691 875 1850 920 faciunt
1883 875 2119 932 frequenter
2151 874 2278 926 juris-

1241 932 1397 984 periti.
1444 933 1508 975 Ex
1555 933 1633 976 hoc
1680 949 1826 990 genere
1894 933 1965 977 illa
2009 934 2063 978 est
2106 931 2277 988 Augusti

1237 988 1369 1031 oratio
1398 1020 1411 1040 ‚
1443 1005 1521 1044 qua
1555 990 1668 1033 suasit
1706 991 1839 1046 legem
1874 992 2042 1047 Papiam
2076 1023 2086 1042 ‚
2119 991 2281 1045 aliaque

1242 1045 1337 1087 Divi
1376 1047 1508 1088 Marci
1561 1047 1607 1090 de
1651 1048 1915 1102 prohibendis
1974 1049 2128 1104 nuptiis
2173 1048 2281 1089 inter

1238 1102 1444 1145 Senatoris
1477 1103 1610 1147 filium
1639 1136 1649 1155 ‚
1698 1105 1742 1148 δι
1776 1105 2009 1147 libertinam
2033 1138 2044 1159 ,
2079 1106 2121 1147 in
2159 1117 2284 1160 quam

1246 1159 1402 1203 Paullus
1436 1159 1588 1204 librum
1626 1161 1773 1215 scripsit
1806 1162 2052 1217 singularem
2086 1164 2103 1213 (
2136 1163 2151 1202 i
2184 1164 2198 1211 )
2243 1161 2289 1202 1-

1242 1230 1324 1261 tem
1358 1217 1437 1260 alia
1484 1218 1660 1270 ejusdem
1694 1220 1740 1263 de
1774 1218 1887 1263 feriis
1916 1252 1928 1273 ‚
1971 1220 2015 1263 ἃ
2046 1219 2192 1275 quibus
2238 1217 2286 1261 de

1242 1276 1356 1318 rebus
1390 1277 1540 1318 Praetor
1591 1277 1690 1319 adiri
1742 1279 1857 1329 poffit
1900 1278 2037 1321 diebus
2092 1275 2244 1320 feriatis
2271 1305 2285 1328 ,

1243 1332 1305 1376 vel
1340 1348 1423 1375 non
1451 1349 1460 1375 z
1495 1336 1512 1385 (
1543 1336 1568 1377 k
1601 1336 1618 1386 )
1649 1335 1690 1375 ὅ(
1725 1334 1794 1377 illa
1825 1335 1871 1378 de
1906 1334 2176 1378 transaffione
2210 1332 2286 1375 ali-

1914 1408 2037 1448 quam
2100 1389 2287 1434 Praetoris

1242 1448 1481 1490 auff‘toritate
1515 1453 1531 1496 s
1563 1449 1575 1489 l
1608 1450 1624 1498 >
1667 1460 1751 1492 rata
1783 1447 1874 1492 esset
1907 1482 1914 1492 .
1976 1451 2165 1504 Itemque
2214 1447 2286 1490 illa

1243 1505 1378 1548 Severi
1422 1506 1469 1547 de
1502 1506 1658 1560 praediis
1706 1507 1860 1550 rusticis
1902 1539 1913 1559 ‚
1963 1507 2006 1549 δε
2051 1504 2287 1548 suburbanis

1246 1561 1418 1604 minime
1462 1563 1727 1606 distrahendis
1760 1580 1781 1606 a
1825 1564 2028 1607 tutoribus
2053 1595 2065 1616 ‚
2115 1575 2185 1605 aut
2218 1577 2288 1604 cu·

1246 1620 1445 1662 ratoribus
1473 1651 1484 1672 ‚
1542 1621 1614 1662 nifi
1646 1637 1696 1664 ex
1731 1634 1932 1676 praecepto
1991 1633 2209 1675 parentum
2242 1618 2288 1662 in

1246 1677 1516 1730 testamento,
1560 1680 1576 1730 (
1610 1694 1646 1719 m
1681 1680 1696 1729 )
1742 1678 1806 1721 vel
1841 1677 2041 1721 codicillis
2071 1695 2079 1719 :
2127 1676 2287 1732 aliaque

1247 1734 1454 1778 Antonini
1505 1734 1551 1778 de
1596 1736 1890 1778 donationibus
1940 1735 2049 1778 inter
2100 1734 2234 1778 virum
2271 1764 2286 1788 ‚

1243 1793 1285 1835 ἃ
1319 1807 1515 1835 uxorem.
1547 1794 1648 1843 (n)
1681 1794 1759 1836 His
1792 1793 2047 1836 orationibus
2094 1792 2287 1845 Princeps

1245 1849 1356 1893 viam
1393 1850 1576 1904 potestati
1612 1850 1685 1893 suae
1721 1850 1821 1893 adeo
1856 1850 2077 1904 patefecit,
2125 1862 2168 1892 ut
2201 1848 2286 1899 ejus

1245 1906 1435 1950 voluntas
1481 1920 1602 1961 Drope
1658 1907 1861 1950 transierit
1918 1908 1962 1951 in
2006 1906 2139 1963 legem
2176 1938 2189 1959 ,
2243 1920 2286 1948 e·

1243 1964 1377 2020 jusque
1419 1963 1537 2015 jussus
1570 1965 1625 2008 ita
1656 1964 1862 2020 expositus
1906 1966 2181 2008 necessitatem
2225 1973 2287 2004 at·-

1244 2022 1382 2065 tulerit
1428 2021 1640 2076 parendi,
1687 2035 1882 2079 tanquam
1931 2038 1979 2065 ex
2013 2023 2051 2065 S.
2085 2023 2139 2064 C.
2186 2021 2287 2070 Quae

1248 2079 1444 2133 Principis
1483 2078 1578 2131 jussa
1618 2079 1708 2123 sunt
1753 2079 2059 2123 constitutiones
2103 2076 2288 2132 appella-

1245 2150 1314 2188 ta,
1347 2152 1472 2192 eaque
1514 2137 1562 2180 ad
1593 2137 1677 2181 haec
1716 2137 1794 2180 tria
1828 2137 1985 2180 summa
2028 2151 2176 2191 genera
2221 2149 2284 2177 re-

1243 2194 1429 2238 feruntur
1454 2226 1463 2236 .
1494 2196 1510 2246 (
1543 2212 1562 2237 o
1593 2196 1611 2247 )
1659 2194 1803 2238 Εεὶίξὶει
1838 2210 1986 2250 nempe
2027 2226 2039 2247 ,
2086 2193 2244 2236 decreta
2270 2221 2284 2245 ,

1245 2251 1432 2306 rescripta
1472 2267 1481 2292 :
1538 2267 1626 2307 quae
1668 2251 1737 2295 alii
1791 2251 1976 2296 subtilius
2026 2250 2287 2304 distinguunt

1243 2309 1286 2352 in
1331 2309 1602 2364 pragmaticas
1647 2308 1834 2360 jussiones
1857 2341 1869 2362 ‚
1901 2309 2032 2351 edieta
2066 2338 2077 2360 ‚
2111 2304 2285 2368 manda-

1243 2378 1283 2409 ta
1309 2397 1321 2419 ‚
1365 2365 1525 2409 decreta
1555 2397 1567 2419 ‚
1610 2365 1797 2419 epistolas
1821 2395 1834 2418 ,
1882 2365 2076 2419 rescripta
2109 2395 2120 2416 ,
2155 2375 2283 2405 inter-

1244 2422 1488 2479 pretationes
1514 2455 1527 2477 ‚
1585 2421 1929 2466 interlocutiones
1968 2454 1980 2476 ,
2026 2421 2223 2465 beneficia
2266 2450 2280 2473 ‚

1242 2481 1285 2525 8(
1315 2495 1403 2537 quae
1433 2479 1612 2536 generali
1662 2480 1789 2524 etiam
1823 2478 2173 2525 constitutionum
2204 2493 2280 2521 no·

1243 2537 1357 2582 mine
1397 2539 1599 2593 veniunt,
1630 2538 1864 2582 orationes.
2113 2593 2207 2638 CA

1818 2668 1947 2681 '—-·
1955 2664 2286 2686 —ss-

1243 2699 1329 2733 hune
1342 2697 1489 2731 codicem
1504 2699 1784 2732 commentarium
1808 2699 1968 2743 principis
1983 2697 2141 2742 appellat.

1287 2743 1345 2785 (f)
1382 2743 1427 2772 'L
1440 2752 1463 2774 1.
1483 2747 1517 2776 C.
1533 2745 1571 2776 de
1583 2742 1664 2785 effic.
1681 2742 1784 2787 quaefl.

1287 2789 1347 2831 (g)
1395 2790 1469 2820 1..2.
1490 2792 1524 2820 C.
1540 2790 1645 2820 eodem
1661 2793 1743 2822 Tac.
1759 2792 1839 2822 l.16.
1854 2799 1934 2821 ann.
2066 2821 2069 2826 ,

1289 2835 1347 2875 (h)
1394 2833 1532 2866 Guther.
1547 2834 1586 2866 de
1612 2832 1694 2875 offic.
1710 2835 1791 2865 dom.
1815 2837 1901 2876 Aug.
1917 2835 1977 2866 La.
1993 2842 2018 2866 c.
2046 2833 2096 2866 18.

1287 2878 1340 2920 (ι’)
1387 2876 1425 2911 L.
1440 2878 1584 2910 oratione
1595 2876 1634 2921 ff
1651 2879 1690 2910 de
1702 2879 1760 2911 rit.
1785 2886 1879 2919 nupt.

1287 2924 1350 2965 (k)
1397 2924 1434 2956 1..
1455 2933 1481 2955 1.
1497 2921 1534 2966 ff
1551 2923 1589 2955 de
1603 2923 1696 2963 feriis
1709 2945 1718 2954 .

1286 2969 1341 3009 (Ι)
1387 2971 1424 3001 Ι.-
1442 2980 1511 3002 cum
1527 2969 1553 2999 ia·
1564 2965 1603 3010 ff]
1620 2968 1658 3000 de
1672 2966 1827 3008 εγω-[αθ.

1287 3013 1358 3055 (m)
1406 3017 1444 3046 L.
1464 3025 1492 3046 1.
1508 3011 1546 3057 ff
1563 3014 1601 3045 de
1616 3012 1678 3045 reb.
1695 3022 1800 3046 eon-»m
1814 3032 1825 3041 -

1285 3059 1347 3100 (η)
1397 3058 1532 3091 Briffon.
1545 3059 1649 3101 antiq.
1666 3059 1719 3091 Lx.
1740 3059 1843 3097 ηυρλ.

1289 3108 1342 3149 (ο)
1389 3106 1579 3140 enarrator.
1598 3104 1641 3138 ad
1659 3101 1735 3142 cuj.
1749 3101 1790 3148 ff.
1805 3103 1844 3137 de
1860 3100 1962 3145 Confi.
1976 3107 2024 3147 pr.
2042 3104 2078 3138 r‘n
2088 3107 2160 3146 par.

1242 2669 1352 2679 -——-

2514 1672 2524 2285 ᾼἿΓ-ἏἪ,
2519 1555 2524 1669 -.ᾖ-
2520 1511 2524 1528 -
2522 1437 2524 1456 ι
2522 1399 2524 1421 t-
2522 1367 2524 1372 Δ

2516 2375 2521 2414 3

2516 2422 2521 2432 η

2519 2451 2521 2463 1
