<?xml version="1.0" encoding="UTF-8"?>
<!DOCTYPE html PUBLIC "-//W3C//DTD XHTML 1.0 Transitional//EN"
    "http://www.w3.org/TR/xhtml1/DTD/xhtml1-transitional.dtd">
<html xmlns="http://www.w3.org/1999/xhtml" xml:lang="en" lang="en">
 <head>
  <title>
</title>
<meta http-equiv="Content-Type" content="text/html;charset=utf-8" />
  <meta name='ocr-system' content='tesseract 3.04.00' />
  <meta name='ocr-capabilities' content='ocr_page ocr_carea ocr_par ocr_line ocrx_word'/>
</head>
<body>
  <div class='ocr_page' id='page_1' title='image "./janivincentiigra01gravuoft_0448.png"; bbox 0 0 2596 3479; ppageno 0'>
   <div class='ocr_carea' id='block_1_1' title="bbox 294 95 399 152">
    <p class='ocr_par' dir='ltr' id='par_1_1' title="bbox 294 95 399 152">
     <span class='ocr_line' id='line_1_1' title="bbox 294 95 399 152; baseline -0.029 0"><span class='ocrx_word' id='word_1_1' title='bbox 294 95 399 152; x_wconf 53' lang='lat' dir='ltr'>3m</span> 
     </span>
    </p>
   </div>
   <div class='ocr_carea' id='block_1_2' title="bbox 950 63 1683 134">
    <p class='ocr_par' dir='ltr' id='par_1_2' title="bbox 950 63 1683 134">
     <span class='ocr_line' id='line_1_2' title="bbox 950 63 1683 134; baseline -0.004 -10"><span class='ocrx_word' id='word_1_2' title='bbox 950 63 1683 134; x_wconf 80' lang='lat' dir='ltr'>DELEGIUS,</span> 
     </span>
    </p>
   </div>
   <div class='ocr_carea' id='block_1_3' title="bbox 269 139 2411 268">
    <p class='ocr_par' dir='ltr' id='par_1_3' title="bbox 269 139 2411 268">
     <span class='ocr_line' id='line_1_3' title="bbox 269 139 2408 210; baseline -0.006 -9"><span class='ocrx_word' id='word_1_3' title='bbox 269 159 385 202; x_wconf 84' lang='lat' dir='ltr'>minc</span> <span class='ocrx_word' id='word_1_4' title='bbox 406 149 859 210; x_wconf 79' lang='lat' dir='ltr'>comprehendebantur</span> <span class='ocrx_word' id='word_1_5' title='bbox 890 146 1070 202; x_wconf 89' lang='lat' dir='ltr'>quinque</span> <span class='ocrx_word' id='word_1_6' title='bbox 1092 142 1161 186; x_wconf 91' lang='lat' dir='ltr'>ista</span> <span class='ocrx_word' id='word_1_7' title='bbox 1189 154 1320 186; x_wconf 82' lang='lat' dir='ltr'>certa·</span> <span class='ocrx_word' id='word_1_8' title='bbox 1376 140 1423 183; x_wconf 90' lang='lat' dir='ltr'>in</span> <span class='ocrx_word' id='word_1_9' title='bbox 1456 140 1609 197; x_wconf 82' lang='lat' dir='ltr'>legibus</span> <span class='ocrx_word' id='word_1_10' title='bbox 1651 141 1756 185; x_wconf 87' lang='lat' dir='ltr'><strong>XII.</strong></span> <span class='ocrx_word' id='word_1_11' title='bbox 1794 139 1918 186; x_wconf 84' lang='lat' dir='ltr'>tabul.</span> <span class='ocrx_word' id='word_1_12' title='bbox 1962 141 2068 187; x_wconf 86' lang='lat' dir='ltr'>unde</span> <span class='ocrx_word' id='word_1_13' title='bbox 2109 142 2215 188; x_wconf 68' lang='lat' dir='ltr'>astio</span> <span class='ocrx_word' id='word_1_14' title='bbox 2256 143 2408 189; x_wconf 83' lang='lat' dir='ltr'>furtiva</span> 
     </span>
     <span class='ocr_line' id='line_1_4' title="bbox 276 198 2411 268; baseline -0.007 -10"><span class='ocrx_word' id='word_1_15' title='bbox 276 216 421 268; x_wconf 83' lang='lat' dir='ltr'>mina,</span> <span class='ocrx_word' id='word_1_16' title='bbox 467 214 509 257; x_wconf 88' lang='lat'>&amp;</span> <span class='ocrx_word' id='word_1_17' title='bbox 557 209 772 256; x_wconf 82' lang='lat' dir='ltr'>concursus</span> <span class='ocrx_word' id='word_1_18' title='bbox 802 219 945 249; x_wconf 88' lang='lat' dir='ltr'>eorum</span> <span class='ocrx_word' id='word_1_19' title='bbox 990 201 1108 245; x_wconf 79' lang='lat' dir='ltr'>simul</span> <span class='ocrx_word' id='word_1_20' title='bbox 1139 199 1318 255; x_wconf 88' lang='lat' dir='ltr'>appella·</span> <span class='ocrx_word' id='word_1_21' title='bbox 1376 199 1671 253; x_wconf 85' lang='lat' dir='ltr'>proficiscitur.</span> <span class='ocrx_word' id='word_1_22' title='bbox 1705 199 1770 243; x_wconf 82' lang='lat' dir='ltr'>Ex</span> <span class='ocrx_word' id='word_1_23' title='bbox 1792 198 1947 256; x_wconf 85' lang='lat' dir='ltr'>legibus</span> <span class='ocrx_word' id='word_1_24' title='bbox 1978 213 2118 245; x_wconf 87' lang='lat' dir='ltr'>autem</span> <span class='ocrx_word' id='word_1_25' title='bbox 2149 201 2239 246; x_wconf 90' lang='lat' dir='ltr'>aliis</span> <span class='ocrx_word' id='word_1_26' title='bbox 2256 219 2304 248; x_wconf 93' lang='lat' dir='ltr'>eo</span> <span class='ocrx_word' id='word_1_27' title='bbox 2325 202 2411 256; x_wconf 87' lang='lat' dir='ltr'>spe-</span> 
     </span>
    </p>
   </div>
   <div class='ocr_carea' id='block_1_4' title="bbox 278 258 1273 322">
    <p class='ocr_par' dir='ltr' id='par_1_4' title="bbox 278 258 1273 322">
     <span class='ocr_line' id='line_1_5' title="bbox 278 258 1273 322; baseline -0.016 -7"><span class='ocrx_word' id='word_1_28' title='bbox 278 273 397 316; x_wconf 87' lang='lat' dir='ltr'>batur</span> <span class='ocrx_word' id='word_1_29' title='bbox 467 269 730 322; x_wconf 54' lang='grc' dir='ltr'><em>ταᾎιμαχων,</em></span> <span class='ocrx_word' id='word_1_30' title='bbox 782 276 828 307; x_wconf 90' lang='lat' dir='ltr'>ut</span> <span class='ocrx_word' id='word_1_31' title='bbox 884 260 1024 304; x_wconf 83' lang='lat' dir='ltr'>scribit</span> <span class='ocrx_word' id='word_1_32' title='bbox 1079 258 1273 313; x_wconf 84' lang='lat' dir='ltr'>Hyginus</span> 
     </span>
    </p>
   </div>
   <div class='ocr_carea' id='block_1_5' title="bbox 1308 255 2412 324">
    <p class='ocr_par' dir='ltr' id='par_1_5' title="bbox 1308 255 2412 324">
     <span class='ocr_line' id='line_1_6' title="bbox 1308 255 2412 324; baseline 0.002 -24"><span class='ocrx_word' id='word_1_33' title='bbox 1308 289 1318 300; x_wconf 91' lang='lat'><strong>.</strong></span> <span class='ocrx_word' id='word_1_34' title='bbox 1346 288 1348 298; x_wconf 70' lang='grc'>,</span> <span class='ocrx_word' id='word_1_35' title='bbox 1372 255 1576 301; x_wconf 68' lang='lat' dir='ltr'>&amp;antibus</span> <span class='ocrx_word' id='word_1_36' title='bbox 1619 271 1942 301; x_wconf 89' lang='lat' dir='ltr'>monumentum</span> <span class='ocrx_word' id='word_1_37' title='bbox 1976 257 2144 324; x_wconf 78' lang='lat' dir='ltr'>superest</span> <span class='ocrx_word' id='word_1_38' title='bbox 2177 259 2278 317; x_wconf 87' lang='lat' dir='ltr'>legis</span> <span class='ocrx_word' id='word_1_39' title='bbox 2315 261 2412 303; x_wconf 83' lang='lat' dir='ltr'>Ho-</span> 
     </span>
    </p>
   </div>
   <div class='ocr_carea' id='block_1_6' title="bbox 277 312 2412 436">
    <p class='ocr_par' dir='ltr' id='par_1_6' title="bbox 277 312 2412 436">
     <span class='ocr_line' id='line_1_7' title="bbox 281 312 2412 382; baseline -0.011 -8"><span class='ocrx_word' id='word_1_40' title='bbox 281 332 369 382; x_wconf 87' lang='lat' dir='ltr'>(a)</span> <span class='ocrx_word' id='word_1_41' title='bbox 403 329 549 372; x_wconf 78' lang='lat' dir='ltr'>Praeter</span> <span class='ocrx_word' id='word_1_42' title='bbox 591 326 663 374; x_wconf 78' lang='lat' dir='ltr'>hos</span> <span class='ocrx_word' id='word_1_43' title='bbox 694 334 830 365; x_wconf 86' lang='lat' dir='ltr'>autem</span> <span class='ocrx_word' id='word_1_44' title='bbox 867 319 949 361; x_wconf 86' lang='lat' dir='ltr'>ludi</span> <span class='ocrx_word' id='word_1_45' title='bbox 981 331 1126 360; x_wconf 81' lang='lat' dir='ltr'>omnes</span> <span class='ocrx_word' id='word_1_46' title='bbox 1173 327 1318 359; x_wconf 89' lang='lat' dir='ltr'>vetan-</span> <span class='ocrx_word' id='word_1_47' title='bbox 1371 313 1511 368; x_wconf 83' lang='lat' dir='ltr'>stiliae,</span> <span class='ocrx_word' id='word_1_48' title='bbox 1545 312 1656 365; x_wconf 83' lang='lat' dir='ltr'>cujus</span> <span class='ocrx_word' id='word_1_49' title='bbox 1687 327 1844 358; x_wconf 87' lang='lat' dir='ltr'>certum</span> <span class='ocrx_word' id='word_1_50' title='bbox 1871 326 2030 371; x_wconf 85' lang='lat' dir='ltr'>tempus</span> <span class='ocrx_word' id='word_1_51' title='bbox 2051 330 2290 372; x_wconf 77' lang='lat' dir='ltr'>ignoratur,</span> <span class='ocrx_word' id='word_1_52' title='bbox 2311 315 2412 358; x_wconf 77' lang='lat' dir='ltr'>Un-</span> 
     </span>
     <span class='ocr_line' id='line_1_8' title="bbox 277 369 2402 436; baseline -0.008 -6"><span class='ocrx_word' id='word_1_53' title='bbox 277 400 373 436; x_wconf 80' lang='lat' dir='ltr'>tur,</span> <span class='ocrx_word' id='word_1_54' title='bbox 417 383 573 430; x_wconf 82' lang='lat' dir='ltr'>etiamsi</span> <span class='ocrx_word' id='word_1_55' title='bbox 621 379 794 435; x_wconf 88' lang='lat' dir='ltr'>pecunia</span> <span class='ocrx_word' id='word_1_56' title='bbox 839 391 922 420; x_wconf 86' lang='lat' dir='ltr'>uon</span> <span class='ocrx_word' id='word_1_57' title='bbox 967 385 1222 430; x_wconf 87' lang='lat' dir='ltr'>apponatur,</span> <span class='ocrx_word' id='word_1_58' title='bbox 1257 372 1318 416; x_wconf 92' lang='lat' dir='ltr'>sed</span> <span class='ocrx_word' id='word_1_59' title='bbox 1369 369 1416 414; x_wconf 88' lang='lat' dir='ltr'>de</span> <span class='ocrx_word' id='word_1_60' title='bbox 1449 371 1606 425; x_wconf 69' lang='lat' dir='ltr'>dubitat</span> <span class='ocrx_word' id='word_1_61' title='bbox 1647 373 1857 417; x_wconf 83' lang='lat' dir='ltr'>Antonius</span> <span class='ocrx_word' id='word_1_62' title='bbox 1890 374 2139 429; x_wconf 82' lang='lat' dir='ltr'>Augustinus</span> <span class='ocrx_word' id='word_1_63' title='bbox 2171 374 2219 416; x_wconf 86' lang='lat' dir='ltr'>de</span> <span class='ocrx_word' id='word_1_64' title='bbox 2250 373 2402 430; x_wconf 72' lang='lat' dir='ltr'>legibus</span> 
     </span>
    </p>
   </div>
   <div class='ocr_carea' id='block_1_7' title="bbox 268 430 1318 1246">
    <p class='ocr_par' dir='ltr' id='par_1_7' title="bbox 268 430 1318 1246">
     <span class='ocr_line' id='line_1_9' title="bbox 271 430 1316 498; baseline -0.016 -8"><span class='ocrx_word' id='word_1_65' title='bbox 271 445 357 498; x_wconf 84' lang='lat' dir='ltr'>ejus</span> <span class='ocrx_word' id='word_1_66' title='bbox 391 444 482 488; x_wconf 94' lang='lat' dir='ltr'>loco</span> <span class='ocrx_word' id='word_1_67' title='bbox 517 439 647 495; x_wconf 88' lang='lat' dir='ltr'>lupini</span> <span class='ocrx_word' id='word_1_68' title='bbox 680 438 729 480; x_wconf 89' lang='lat' dir='ltr'>ad</span> <span class='ocrx_word' id='word_1_69' title='bbox 764 435 949 491; x_wconf 78' lang='lat' dir='ltr'>precium</span> <span class='ocrx_word' id='word_1_70' title='bbox 982 430 1316 489; x_wconf 82' lang='lat' dir='ltr'>significandum,</span> 
     </span>
     <span class='ocr_line' id='line_1_10' title="bbox 270 486 1318 555; baseline -0.015 -9"><span class='ocrx_word' id='word_1_71' title='bbox 270 505 362 555; x_wconf 89' lang='lat' dir='ltr'>(b)</span> <span class='ocrx_word' id='word_1_72' title='bbox 394 502 458 544; x_wconf 87' lang='lat' dir='ltr'>vel</span> <span class='ocrx_word' id='word_1_73' title='bbox 492 513 636 541; x_wconf 86' lang='lat' dir='ltr'>aurum</span> <span class='ocrx_word' id='word_1_74' title='bbox 670 494 909 543; x_wconf 80' lang='lat' dir='ltr'>comicum,</span> <span class='ocrx_word' id='word_1_75' title='bbox 942 490 1049 547; x_wconf 89' lang='lat' dir='ltr'>quod</span> <span class='ocrx_word' id='word_1_76' title='bbox 1081 489 1123 532; x_wconf 73' lang='lat'>8&lt;</span> <span class='ocrx_word' id='word_1_77' title='bbox 1158 504 1230 542; x_wconf 88' lang='lat' dir='ltr'>pro</span> <span class='ocrx_word' id='word_1_78' title='bbox 1258 486 1318 530; x_wconf 88' lang='lat' dir='ltr'>lu-</span> 
     </span>
     <span class='ocr_line' id='line_1_11' title="bbox 269 545 1313 617; baseline -0.017 -13"><span class='ocrx_word' id='word_1_79' title='bbox 269 561 378 617; x_wconf 86' lang='lat' dir='ltr'>pinis</span> <span class='ocrx_word' id='word_1_80' title='bbox 410 557 513 612; x_wconf 87' lang='lat' dir='ltr'>apud</span> <span class='ocrx_word' id='word_1_81' title='bbox 547 553 739 597; x_wconf 88' lang='lat' dir='ltr'>Plautum</span> <span class='ocrx_word' id='word_1_82' title='bbox 760 551 911 606; x_wconf 91' lang='lat' dir='ltr'>accipit</span> <span class='ocrx_word' id='word_1_83' title='bbox 932 551 1121 592; x_wconf 82' lang='lat' dir='ltr'>Muretus</span> <span class='ocrx_word' id='word_1_84' title='bbox 1141 545 1184 589; x_wconf 85' lang='lat'>&amp;</span> <span class='ocrx_word' id='word_1_85' title='bbox 1203 546 1313 587; x_wconf 90' lang='lat' dir='ltr'>Tur-</span> 
     </span>
     <span class='ocr_line' id='line_1_12' title="bbox 272 602 1315 667; baseline -0.017 -5"><span class='ocrx_word' id='word_1_86' title='bbox 272 619 424 662; x_wconf 83' lang='lat' dir='ltr'>nebus.</span> <span class='ocrx_word' id='word_1_87' title='bbox 458 614 540 667; x_wconf 87' lang='lat' dir='ltr'>(c)</span> <span class='ocrx_word' id='word_1_88' title='bbox 568 610 706 654; x_wconf 87' lang='lat' dir='ltr'>Invisa</span> <span class='ocrx_word' id='word_1_89' title='bbox 739 623 835 651; x_wconf 89' lang='lat' dir='ltr'>vero</span> <span class='ocrx_word' id='word_1_90' title='bbox 870 607 1053 650; x_wconf 84' lang='lat' dir='ltr'>maxime</span> <span class='ocrx_word' id='word_1_91' title='bbox 1087 603 1242 659; x_wconf 85' lang='lat' dir='ltr'>legibus</span> <span class='ocrx_word' id='word_1_92' title='bbox 1262 602 1315 645; x_wconf 88' lang='lat' dir='ltr'>est</span> 
     </span>
     <span class='ocr_line' id='line_1_13' title="bbox 271 659 1311 729; baseline -0.017 -10"><span class='ocrx_word' id='word_1_93' title='bbox 271 676 388 728; x_wconf 86' lang='lat' dir='ltr'>alea,</span> <span class='ocrx_word' id='word_1_94' title='bbox 421 689 499 729; x_wconf 89' lang='lat' dir='ltr'>qua</span> <span class='ocrx_word' id='word_1_95' title='bbox 533 668 727 714; x_wconf 83' lang='lat' dir='ltr'>homines</span> <span class='ocrx_word' id='word_1_96' title='bbox 760 665 917 709; x_wconf 87' lang='lat' dir='ltr'>mutuis</span> <span class='ocrx_word' id='word_1_97' title='bbox 935 662 1141 706; x_wconf 84' lang='lat' dir='ltr'>fraudibus</span> <span class='ocrx_word' id='word_1_98' title='bbox 1160 659 1311 703; x_wconf 87' lang='lat' dir='ltr'>exhau-</span> 
     </span>
     <span class='ocr_line' id='line_1_14' title="bbox 271 721 1315 777; baseline -0.018 0"><span class='ocrx_word' id='word_1_99' title='bbox 271 734 434 777; x_wconf 80' lang='lat' dir='ltr'>riuntur</span> <span class='ocrx_word' id='word_1_100' title='bbox 479 727 596 773; x_wconf 82' lang='lat' dir='ltr'>simul</span> <span class='ocrx_word' id='word_1_101' title='bbox 641 726 685 769; x_wconf 88' lang='lat'>&amp;</span> <span class='ocrx_word' id='word_1_102' title='bbox 731 724 840 767; x_wconf 88' lang='lat' dir='ltr'>inter</span> <span class='ocrx_word' id='word_1_103' title='bbox 884 722 919 765; x_wconf 88' lang='lat' dir='ltr'>se</span> <span class='ocrx_word' id='word_1_104' title='bbox 965 721 1178 764; x_wconf 84' lang='lat' dir='ltr'>irritantur</span> <span class='ocrx_word' id='word_1_105' title='bbox 1209 735 1224 758; x_wconf 89' lang='lat'>.·</span> <span class='ocrx_word' id='word_1_106' title='bbox 1271 728 1315 760; x_wconf 90' lang='lat' dir='ltr'>ut</span> 
     </span>
     <span class='ocr_line' id='line_1_15' title="bbox 272 775 1313 847; baseline -0.017 -12"><span class='ocrx_word' id='word_1_107' title='bbox 272 789 436 847; x_wconf 89' lang='lat' dir='ltr'>profuso</span> <span class='ocrx_word' id='word_1_108' title='bbox 471 783 756 844; x_wconf 86' lang='lat' dir='ltr'>patrimoniO,</span> <span class='ocrx_word' id='word_1_109' title='bbox 789 778 940 836; x_wconf 84' lang='lat' dir='ltr'>rapinis</span> <span class='ocrx_word' id='word_1_110' title='bbox 982 778 1024 820; x_wconf 69' lang='grc' dir='ltr'>δε</span> <span class='ocrx_word' id='word_1_111' title='bbox 1056 775 1229 837; x_wconf 77' lang='lat' dir='ltr'>caedibus</span> <span class='ocrx_word' id='word_1_112' title='bbox 1258 775 1313 818; x_wconf 91' lang='lat' dir='ltr'>rei</span> 
     </span>
     <span class='ocr_line' id='line_1_16' title="bbox 273 831 1313 894; baseline -0.019 -2"><span class='ocrx_word' id='word_1_113' title='bbox 273 848 492 892; x_wconf 83' lang='lat' dir='ltr'>familiaris</span> <span class='ocrx_word' id='word_1_114' title='bbox 527 844 716 887; x_wconf 87' lang='lat' dir='ltr'>lacunam</span> <span class='ocrx_word' id='word_1_115' title='bbox 748 838 911 894; x_wconf 86' lang='lat' dir='ltr'>explere</span> <span class='ocrx_word' id='word_1_116' title='bbox 940 847 1167 878; x_wconf 85' lang='lat' dir='ltr'>conentur:</span> <span class='ocrx_word' id='word_1_117' title='bbox 1203 831 1313 874; x_wconf 80' lang='lat' dir='ltr'>ideo-</span> 
     </span>
     <span class='ocr_line' id='line_1_17' title="bbox 275 885 1311 963; baseline -0.02 -12"><span class='ocrx_word' id='word_1_118' title='bbox 275 922 353 963; x_wconf 88' lang='lat' dir='ltr'>que</span> <span class='ocrx_word' id='word_1_119' title='bbox 387 905 617 948; x_wconf 83' lang='lat' dir='ltr'>aleatorum</span> <span class='ocrx_word' id='word_1_120' title='bbox 650 911 776 954; x_wconf 81' lang='lat' dir='ltr'>genus</span> <span class='ocrx_word' id='word_1_121' title='bbox 808 895 970 951; x_wconf 82' lang='lat' dir='ltr'>legibus</span> <span class='ocrx_word' id='word_1_122' title='bbox 1001 890 1157 935; x_wconf 83' lang='lat' dir='ltr'>infame</span> <span class='ocrx_word' id='word_1_123' title='bbox 1190 885 1311 932; x_wconf 71' lang='lat' dir='ltr'>liabe-</span> 
     </span>
     <span class='ocr_line' id='line_1_18' title="bbox 276 949 1310 1011; baseline -0.018 -5"><span class='ocrx_word' id='word_1_124' title='bbox 276 977 366 1008; x_wconf 88' lang='lat' dir='ltr'>tur.</span> <span class='ocrx_word' id='word_1_125' title='bbox 399 961 523 1004; x_wconf 90' lang='lat' dir='ltr'>Unde</span> <span class='ocrx_word' id='word_1_126' title='bbox 555 959 602 1001; x_wconf 90' lang='lat' dir='ltr'>de</span> <span class='ocrx_word' id='word_1_127' title='bbox 635 953 852 1000; x_wconf 86' lang='lat' dir='ltr'>Lenticula</span> <span class='ocrx_word' id='word_1_128' title='bbox 885 951 1061 994; x_wconf 87' lang='lat' dir='ltr'>aleatore</span> <span class='ocrx_word' id='word_1_129' title='bbox 1093 964 1115 991; x_wconf 92' lang='lat' dir='ltr'>a</span> <span class='ocrx_word' id='word_1_130' title='bbox 1138 949 1310 1011; x_wconf 79' lang='lat' dir='ltr'>M.An-</span> 
     </span>
     <span class='ocr_line' id='line_1_19' title="bbox 269 1005 1310 1069; baseline -0.021 -3"><span class='ocrx_word' id='word_1_131' title='bbox 269 1022 385 1066; x_wconf 87' lang='lat' dir='ltr'>tonio</span> <span class='ocrx_word' id='word_1_132' title='bbox 419 1018 631 1069; x_wconf 86' lang='lat' dir='ltr'>restituto,</span> <span class='ocrx_word' id='word_1_133' title='bbox 663 1025 860 1067; x_wconf 87' lang='lat' dir='ltr'>tanquam</span> <span class='ocrx_word' id='word_1_134' title='bbox 895 1009 941 1052; x_wconf 91' lang='lat' dir='ltr'>de</span> <span class='ocrx_word' id='word_1_135' title='bbox 976 1005 1148 1050; x_wconf 86' lang='lat' dir='ltr'>homine</span> <span class='ocrx_word' id='word_1_136' title='bbox 1182 1016 1310 1056; x_wconf 85' lang='lat' dir='ltr'>turpi-</span> 
     </span>
     <span class='ocr_line' id='line_1_20' title="bbox 268 1061 1311 1124; baseline -0.021 0"><span class='ocrx_word' id='word_1_137' title='bbox 268 1080 410 1123; x_wconf 88' lang='lat' dir='ltr'>tudine</span> <span class='ocrx_word' id='word_1_138' title='bbox 458 1086 632 1124; x_wconf 86' lang='lat' dir='ltr'>notat0,</span> <span class='ocrx_word' id='word_1_139' title='bbox 666 1070 816 1113; x_wconf 88' lang='lat' dir='ltr'>Cicero</span> <span class='ocrx_word' id='word_1_140' title='bbox 847 1067 937 1119; x_wconf 82' lang='lat' dir='ltr'>(d)</span> <span class='ocrx_word' id='word_1_141' title='bbox 974 1064 1178 1120; x_wconf 91' lang='lat' dir='ltr'>loquitur.</span> <span class='ocrx_word' id='word_1_142' title='bbox 1213 1061 1311 1104; x_wconf 90' lang='lat' dir='ltr'>Ideo</span> 
     </span>
     <span class='ocr_line' id='line_1_21' title="bbox 269 1118 1315 1181; baseline -0.02 0"><span class='ocrx_word' id='word_1_143' title='bbox 269 1135 474 1181; x_wconf 71' lang='lat' dir='ltr'>AEdilibus</span> <span class='ocrx_word' id='word_1_144' title='bbox 506 1129 806 1178; x_wconf 86' lang='lat' dir='ltr'>mandabatur,</span> <span class='ocrx_word' id='word_1_145' title='bbox 838 1137 883 1167; x_wconf 92' lang='lat' dir='ltr'>ut</span> <span class='ocrx_word' id='word_1_146' title='bbox 916 1123 1083 1166; x_wconf 89' lang='lat' dir='ltr'>illorum</span> <span class='ocrx_word' id='word_1_147' title='bbox 1105 1130 1233 1163; x_wconf 85' lang='lat' dir='ltr'>coetus</span> <span class='ocrx_word' id='word_1_148' title='bbox 1265 1118 1315 1161; x_wconf 87' lang='lat' dir='ltr'>ab</span> 
     </span>
     <span class='ocr_line' id='line_1_22' title="bbox 268 1176 1312 1246; baseline -0.022 -7"><span class='ocrx_word' id='word_1_149' title='bbox 268 1195 365 1238; x_wconf 82' lang='lat' dir='ltr'>urbe</span> <span class='ocrx_word' id='word_1_150' title='bbox 426 1209 471 1236; x_wconf 89' lang='lat' dir='ltr'>ac</span> <span class='ocrx_word' id='word_1_151' title='bbox 516 1187 682 1246; x_wconf 85' lang='lat' dir='ltr'>popinis</span> <span class='ocrx_word' id='word_1_152' title='bbox 723 1182 917 1227; x_wconf 82' lang='lat' dir='ltr'>omnibus</span> <span class='ocrx_word' id='word_1_153' title='bbox 960 1190 1143 1223; x_wconf 87' lang='lat' dir='ltr'>arcerent</span> <span class='ocrx_word' id='word_1_154' title='bbox 1183 1194 1192 1218; x_wconf 93' lang='lat'>:</span> <span class='ocrx_word' id='word_1_155' title='bbox 1230 1176 1312 1229; x_wconf 86' lang='lat' dir='ltr'>(e)</span> 
     </span>
    </p>
   </div>
   <div class='ocr_carea' id='block_1_8' title="bbox 275 1239 1113 1297">
    <p class='ocr_par' dir='ltr' id='par_1_8' title="bbox 275 1239 1113 1297">
     <span class='ocr_line' id='line_1_23' title="bbox 275 1239 1113 1297; baseline -0.024 0"><span class='ocrx_word' id='word_1_156' title='bbox 275 1252 380 1297; x_wconf 87' lang='lat' dir='ltr'>unde</span> <span class='ocrx_word' id='word_1_157' title='bbox 414 1248 516 1294; x_wconf 88' lang='lat' dir='ltr'>illud</span> <span class='ocrx_word' id='word_1_158' title='bbox 548 1242 758 1290; x_wconf 81' lang='lat' dir='ltr'>Martialis</span> <span class='ocrx_word' id='word_1_159' title='bbox 790 1241 859 1283; x_wconf 82' lang='lat' dir='ltr'>lib.</span> <span class='ocrx_word' id='word_1_160' title='bbox 881 1254 944 1292; x_wconf 83' lang='lat'>14.</span> <span class='ocrx_word' id='word_1_161' title='bbox 977 1239 1053 1293; x_wconf 80' lang='lat' dir='ltr'>Ep.</span> <span class='ocrx_word' id='word_1_162' title='bbox 1079 1252 1113 1279; x_wconf 91' lang='lat'>1.</span> 
     </span>
    </p>
   </div>
   <div class='ocr_carea' id='block_1_9' title="bbox 323 1322 1253 1383">
    <p class='ocr_par' dir='ltr' id='par_1_9' title="bbox 323 1322 1253 1383">
     <span class='ocr_line' id='line_1_24' title="bbox 323 1322 1253 1383; baseline -0.017 0"><span class='ocrx_word' id='word_1_163' title='bbox 323 1339 413 1383; x_wconf 83' lang='lat' dir='ltr'>Nec</span> <span class='ocrx_word' id='word_1_164' title='bbox 437 1338 551 1380; x_wconf 84' lang='lat' dir='ltr'>timet</span> <span class='ocrx_word' id='word_1_165' title='bbox 574 1332 757 1379; x_wconf 83' lang='lat' dir='ltr'>AEdilem</span> <span class='ocrx_word' id='word_1_166' title='bbox 775 1340 875 1370; x_wconf 81' lang='lat' dir='ltr'>moto</span> <span class='ocrx_word' id='word_1_167' title='bbox 888 1322 1224 1383; x_wconf 64' lang='lat' dir='ltr'>speffiaresritillo</span> <span class='ocrx_word' id='word_1_168' title='bbox 1244 1355 1253 1367; x_wconf 87' lang='lat'><strong>.</strong></span> 
     </span>
    </p>
   </div>
   <div class='ocr_carea' id='block_1_10' title="bbox 268 1411 1313 2216">
    <p class='ocr_par' dir='ltr' id='par_1_10' title="bbox 268 1411 1313 2216">
     <span class='ocr_line' id='line_1_25' title="bbox 271 1411 1313 1476; baseline -0.017 -4"><span class='ocrx_word' id='word_1_169' title='bbox 271 1429 366 1471; x_wconf 88' lang='lat' dir='ltr'>Nec</span> <span class='ocrx_word' id='word_1_170' title='bbox 401 1423 523 1469; x_wconf 80' lang='lat' dir='ltr'>modo</span> <span class='ocrx_word' id='word_1_171' title='bbox 556 1420 641 1474; x_wconf 84' lang='lat' dir='ltr'>jure</span> <span class='ocrx_word' id='word_1_172' title='bbox 684 1415 801 1461; x_wconf 84' lang='lat' dir='ltr'>civili</span> <span class='ocrx_word' id='word_1_173' title='bbox 845 1412 950 1476; x_wconf 66' lang='lat' dir='ltr'>affro</span> <span class='ocrx_word' id='word_1_174' title='bbox 982 1413 1239 1472; x_wconf 77' lang='lat' dir='ltr'>denegatur,</span> <span class='ocrx_word' id='word_1_175' title='bbox 1270 1411 1313 1454; x_wconf 74' lang='lat'>8&lt;</span> 
     </span>
     <span class='ocr_line' id='line_1_26' title="bbox 272 1467 1310 1534; baseline -0.018 -4"><span class='ocrx_word' id='word_1_176' title='bbox 272 1483 453 1530; x_wconf 83' lang='lat' dir='ltr'>retentio</span> <span class='ocrx_word' id='word_1_177' title='bbox 485 1481 520 1526; x_wconf 90' lang='lat' dir='ltr'>ei</span> <span class='ocrx_word' id='word_1_178' title='bbox 548 1513 560 1534; x_wconf 93' lang='lat'>,</span> <span class='ocrx_word' id='word_1_179' title='bbox 593 1476 660 1534; x_wconf 91' lang='lat' dir='ltr'>qui</span> <span class='ocrx_word' id='word_1_180' title='bbox 692 1474 780 1518; x_wconf 88' lang='lat' dir='ltr'>alea</span> <span class='ocrx_word' id='word_1_181' title='bbox 819 1470 967 1514; x_wconf 78' lang='lat' dir='ltr'>&#39;vicerit</span> <span class='ocrx_word' id='word_1_182' title='bbox 993 1467 1114 1532; x_wconf 26' lang='lat' dir='ltr'><strong>3⁴(f)</strong></span> <span class='ocrx_word' id='word_1_183' title='bbox 1150 1467 1210 1532; x_wconf 72' lang='lat' dir='ltr'>led</span> <span class='ocrx_word' id='word_1_184' title='bbox 1243 1470 1310 1523; x_wconf 86' lang='lat' dir='ltr'>qui</span> 
     </span>
     <span class='ocr_line' id='line_1_27' title="bbox 271 1525 1313 1596; baseline -0.019 -8"><span class='ocrx_word' id='word_1_185' title='bbox 271 1544 403 1587; x_wconf 67' lang='lat' dir='ltr'>viStus</span> <span class='ocrx_word' id='word_1_186' title='bbox 449 1538 665 1596; x_wconf 83' lang='lat' dir='ltr'>pecuniam</span> <span class='ocrx_word' id='word_1_187' title='bbox 711 1528 875 1575; x_wconf 84' lang='lat' dir='ltr'>solverit</span> <span class='ocrx_word' id='word_1_188' title='bbox 907 1525 1167 1571; x_wconf 70' lang='lat' dir='ltr'>cond1&amp;1one</span> <span class='ocrx_word' id='word_1_189' title='bbox 1199 1526 1313 1569; x_wconf 88' lang='lat' dir='ltr'>mde-</span> 
     </span>
     <span class='ocr_line' id='line_1_28' title="bbox 273 1583 1313 1651; baseline -0.018 -7"><span class='ocrx_word' id='word_1_190' title='bbox 273 1601 379 1651; x_wconf 75' lang='lat' dir='ltr'>biti,</span> <span class='ocrx_word' id='word_1_191' title='bbox 423 1612 509 1641; x_wconf 86' lang='lat' dir='ltr'>rem</span> <span class='ocrx_word' id='word_1_192' title='bbox 561 1593 733 1637; x_wconf 84' lang='lat' dir='ltr'>solutam</span> <span class='ocrx_word' id='word_1_193' title='bbox 783 1598 937 1643; x_wconf 83' lang='lat' dir='ltr'>repetet</span> <span class='ocrx_word' id='word_1_194' title='bbox 970 1600 1019 1629; x_wconf 82' lang='lat' dir='ltr'>ex</span> <span class='ocrx_word' id='word_1_195' title='bbox 1041 1583 1313 1647; x_wconf 32' lang='lat' dir='ltr'>*constitutio-</span> 
     </span>
     <span class='ocr_line' id='line_1_29' title="bbox 271 1640 1311 1708; baseline -0.019 -6"><span class='ocrx_word' id='word_1_196' title='bbox 271 1673 323 1702; x_wconf 84' lang='lat' dir='ltr'>ne</span> <span class='ocrx_word' id='word_1_197' title='bbox 357 1653 603 1708; x_wconf 75' lang='lat' dir='ltr'>Iustiniani:</span> <span class='ocrx_word' id='word_1_198' title='bbox 639 1650 723 1706; x_wconf 76' lang='lat' dir='ltr'>(g)</span> <span class='ocrx_word' id='word_1_199' title='bbox 753 1661 841 1703; x_wconf 82' lang='lat' dir='ltr'>quae</span> <span class='ocrx_word' id='word_1_200' title='bbox 872 1642 1080 1689; x_wconf 63' lang='lat' dir='ltr'>condietio</span> <span class='ocrx_word' id='word_1_201' title='bbox 1116 1657 1199 1685; x_wconf 91' lang='lat' dir='ltr'>non</span> <span class='ocrx_word' id='word_1_202' title='bbox 1234 1640 1311 1684; x_wconf 89' lang='lat' dir='ltr'>tol-</span> 
     </span>
     <span class='ocr_line' id='line_1_30' title="bbox 281 1703 1311 1764; baseline -0.019 -5"><span class='ocrx_word' id='word_1_203' title='bbox 281 1716 380 1758; x_wconf 85' lang='lat' dir='ltr'>litur</span> <span class='ocrx_word' id='word_1_204' title='bbox 413 1710 563 1756; x_wconf 86' lang='lat' dir='ltr'>minori</span> <span class='ocrx_word' id='word_1_205' title='bbox 598 1703 898 1764; x_wconf 80' lang='lat' dir='ltr'>praescriptione</span> <span class='ocrx_word' id='word_1_206' title='bbox 926 1734 939 1755; x_wconf 88' lang='lat'>,</span> <span class='ocrx_word' id='word_1_207' title='bbox 983 1714 1110 1756; x_wconf 84' lang='lat' dir='ltr'>qnam</span> <span class='ocrx_word' id='word_1_208' title='bbox 1147 1713 1210 1754; x_wconf 80' lang='lat'>50.</span> <span class='ocrx_word' id='word_1_209' title='bbox 1240 1715 1311 1742; x_wconf 86' lang='lat' dir='ltr'>an-</span> 
     </span>
     <span class='ocr_line' id='line_1_31' title="bbox 278 1757 1313 1822; baseline -0.015 -6"><span class='ocrx_word' id='word_1_210' title='bbox 278 1787 455 1815; x_wconf 87' lang='lat' dir='ltr'>norum.</span> <span class='ocrx_word' id='word_1_211' title='bbox 487 1769 574 1822; x_wconf 85' lang='lat' dir='ltr'>(b)</span> <span class='ocrx_word' id='word_1_212' title='bbox 607 1768 662 1809; x_wconf 85' lang='lat' dir='ltr'>Et</span> <span class='ocrx_word' id='word_1_213' title='bbox 693 1764 762 1820; x_wconf 88' lang='lat' dir='ltr'>qui</span> <span class='ocrx_word' id='word_1_214' title='bbox 795 1763 965 1804; x_wconf 84' lang='lat' dir='ltr'>domum</span> <span class='ocrx_word' id='word_1_215' title='bbox 999 1757 1110 1800; x_wconf 85' lang='lat' dir='ltr'>suam</span> <span class='ocrx_word' id='word_1_216' title='bbox 1144 1757 1313 1811; x_wconf 82' lang='lat' dir='ltr'>praebuit</span> 
     </span>
     <span class='ocr_line' id='line_1_32' title="bbox 277 1812 1312 1878; baseline -0.02 -4"><span class='ocrx_word' id='word_1_217' title='bbox 277 1829 550 1878; x_wconf 85' lang='lat' dir='ltr'>aleatoribus,</span> <span class='ocrx_word' id='word_1_218' title='bbox 585 1822 748 1866; x_wconf 84' lang='lat' dir='ltr'>nullum</span> <span class='ocrx_word' id='word_1_219' title='bbox 780 1836 803 1863; x_wconf 92' lang='lat' dir='ltr'>a</span> <span class='ocrx_word' id='word_1_220' title='bbox 835 1817 992 1871; x_wconf 78' lang='lat' dir='ltr'>legibus</span> <span class='ocrx_word' id='word_1_221' title='bbox 1022 1813 1206 1878; x_wconf 54' lang='lat' dir='ltr'>aduersus</span> <span class='ocrx_word' id='word_1_222' title='bbox 1231 1812 1312 1856; x_wconf 89' lang='lat' dir='ltr'>fur-</span> 
     </span>
     <span class='ocr_line' id='line_1_33' title="bbox 275 1870 1312 1940; baseline -0.016 -10"><span class='ocrx_word' id='word_1_223' title='bbox 275 1901 340 1940; x_wconf 88' lang='lat' dir='ltr'>ta,</span> <span class='ocrx_word' id='word_1_224' title='bbox 374 1883 544 1929; x_wconf 82' lang='lat' dir='ltr'>iniurias</span> <span class='ocrx_word' id='word_1_225' title='bbox 576 1881 619 1923; x_wconf 82' lang='lat'>&amp;</span> <span class='ocrx_word' id='word_1_226' title='bbox 643 1878 801 1934; x_wconf 85' lang='lat' dir='ltr'>rapinas</span> <span class='ocrx_word' id='word_1_227' title='bbox 823 1875 943 1918; x_wconf 75' lang='lat' dir='ltr'>habet</span> <span class='ocrx_word' id='word_1_228' title='bbox 966 1870 1166 1915; x_wconf 73' lang='lat' dir='ltr'>auxilium</span> <span class='ocrx_word' id='word_1_229' title='bbox 1183 1903 1194 1923; x_wconf 85' lang='lat'>,</span> <span class='ocrx_word' id='word_1_230' title='bbox 1217 1871 1312 1914; x_wconf 81' lang='lat' dir='ltr'>nul-</span> 
     </span>
     <span class='ocr_line' id='line_1_34' title="bbox 275 1928 1311 1991; baseline -0.016 -4"><span class='ocrx_word' id='word_1_231' title='bbox 275 1944 361 1987; x_wconf 89' lang='lat' dir='ltr'>lam</span> <span class='ocrx_word' id='word_1_232' title='bbox 407 1940 639 1989; x_wconf 69' lang='lat' dir='ltr'>affionem,</span> <span class='ocrx_word' id='word_1_233' title='bbox 686 1951 765 1991; x_wconf 90' lang='lat' dir='ltr'>qua</span> <span class='ocrx_word' id='word_1_234' title='bbox 811 1947 871 1976; x_wconf 85' lang='lat' dir='ltr'>res</span> <span class='ocrx_word' id='word_1_235' title='bbox 902 1929 1055 1973; x_wconf 85' lang='lat' dir='ltr'>ablatas</span> <span class='ocrx_word' id='word_1_236' title='bbox 1080 1928 1311 1991; x_wconf 35' lang='lat' dir='ltr'>‘vindicct,</span> 
     </span>
     <span class='ocr_line' id='line_1_35' title="bbox 279 1985 1312 2044; baseline -0.016 0"><span class='ocrx_word' id='word_1_237' title='bbox 279 2000 346 2044; x_wconf 83' lang='lat' dir='ltr'>vel</span> <span class='ocrx_word' id='word_1_238' title='bbox 377 1999 576 2041; x_wconf 87' lang='lat' dir='ltr'>damnum</span> <span class='ocrx_word' id='word_1_239' title='bbox 610 1991 826 2043; x_wconf 76' lang='lat' dir='ltr'>resarciat3</span> <span class='ocrx_word' id='word_1_240' title='bbox 860 1989 945 2032; x_wconf 83' lang='lat' dir='ltr'>imo</span> <span class='ocrx_word' id='word_1_241' title='bbox 978 1987 1021 2030; x_wconf 65' lang='grc' dir='ltr'>ὃς</span> <span class='ocrx_word' id='word_1_242' title='bbox 1052 2001 1136 2037; x_wconf 69' lang='lat' dir='ltr'>eius</span> <span class='ocrx_word' id='word_1_243' title='bbox 1168 1985 1312 2028; x_wconf 86' lang='lat' dir='ltr'>domus</span> 
     </span>
     <span class='ocr_line' id='line_1_36' title="bbox 270 2043 1311 2115; baseline -0.015 -14"><span class='ocrx_word' id='word_1_244' title='bbox 270 2056 528 2115; x_wconf 84' lang='lat' dir='ltr'>publicatur,</span> <span class='ocrx_word' id='word_1_245' title='bbox 564 2051 651 2105; x_wconf 82' lang='lat' dir='ltr'>(i)</span> <span class='ocrx_word' id='word_1_246' title='bbox 683 2048 832 2105; x_wconf 88' lang='lat' dir='ltr'>quique</span> <span class='ocrx_word' id='word_1_247' title='bbox 859 2045 989 2088; x_wconf 84' lang='lat' dir='ltr'>alium</span> <span class='ocrx_word' id='word_1_248' title='bbox 1030 2043 1166 2086; x_wconf 85' lang='lat' dir='ltr'>ludere</span> <span class='ocrx_word' id='word_1_249' title='bbox 1198 2059 1311 2086; x_wconf 84' lang='lat' dir='ltr'>com-</span> 
     </span>
     <span class='ocr_line' id='line_1_37' title="bbox 270 2099 1312 2172; baseline -0.014 -13"><span class='ocrx_word' id='word_1_250' title='bbox 270 2114 424 2172; x_wconf 81' lang='lat' dir='ltr'>pellat,</span> <span class='ocrx_word' id='word_1_251' title='bbox 469 2109 696 2161; x_wconf 84' lang='lat' dir='ltr'>multatur,</span> <span class='ocrx_word' id='word_1_252' title='bbox 740 2116 809 2148; x_wconf 90' lang='lat' dir='ltr'>aut</span> <span class='ocrx_word' id='word_1_253' title='bbox 842 2102 884 2146; x_wconf 86' lang='lat' dir='ltr'>in</span> <span class='ocrx_word' id='word_1_254' title='bbox 918 2100 1083 2145; x_wconf 90' lang='lat' dir='ltr'>vincula</span> <span class='ocrx_word' id='word_1_255' title='bbox 1112 2099 1275 2156; x_wconf 84' lang='lat' dir='ltr'>publica</span> <span class='ocrx_word' id='word_1_256' title='bbox 1300 2133 1312 2155; x_wconf 87' lang='lat'>,</span> 
     </span>
     <span class='ocr_line' id='line_1_38' title="bbox 268 2159 1068 2216; baseline -0.019 -2"><span class='ocrx_word' id='word_1_257' title='bbox 268 2171 335 2216; x_wconf 75' lang='lat' dir='ltr'>vel</span> <span class='ocrx_word' id='word_1_258' title='bbox 368 2171 411 2214; x_wconf 90' lang='lat' dir='ltr'>in</span> <span class='ocrx_word' id='word_1_259' title='bbox 443 2166 664 2211; x_wconf 76' lang='lat' dir='ltr'>lautomias</span> <span class='ocrx_word' id='word_1_260' title='bbox 694 2160 944 2213; x_wconf 86' lang='lat' dir='ltr'>conjicitur.</span> <span class='ocrx_word' id='word_1_261' title='bbox 977 2159 1068 2211; x_wconf 74' lang='lat' dir='ltr'><em>(k.)</em></span> 
     </span>
    </p>
   </div>
   <div class='ocr_carea' id='block_1_11' title="bbox 441 2272 1136 2439">
    <p class='ocr_par' dir='ltr' id='par_1_11' title="bbox 441 2272 1136 2439">
     <span class='ocr_line' id='line_1_39' title="bbox 441 2272 1136 2325; baseline -0.019 1"><span class='ocrx_word' id='word_1_262' title='bbox 441 2283 480 2325; x_wconf 89' lang='lat' dir='ltr'>C</span> <span class='ocrx_word' id='word_1_263' title='bbox 540 2283 581 2325; x_wconf 89' lang='lat' dir='ltr'>A</span> <span class='ocrx_word' id='word_1_264' title='bbox 642 2280 672 2322; x_wconf 89' lang='lat' dir='ltr'>P</span> <span class='ocrx_word' id='word_1_265' title='bbox 732 2276 776 2317; x_wconf 92' lang='lat' dir='ltr'>U</span> <span class='ocrx_word' id='word_1_266' title='bbox 837 2276 881 2317; x_wconf 93' lang='lat' dir='ltr'><strong>T</strong></span> <span class='ocrx_word' id='word_1_267' title='bbox 1012 2272 1136 2315; x_wconf 88' lang='lat' dir='ltr'><strong>CVI.</strong></span> 
     </span>
     <span class='ocr_line' id='line_1_40' title="bbox 589 2390 924 2439; baseline -0.03 1"><span class='ocrx_word' id='word_1_268' title='bbox 589 2406 599 2415; x_wconf 85' lang='lat'><strong><em>‘</em></strong></span> <span class='ocrx_word' id='word_1_269' title='bbox 660 2396 727 2439; x_wconf 76' lang='lat' dir='ltr'>De</span> <span class='ocrx_word' id='word_1_270' title='bbox 761 2390 924 2435; x_wconf 76' lang='lat' dir='ltr'>Furtis.</span> 
     </span>
    </p>
   </div>
   <div class='ocr_carea' id='block_1_12' title="bbox 389 2502 1316 2620">
    <p class='ocr_par' dir='ltr' id='par_1_12' title="bbox 389 2502 1316 2620">
     <span class='ocr_line' id='line_1_41' title="bbox 389 2502 1312 2560; baseline -0.018 1"><span class='ocrx_word' id='word_1_271' title='bbox 389 2516 427 2560; x_wconf 86' lang='lat' dir='ltr'>C</span> <span class='ocrx_word' id='word_1_272' title='bbox 448 2515 494 2559; x_wconf 88' lang='lat' dir='ltr'>de</span> <span class='ocrx_word' id='word_1_273' title='bbox 526 2510 637 2556; x_wconf 82' lang='lat' dir='ltr'>hisce</span> <span class='ocrx_word' id='word_1_274' title='bbox 670 2506 915 2552; x_wconf 82' lang='lat' dir='ltr'>criminibus</span> <span class='ocrx_word' id='word_1_275' title='bbox 941 2502 1137 2548; x_wconf 61' lang='lat' dir='ltr'>haetenus</span> <span class='ocrx_word' id='word_1_276' title='bbox 1156 2534 1168 2556; x_wconf 90' lang='lat'><strong>‚</strong></span> <span class='ocrx_word' id='word_1_277' title='bbox 1200 2516 1312 2546; x_wconf 86' lang='lat' dir='ltr'>nunc</span> 
     </span>
     <span class='ocr_line' id='line_1_42' title="bbox 409 2558 1316 2620; baseline -0.015 -3"><span class='ocrx_word' id='word_1_278' title='bbox 409 2574 517 2618; x_wconf 81' lang='lat' dir='ltr'>furta</span> <span class='ocrx_word' id='word_1_279' title='bbox 567 2580 787 2613; x_wconf 85' lang='lat' dir='ltr'>occurrunt</span> <span class='ocrx_word' id='word_1_280' title='bbox 821 2598 834 2620; x_wconf 91' lang='lat'>,</span> <span class='ocrx_word' id='word_1_281' title='bbox 894 2564 941 2608; x_wconf 90' lang='lat' dir='ltr'>de</span> <span class='ocrx_word' id='word_1_282' title='bbox 995 2560 1139 2618; x_wconf 86' lang='lat' dir='ltr'>quibus</span> <span class='ocrx_word' id='word_1_283' title='bbox 1196 2558 1316 2604; x_wconf 82' lang='lat' dir='ltr'>latius</span> 
     </span>
    </p>
   </div>
   <div class='ocr_carea' id='block_1_13' title="bbox 1097 2692 1205 2700">
    <p class='ocr_par' dir='ltr' id='par_1_13' title="bbox 1097 2692 1205 2700">
     <span class='ocr_line' id='line_1_43' title="bbox 1097 2692 1205 2700; baseline 0 0"><span class='ocrx_word' id='word_1_284' title='bbox 1097 2692 1205 2700; x_wconf 95' lang='lat' dir='ltr'> </span> 
     </span>
    </p>
   </div>
   <div class='ocr_carea' id='block_1_14' title="bbox 284 2690 1317 2719">
    <p class='ocr_par' dir='ltr' id='par_1_14' title="bbox 284 2690 1317 2719">
     <span class='ocr_line' id='line_1_44' title="bbox 857 2690 1317 2706; baseline -0.015 0"><span class='ocrx_word' id='word_1_285' title='bbox 857 2690 1094 2706; x_wconf 59' lang='lat'>———-——-</span> <span class='ocrx_word' id='word_1_286' title='bbox 1210 2692 1317 2699; x_wconf 74' lang='lat'>————</span> 
     </span>
     <span class='ocr_line' id='line_1_45' title="bbox 284 2700 853 2719; baseline -0.019 1"><span class='ocrx_word' id='word_1_287' title='bbox 284 2700 853 2719; x_wconf 39' lang='grc' dir='ltr'>,ν’-’,μώρῳ</span> 
     </span>
    </p>
   </div>
   <div class='ocr_carea' id='block_1_15' title="bbox 264 2719 1320 3138">
    <p class='ocr_par' dir='ltr' id='par_1_15' title="bbox 269 2719 1318 2823">
     <span class='ocr_line' id='line_1_46' title="bbox 312 2719 1318 2776; baseline -0.019 -6"><span class='ocrx_word' id='word_1_288' title='bbox 312 2737 372 2776; x_wconf 76' lang='grc' dir='ltr'>(α)</span> <span class='ocrx_word' id='word_1_289' title='bbox 400 2739 473 2769; x_wconf 79' lang='lat' dir='ltr'>Vid.</span> <span class='ocrx_word' id='word_1_290' title='bbox 499 2736 620 2769; x_wconf 82' lang='lat' dir='ltr'>Meurs.</span> <span class='ocrx_word' id='word_1_291' title='bbox 649 2736 684 2766; x_wconf 81' lang='lat' dir='ltr'>in</span> <span class='ocrx_word' id='word_1_292' title='bbox 716 2735 810 2765; x_wconf 78' lang='lat' dir='ltr'>Graec.</span> <span class='ocrx_word' id='word_1_293' title='bbox 841 2726 989 2762; x_wconf 72' lang='lat' dir='ltr'>ludibun.</span> <span class='ocrx_word' id='word_1_294' title='bbox 1018 2725 1041 2756; x_wconf 84' lang='lat'>1.</span> <span class='ocrx_word' id='word_1_295' title='bbox 1059 2722 1200 2754; x_wconf 67' lang='lat' dir='ltr'>athletas</span> <span class='ocrx_word' id='word_1_296' title='bbox 1221 2719 1261 2763; x_wconf 76' lang='lat' dir='ltr'>ff.</span> <span class='ocrx_word' id='word_1_297' title='bbox 1281 2721 1318 2753; x_wconf 82' lang='lat' dir='ltr'>de</span> 
     </span>
     <span class='ocr_line' id='line_1_47' title="bbox 269 2782 657 2823; baseline -0.013 -9"><span class='ocrx_word' id='word_1_298' title='bbox 269 2782 320 2814; x_wconf 75' lang='lat' dir='ltr'>his</span> <span class='ocrx_word' id='word_1_299' title='bbox 335 2803 346 2820; x_wconf 88' lang='lat'><strong>‚</strong></span> <span class='ocrx_word' id='word_1_300' title='bbox 376 2783 431 2823; x_wconf 83' lang='lat' dir='ltr'>qui</span> <span class='ocrx_word' id='word_1_301' title='bbox 455 2791 523 2813; x_wconf 77' lang='lat' dir='ltr'>nor.</span> <span class='ocrx_word' id='word_1_302' title='bbox 539 2782 657 2821; x_wconf 61' lang='lat' dir='ltr'>insum.</span> 
     </span>
    </p>

    <p class='ocr_par' dir='ltr' id='par_1_16' title="bbox 316 2825 735 2866">
     <span class='ocr_line' id='line_1_48' title="bbox 316 2825 735 2866; baseline -0.019 -7"><span class='ocrx_word' id='word_1_303' title='bbox 316 2825 375 2866; x_wconf 70' lang='lat' dir='ltr'>(b)</span> <span class='ocrx_word' id='word_1_304' title='bbox 403 2829 475 2858; x_wconf 74' lang='lat' dir='ltr'>Li.</span> <span class='ocrx_word' id='word_1_305' title='bbox 497 2828 531 2856; x_wconf 86' lang='lat' dir='ltr'>C.</span> <span class='ocrx_word' id='word_1_306' title='bbox 547 2826 584 2865; x_wconf 66' lang='lat' dir='ltr'>de</span> <span class='ocrx_word' id='word_1_307' title='bbox 600 2825 735 2855; x_wconf 74' lang='lat' dir='ltr'>aleam.</span> 
     </span>
    </p>

    <p class='ocr_par' dir='ltr' id='par_1_17' title="bbox 314 2864 1205 2912">
     <span class='ocr_line' id='line_1_49' title="bbox 314 2864 1205 2912; baseline -0.019 -9"><span class='ocrx_word' id='word_1_308' title='bbox 314 2871 370 2910; x_wconf 79' lang='lat' dir='ltr'>(c)</span> <span class='ocrx_word' id='word_1_309' title='bbox 394 2878 425 2912; x_wconf 82' lang='lat' dir='ltr'>p.</span> <span class='ocrx_word' id='word_1_310' title='bbox 442 2864 567 2908; x_wconf 68' lang='lat' dir='ltr'>adversi</span> <span class='ocrx_word' id='word_1_311' title='bbox 595 2871 668 2908; x_wconf 72' lang='lat' dir='ltr'>cap.</span> <span class='ocrx_word' id='word_1_312' title='bbox 687 2877 738 2904; x_wconf 91' lang='lat'>19.</span> <span class='ocrx_word' id='word_1_313' title='bbox 973 2903 979 2908; x_wconf 89' lang='lat'><strong>.</strong></span> <span class='ocrx_word' id='word_1_314' title='bbox 1199 2900 1205 2909; x_wconf 45' lang='grc' dir='ltr'>ι</span> 
     </span>
    </p>

    <p class='ocr_par' dir='ltr' id='par_1_18' title="bbox 274 2897 1316 2998">
     <span class='ocr_line' id='line_1_50' title="bbox 314 2897 1316 2954; baseline -0.015 -7"><span class='ocrx_word' id='word_1_315' title='bbox 314 2916 369 2953; x_wconf 69' lang='grc' dir='ltr'>(Α)</span> <span class='ocrx_word' id='word_1_316' title='bbox 400 2913 505 2948; x_wconf 55' lang='lat' dir='ltr'>Liba.</span> <span class='ocrx_word' id='word_1_317' title='bbox 524 2914 561 2946; x_wconf 82' lang='lat' dir='ltr'>de</span> <span class='ocrx_word' id='word_1_318' title='bbox 578 2911 659 2954; x_wconf 83' lang='lat' dir='ltr'>offic.</span> <span class='ocrx_word' id='word_1_319' title='bbox 674 2913 737 2951; x_wconf 82' lang='lat' dir='ltr'>leg.</span> <span class='ocrx_word' id='word_1_320' title='bbox 755 2912 807 2940; x_wconf 82' lang='lat'>26.</span> <span class='ocrx_word' id='word_1_321' title='bbox 820 2905 859 2949; x_wconf 82' lang='lat' dir='ltr'>ff.</span> <span class='ocrx_word' id='word_1_322' title='bbox 878 2906 914 2937; x_wconf 81' lang='lat' dir='ltr'>de</span> <span class='ocrx_word' id='word_1_323' title='bbox 928 2905 1027 2942; x_wconf 69' lang='lat' dir='ltr'>imur.</span> <span class='ocrx_word' id='word_1_324' title='bbox 1057 2904 1080 2935; x_wconf 82' lang='lat'>1.</span> <span class='ocrx_word' id='word_1_325' title='bbox 1091 2897 1316 2943; x_wconf 68' lang='lat' dir='ltr'>fugfuvusff.</span> 
     </span>
     <span class='ocr_line' id='line_1_51' title="bbox 274 2959 731 2998; baseline -0.02 -4"><span class='ocrx_word' id='word_1_326' title='bbox 274 2962 312 2994; x_wconf 81' lang='lat' dir='ltr'>de</span> <span class='ocrx_word' id='word_1_327' title='bbox 330 2961 364 2990; x_wconf 91' lang='lat' dir='ltr'>V.</span> <span class='ocrx_word' id='word_1_328' title='bbox 385 2962 424 2992; x_wconf 72' lang='lat' dir='ltr'>S.</span> <span class='ocrx_word' id='word_1_329' title='bbox 442 2959 510 2992; x_wconf 85' lang='lat' dir='ltr'>cic.</span> <span class='ocrx_word' id='word_1_330' title='bbox 529 2959 678 2998; x_wconf 80' lang='lat' dir='ltr'>Philipp.</span> <span class='ocrx_word' id='word_1_331' title='bbox 699 2965 731 2986; x_wconf 85' lang='lat'>2.</span> 
     </span>
    </p>

    <p class='ocr_par' dir='ltr' id='par_1_19' title="bbox 319 2998 1298 3044">
     <span class='ocr_line' id='line_1_52' title="bbox 319 2998 1298 3044; baseline -0.033 0"><span class='ocrx_word' id='word_1_332' title='bbox 319 3005 366 3044; x_wconf 79' lang='lat' dir='ltr'>[e]</span> <span class='ocrx_word' id='word_1_333' title='bbox 398 3007 511 3038; x_wconf 80' lang='lat' dir='ltr'>Senec.</span> <span class='ocrx_word' id='word_1_334' title='bbox 539 3003 666 3035; x_wconf 73' lang='lat' dir='ltr'>devita</span> <span class='ocrx_word' id='word_1_335' title='bbox 686 2998 768 3032; x_wconf 70' lang='lat' dir='ltr'>beat.</span> <span class='ocrx_word' id='word_1_336' title='bbox 792 2999 896 3036; x_wconf 79' lang='lat' dir='ltr'>eap.&#39;7.</span> <span class='ocrx_word' id='word_1_337' title='bbox 1291 3034 1298 3041; x_wconf 49' lang='grc'><em>.</em></span> 
     </span>
    </p>

    <p class='ocr_par' dir='ltr' id='par_1_20' title="bbox 264 3035 1320 3138">
     <span class='ocr_line' id='line_1_53' title="bbox 315 3035 1320 3091; baseline -0.02 -7"><span class='ocrx_word' id='word_1_338' title='bbox 315 3049 371 3091; x_wconf 76' lang='lat' dir='ltr'>[f]</span> <span class='ocrx_word' id='word_1_339' title='bbox 401 3047 513 3084; x_wconf 88' lang='lat' dir='ltr'>Cuiac.</span> <span class='ocrx_word' id='word_1_340' title='bbox 543 3054 648 3089; x_wconf 71' lang='lat' dir='ltr'>parat.</span> <span class='ocrx_word' id='word_1_341' title='bbox 678 3047 714 3076; x_wconf 83' lang='lat' dir='ltr'>C.</span> <span class='ocrx_word' id='word_1_342' title='bbox 746 3044 783 3076; x_wconf 77' lang='lat' dir='ltr'>de</span> <span class='ocrx_word' id='word_1_343' title='bbox 814 3043 911 3073; x_wconf 77' lang='lat' dir='ltr'>atear.</span> <span class='ocrx_word' id='word_1_344' title='bbox 939 3038 1012 3078; x_wconf 82' lang='lat' dir='ltr'>lusu</span> <span class='ocrx_word' id='word_1_345' title='bbox 1030 3055 1040 3074; x_wconf 82' lang='lat'><strong>‚</strong></span> <span class='ocrx_word' id='word_1_346' title='bbox 1079 3035 1117 3067; x_wconf 72' lang='grc'>(9·</span> <span class='ocrx_word' id='word_1_347' title='bbox 1158 3037 1258 3067; x_wconf 71' lang='lat' dir='ltr'>aleae.</span> <span class='ocrx_word' id='word_1_348' title='bbox 1285 3045 1320 3065; x_wconf 85' lang='lat' dir='ltr'>m</span> 
     </span>
     <span class='ocr_line' id='line_1_54' title="bbox 264 3078 1318 3138; baseline -0.016 -10"><span class='ocrx_word' id='word_1_349' title='bbox 264 3092 303 3138; x_wconf 79' lang='lat' dir='ltr'>ff.</span> <span class='ocrx_word' id='word_1_350' title='bbox 334 3095 372 3127; x_wconf 88' lang='lat' dir='ltr'>L.</span> <span class='ocrx_word' id='word_1_351' title='bbox 392 3094 429 3127; x_wconf 72' lang='lat' dir='ltr'>in</span> <span class='ocrx_word' id='word_1_352' title='bbox 444 3090 680 3137; x_wconf 72' lang='lat' dir='ltr'>exceptionibus</span> <span class='ocrx_word' id='word_1_353' title='bbox 699 3088 739 3133; x_wconf 79' lang='lat' dir='ltr'>ff.</span> <span class='ocrx_word' id='word_1_354' title='bbox 756 3089 794 3123; x_wconf 74' lang='lat' dir='ltr'>de</span> <span class='ocrx_word' id='word_1_355' title='bbox 807 3084 922 3130; x_wconf 70' lang='lat' dir='ltr'>probat</span> <span class='ocrx_word' id='word_1_356' title='bbox 949 3086 972 3118; x_wconf 80' lang='grc' dir='ltr'>Ι.</span> <span class='ocrx_word' id='word_1_357' title='bbox 990 3083 1052 3118; x_wconf 77' lang='lat' dir='ltr'>ult.</span> <span class='ocrx_word' id='word_1_358' title='bbox 1071 3082 1099 3122; x_wconf 89' lang='lat'>§.</span> <span class='ocrx_word' id='word_1_359' title='bbox 1123 3091 1149 3113; x_wconf 90' lang='lat'>1.</span> <span class='ocrx_word' id='word_1_360' title='bbox 1175 3078 1214 3125; x_wconf 69' lang='lat' dir='ltr'>ff.</span> <span class='ocrx_word' id='word_1_361' title='bbox 1230 3091 1318 3122; x_wconf 77' lang='lat' dir='ltr'>quar.</span> 
     </span>
    </p>
   </div>
   <div class='ocr_carea' id='block_1_16' title="bbox 1363 427 2414 1287">
    <p class='ocr_par' dir='ltr' id='par_1_21' title="bbox 1363 427 2414 1287">
     <span class='ocr_line' id='line_1_55' title="bbox 1369 427 2408 486; baseline 0.003 -16"><span class='ocrx_word' id='word_1_362' title='bbox 1369 429 1411 470; x_wconf 88' lang='lat' dir='ltr'>in</span> <span class='ocrx_word' id='word_1_363' title='bbox 1448 427 1736 485; x_wconf 74' lang='lat' dir='ltr'>praetermiffis,</span> <span class='ocrx_word' id='word_1_364' title='bbox 1780 447 1802 474; x_wconf 88' lang='lat' dir='ltr'>a</span> <span class='ocrx_word' id='word_1_365' title='bbox 1836 430 2014 486; x_wconf 84' lang='lat' dir='ltr'>Regibus</span> <span class='ocrx_word' id='word_1_366' title='bbox 2058 447 2108 474; x_wconf 88' lang='lat' dir='ltr'>ne</span> <span class='ocrx_word' id='word_1_367' title='bbox 2134 432 2364 486; x_wconf 77' lang='lat' dir='ltr'>processerit</span> <span class='ocrx_word' id='word_1_368' title='bbox 2393 462 2408 484; x_wconf 87' lang='lat'>‚</span> 
     </span>
     <span class='ocr_line' id='line_1_56' title="bbox 1367 486 2408 536; baseline 0.004 -8"><span class='ocrx_word' id='word_1_369' title='bbox 1367 499 1420 528; x_wconf 89' lang='lat' dir='ltr'>an</span> <span class='ocrx_word' id='word_1_370' title='bbox 1463 502 1485 528; x_wconf 90' lang='lat' dir='ltr'>a</span> <span class='ocrx_word' id='word_1_371' title='bbox 1518 486 1626 530; x_wconf 84' lang='lat' dir='ltr'>Coss.</span> <span class='ocrx_word' id='word_1_372' title='bbox 1670 501 1722 529; x_wconf 91' lang='lat' dir='ltr'>an</span> <span class='ocrx_word' id='word_1_373' title='bbox 1764 504 1786 529; x_wconf 90' lang='lat' dir='ltr'>a</span> <span class='ocrx_word' id='word_1_374' title='bbox 1817 488 2046 532; x_wconf 83' lang='lat' dir='ltr'>Tribunis?</span> <span class='ocrx_word' id='word_1_375' title='bbox 2092 490 2408 536; x_wconf 81' lang='lat' dir='ltr'>Hortomannus</span> 
     </span>
     <span class='ocr_line' id='line_1_57' title="bbox 1366 542 2406 601; baseline 0.003 -15"><span class='ocrx_word' id='word_1_376' title='bbox 1366 542 1622 587; x_wconf 87' lang='lat' dir='ltr'>consularem</span> <span class='ocrx_word' id='word_1_377' title='bbox 1655 543 1857 588; x_wconf 80' lang='lat' dir='ltr'>existimat</span> <span class='ocrx_word' id='word_1_378' title='bbox 1878 577 1890 599; x_wconf 86' lang='lat'>,</span> <span class='ocrx_word' id='word_1_379' title='bbox 1922 560 2098 601; x_wconf 88' lang='lat' dir='ltr'>eamque</span> <span class='ocrx_word' id='word_1_380' title='bbox 2130 545 2316 589; x_wconf 88' lang='lat' dir='ltr'>adscribit</span> <span class='ocrx_word' id='word_1_381' title='bbox 2351 546 2406 588; x_wconf 87' lang='lat' dir='ltr'>A.</span> 
     </span>
     <span class='ocr_line' id='line_1_58' title="bbox 1366 600 2406 664; baseline 0.002 -21"><span class='ocrx_word' id='word_1_382' title='bbox 1366 600 1544 664; x_wconf 75' lang='lat' dir='ltr'>Hos’tilio</span> <span class='ocrx_word' id='word_1_383' title='bbox 1588 602 1682 644; x_wconf 82' lang='lat' dir='ltr'>Cos.</span> <span class='ocrx_word' id='word_1_384' title='bbox 1725 618 1821 645; x_wconf 88' lang='lat' dir='ltr'>curn</span> <span class='ocrx_word' id='word_1_385' title='bbox 1862 601 2020 657; x_wconf 82' lang='lat' dir='ltr'>collega</span> <span class='ocrx_word' id='word_1_386' title='bbox 2067 602 2222 646; x_wconf 89' lang='lat' dir='ltr'>Attilio</span> <span class='ocrx_word' id='word_1_387' title='bbox 2248 635 2260 657; x_wconf 88' lang='lat'>‚</span> <span class='ocrx_word' id='word_1_388' title='bbox 2293 618 2406 646; x_wconf 86' lang='lat' dir='ltr'>anno</span> 
     </span>
     <span class='ocr_line' id='line_1_59' title="bbox 1364 658 2413 715; baseline 0.003 -15"><span class='ocrx_word' id='word_1_389' title='bbox 1364 658 1474 701; x_wconf 85' lang='lat' dir='ltr'>urbis</span> <span class='ocrx_word' id='word_1_390' title='bbox 1509 660 1802 703; x_wconf 89' lang='lat' dir='ltr'><strong>DLXXXIII.</strong></span> <span class='ocrx_word' id='word_1_391' title='bbox 1830 659 1920 701; x_wconf 88' lang='lat' dir='ltr'>Nisi</span> <span class='ocrx_word' id='word_1_392' title='bbox 1949 659 2081 715; x_wconf 85' lang='lat' dir='ltr'>potius</span> <span class='ocrx_word' id='word_1_393' title='bbox 2104 675 2195 703; x_wconf 88' lang='lat' dir='ltr'>eam</span> <span class='ocrx_word' id='word_1_394' title='bbox 2211 675 2306 703; x_wconf 91' lang='lat' dir='ltr'>cum</span> <span class='ocrx_word' id='word_1_395' title='bbox 2322 662 2413 703; x_wconf 85' lang='lat' dir='ltr'>An·</span> 
     </span>
     <span class='ocr_line' id='line_1_60' title="bbox 1366 715 2414 773; baseline 0.003 -17"><span class='ocrx_word' id='word_1_396' title='bbox 1366 715 1481 758; x_wconf 91' lang='lat' dir='ltr'>tonio</span> <span class='ocrx_word' id='word_1_397' title='bbox 1515 717 1624 773; x_wconf 88' lang='lat' dir='ltr'>Aug.</span> <span class='ocrx_word' id='word_1_398' title='bbox 1653 715 1892 760; x_wconf 82' lang='lat' dir='ltr'>arcessamus</span> <span class='ocrx_word' id='word_1_399' title='bbox 1926 732 1948 758; x_wconf 90' lang='lat' dir='ltr'>a</span> <span class='ocrx_word' id='word_1_400' title='bbox 1980 717 2031 757; x_wconf 89' lang='lat' dir='ltr'>C.</span> <span class='ocrx_word' id='word_1_401' title='bbox 2062 716 2241 758; x_wconf 86' lang='lat' dir='ltr'>Hostilio</span> <span class='ocrx_word' id='word_1_402' title='bbox 2276 718 2414 759; x_wconf 78' lang='lat' dir='ltr'>Man-</span> 
     </span>
     <span class='ocr_line' id='line_1_61' title="bbox 1365 771 2410 829; baseline 0.004 -15"><span class='ocrx_word' id='word_1_403' title='bbox 1365 771 1459 815; x_wconf 89' lang='lat' dir='ltr'>cino</span> <span class='ocrx_word' id='word_1_404' title='bbox 1486 804 1499 826; x_wconf 84' lang='lat'>,</span> <span class='ocrx_word' id='word_1_405' title='bbox 1541 775 1607 829; x_wconf 92' lang='lat' dir='ltr'>qui</span> <span class='ocrx_word' id='word_1_406' title='bbox 1653 773 1855 828; x_wconf 82' lang='lat' dir='ltr'>collegam</span> <span class='ocrx_word' id='word_1_407' title='bbox 1900 771 2044 815; x_wconf 89' lang='lat' dir='ltr'>habuit</span> <span class='ocrx_word' id='word_1_408' title='bbox 2089 774 2152 816; x_wconf 87' lang='lat' dir='ltr'>M.</span> <span class='ocrx_word' id='word_1_409' title='bbox 2188 774 2410 818; x_wconf 76' lang='lat' dir='ltr'>AEmilium</span> 
     </span>
     <span class='ocr_line' id='line_1_62' title="bbox 1366 829 2411 885; baseline 0.002 -13"><span class='ocrx_word' id='word_1_410' title='bbox 1366 830 1564 885; x_wconf 90' lang='lat' dir='ltr'>Lepidum</span> <span class='ocrx_word' id='word_1_411' title='bbox 1608 829 1822 874; x_wconf 86' lang='lat' dir='ltr'>Percinam</span> <span class='ocrx_word' id='word_1_412' title='bbox 1867 844 1933 872; x_wconf 90' lang='lat' dir='ltr'>an.</span> <span class='ocrx_word' id='word_1_413' title='bbox 1988 831 2154 873; x_wconf 89' lang='lat' dir='ltr'>DXVI-</span> <span class='ocrx_word' id='word_1_414' title='bbox 2199 831 2259 872; x_wconf 91' lang='lat' dir='ltr'>Ut</span> <span class='ocrx_word' id='word_1_415' title='bbox 2294 830 2411 882; x_wconf 81' lang='lat' dir='ltr'>hujus</span> 
     </span>
     <span class='ocr_line' id='line_1_63' title="bbox 1364 886 2410 941; baseline 0.001 -11"><span class='ocrx_word' id='word_1_416' title='bbox 1364 898 1503 930; x_wconf 87' lang='lat' dir='ltr'>autern</span> <span class='ocrx_word' id='word_1_417' title='bbox 1538 888 1780 932; x_wconf 86' lang='lat' dir='ltr'>sententiam</span> <span class='ocrx_word' id='word_1_418' title='bbox 1818 886 1918 941; x_wconf 86' lang='lat' dir='ltr'>legis</span> <span class='ocrx_word' id='word_1_419' title='bbox 1938 886 2222 940; x_wconf 75' lang='lat' dir='ltr'>assequamur,</span> <span class='ocrx_word' id='word_1_420' title='bbox 2256 888 2410 931; x_wconf 89' lang='lat' dir='ltr'>memi-</span> 
     </span>
     <span class='ocr_line' id='line_1_64' title="bbox 1365 944 2406 1006; baseline 0.003 -20"><span class='ocrx_word' id='word_1_421' title='bbox 1365 944 1462 1006; x_wconf 75' lang='lat' dir='ltr'>nisse</span> <span class='ocrx_word' id='word_1_422' title='bbox 1505 957 1665 998; x_wconf 89' lang='lat' dir='ltr'>oportet</span> <span class='ocrx_word' id='word_1_423' title='bbox 1699 944 1829 999; x_wconf 87' lang='lat' dir='ltr'>prisco</span> <span class='ocrx_word' id='word_1_424' title='bbox 1860 945 1964 987; x_wconf 85' lang='lat' dir='ltr'><strong>XII.</strong></span> <span class='ocrx_word' id='word_1_425' title='bbox 1994 944 2122 987; x_wconf 88' lang='lat' dir='ltr'>tabul.</span> <span class='ocrx_word' id='word_1_426' title='bbox 2161 944 2246 996; x_wconf 86' lang='lat' dir='ltr'>jure</span> <span class='ocrx_word' id='word_1_427' title='bbox 2279 944 2406 989; x_wconf 87' lang='lat' dir='ltr'>nullis</span> 
     </span>
     <span class='ocr_line' id='line_1_65' title="bbox 1365 1000 2408 1064; baseline 0.001 -21"><span class='ocrx_word' id='word_1_428' title='bbox 1365 1016 1416 1064; x_wconf 48' lang='lat' dir='ltr'>m.</span> <span class='ocrx_word' id='word_1_429' title='bbox 1443 1002 1567 1045; x_wconf 86' lang='lat' dir='ltr'>causis</span> <span class='ocrx_word' id='word_1_430' title='bbox 1599 1001 1834 1058; x_wconf 80' lang='lat' dir='ltr'>permissum</span> <span class='ocrx_word' id='word_1_431' title='bbox 1868 1000 1980 1044; x_wconf 78' lang='lat' dir='ltr'>fuisse</span> <span class='ocrx_word' id='word_1_432' title='bbox 2012 1000 2162 1052; x_wconf 82' lang='lat' dir='ltr'>judicio</span> <span class='ocrx_word' id='word_1_433' title='bbox 2189 1002 2313 1045; x_wconf 74' lang='lat' dir='ltr'>adesse</span> <span class='ocrx_word' id='word_1_434' title='bbox 2336 1016 2408 1057; x_wconf 88' lang='lat' dir='ltr'>per</span> 
     </span>
     <span class='ocr_line' id='line_1_66' title="bbox 1364 1058 2405 1116; baseline 0.003 -16"><span class='ocrx_word' id='word_1_435' title='bbox 1364 1058 1521 1113; x_wconf 86' lang='lat' dir='ltr'>alium,</span> <span class='ocrx_word' id='word_1_436' title='bbox 1553 1075 1678 1116; x_wconf 88' lang='lat' dir='ltr'>quam</span> <span class='ocrx_word' id='word_1_437' title='bbox 1711 1059 1843 1115; x_wconf 88' lang='lat' dir='ltr'>postea</span> <span class='ocrx_word' id='word_1_438' title='bbox 1876 1060 2082 1102; x_wconf 77' lang='lat' dir='ltr'>necessitas</span> <span class='ocrx_word' id='word_1_439' title='bbox 2118 1059 2250 1114; x_wconf 72' lang='lat' dir='ltr'>legem</span> <span class='ocrx_word' id='word_1_440' title='bbox 2284 1058 2405 1103; x_wconf 85' lang='lat' dir='ltr'>solvit</span> 
     </span>
     <span class='ocr_line' id='line_1_67' title="bbox 1363 1116 2404 1173; baseline 0.001 -14"><span class='ocrx_word' id='word_1_441' title='bbox 1363 1116 1407 1159; x_wconf 67' lang='grc' dir='ltr'>δι</span> <span class='ocrx_word' id='word_1_442' title='bbox 1450 1116 1567 1171; x_wconf 90' lang='lat' dir='ltr'>copia</span> <span class='ocrx_word' id='word_1_443' title='bbox 1609 1116 1877 1173; x_wconf 84' lang='lat' dir='ltr'>negociorum</span> <span class='ocrx_word' id='word_1_444' title='bbox 1903 1145 1916 1163; x_wconf 69' lang='lat'><strong>.</strong></span> <span class='ocrx_word' id='word_1_445' title='bbox 1961 1128 2081 1172; x_wconf 89' lang='lat' dir='ltr'>atque</span> <span class='ocrx_word' id='word_1_446' title='bbox 2134 1116 2323 1171; x_wconf 82' lang='lat' dir='ltr'>frequens</span> <span class='ocrx_word' id='word_1_447' title='bbox 2356 1131 2404 1160; x_wconf 88' lang='lat' dir='ltr'>ac</span> 
     </span>
     <span class='ocr_line' id='line_1_68' title="bbox 1366 1173 2408 1230; baseline 0 -14"><span class='ocrx_word' id='word_1_448' title='bbox 1366 1173 1488 1230; x_wconf 84' lang='lat' dir='ltr'>longa</span> <span class='ocrx_word' id='word_1_449' title='bbox 1538 1173 1581 1216; x_wconf 90' lang='lat' dir='ltr'>in</span> <span class='ocrx_word' id='word_1_450' title='bbox 1633 1175 1764 1217; x_wconf 81' lang='lat' dir='ltr'>varias</span> <span class='ocrx_word' id='word_1_451' title='bbox 1808 1174 1992 1230; x_wconf 81' lang='lat' dir='ltr'>regiones</span> <span class='ocrx_word' id='word_1_452' title='bbox 2038 1174 2314 1230; x_wconf 81' lang='lat' dir='ltr'>peregrinatio</span> <span class='ocrx_word' id='word_1_453' title='bbox 2347 1173 2408 1216; x_wconf 85' lang='lat' dir='ltr'>ci-</span> 
     </span>
     <span class='ocr_line' id='line_1_69' title="bbox 1365 1230 2407 1287; baseline 0 -13"><span class='ocrx_word' id='word_1_454' title='bbox 1365 1231 1506 1285; x_wconf 85' lang='lat' dir='ltr'>vium,</span> <span class='ocrx_word' id='word_1_455' title='bbox 1550 1246 1638 1287; x_wconf 79' lang='lat' dir='ltr'>quae</span> <span class='ocrx_word' id='word_1_456' title='bbox 1680 1231 1889 1286; x_wconf 89' lang='lat' dir='ltr'>obtinuit,</span> <span class='ocrx_word' id='word_1_457' title='bbox 1932 1245 1977 1275; x_wconf 90' lang='lat' dir='ltr'>ut</span> <span class='ocrx_word' id='word_1_458' title='bbox 2020 1231 2161 1275; x_wconf 83' lang='lat' dir='ltr'>saltem</span> <span class='ocrx_word' id='word_1_459' title='bbox 2207 1231 2249 1274; x_wconf 90' lang='lat' dir='ltr'>in</span> <span class='ocrx_word' id='word_1_460' title='bbox 2283 1230 2407 1274; x_wconf 78' lang='lat' dir='ltr'>causls</span> 
     </span>
    </p>
   </div>
   <div class='ocr_carea' id='block_1_17' title="bbox 1331 1288 2407 1345">
    <p class='ocr_par' dir='ltr' id='par_1_22' title="bbox 1331 1288 2407 1345">
     <span class='ocr_line' id='line_1_70' title="bbox 1331 1288 2407 1345; baseline -0.001 -13"><span class='ocrx_word' id='word_1_461' title='bbox 1331 1288 1556 1345; x_wconf 68' lang='lat' dir='ltr'>⁴civilibus</span> <span class='ocrx_word' id='word_1_462' title='bbox 1599 1305 1714 1345; x_wconf 83' lang='lat' dir='ltr'>agere</span> <span class='ocrx_word' id='word_1_463' title='bbox 1760 1289 1874 1344; x_wconf 88' lang='lat' dir='ltr'>seque</span> <span class='ocrx_word' id='word_1_464' title='bbox 1924 1288 2137 1332; x_wconf 78' lang='lat' dir='ltr'>defendere</span> <span class='ocrx_word' id='word_1_465' title='bbox 2171 1303 2240 1342; x_wconf 91' lang='lat' dir='ltr'>per</span> <span class='ocrx_word' id='word_1_466' title='bbox 2273 1288 2407 1331; x_wconf 87' lang='lat' dir='ltr'>aliurn</span> 
     </span>
    </p>
   </div>
   <div class='ocr_carea' id='block_1_18' title="bbox 1361 1345 2410 1968">
    <p class='ocr_par' dir='ltr' id='par_1_23' title="bbox 1361 1345 2410 1968">
     <span class='ocr_line' id='line_1_71' title="bbox 1361 1345 2407 1400; baseline -0.004 -11"><span class='ocrx_word' id='word_1_467' title='bbox 1361 1346 1533 1400; x_wconf 76' lang='lat' dir='ltr'>liceret3</span> <span class='ocrx_word' id='word_1_468' title='bbox 1566 1348 1741 1391; x_wconf 87' lang='lat' dir='ltr'>minime</span> <span class='ocrx_word' id='word_1_469' title='bbox 1773 1361 1870 1389; x_wconf 90' lang='lat' dir='ltr'>vero</span> <span class='ocrx_word' id='word_1_470' title='bbox 1902 1346 1946 1389; x_wconf 87' lang='lat' dir='ltr'>in</span> <span class='ocrx_word' id='word_1_471' title='bbox 1980 1345 2294 1398; x_wconf 80' lang='lat' dir='ltr'>criminalibus,</span> <span class='ocrx_word' id='word_1_472' title='bbox 2326 1346 2407 1395; x_wconf 88' lang='lat' dir='ltr'>(l)</span> 
     </span>
     <span class='ocr_line' id='line_1_72' title="bbox 1366 1402 2405 1461; baseline -0.006 -13"><span class='ocrx_word' id='word_1_473' title='bbox 1366 1417 1631 1461; x_wconf 84' lang='lat' dir='ltr'>praeterquam</span> <span class='ocrx_word' id='word_1_474' title='bbox 1665 1405 1707 1448; x_wconf 89' lang='lat' dir='ltr'>in</span> <span class='ocrx_word' id='word_1_475' title='bbox 1743 1403 1852 1446; x_wconf 87' lang='lat' dir='ltr'>furto</span> <span class='ocrx_word' id='word_1_476' title='bbox 1882 1419 1932 1447; x_wconf 89' lang='lat' dir='ltr'>ex</span> <span class='ocrx_word' id='word_1_477' title='bbox 1968 1404 2055 1460; x_wconf 82' lang='lat' dir='ltr'>lege</span> <span class='ocrx_word' id='word_1_478' title='bbox 2076 1402 2279 1453; x_wconf 81' lang='lat' dir='ltr'>Hostilia,</span> <span class='ocrx_word' id='word_1_479' title='bbox 2313 1412 2405 1457; x_wconf 53' lang='lat' dir='ltr'>quw</span> 
     </span>
     <span class='ocr_line' id='line_1_73' title="bbox 1366 1457 2401 1516; baseline -0.006 -10"><span class='ocrx_word' id='word_1_480' title='bbox 1366 1462 1552 1515; x_wconf 80' lang='lat' dir='ltr'>indulsit,</span> <span class='ocrx_word' id='word_1_481' title='bbox 1600 1474 1644 1505; x_wconf 92' lang='lat' dir='ltr'>ut</span> <span class='ocrx_word' id='word_1_482' title='bbox 1689 1461 1788 1505; x_wconf 87' lang='lat' dir='ltr'>furti</span> <span class='ocrx_word' id='word_1_483' title='bbox 1819 1476 1932 1516; x_wconf 76' lang='lat' dir='ltr'>agere</span> <span class='ocrx_word' id='word_1_484' title='bbox 1969 1459 2109 1503; x_wconf 87' lang='lat' dir='ltr'>liceret</span> <span class='ocrx_word' id='word_1_485' title='bbox 2143 1459 2315 1502; x_wconf 88' lang='lat' dir='ltr'>nomine</span> <span class='ocrx_word' id='word_1_486' title='bbox 2348 1457 2401 1500; x_wconf 87' lang='lat' dir='ltr'>il·-</span> 
     </span>
     <span class='ocr_line' id='line_1_74' title="bbox 1366 1516 2402 1575; baseline -0.006 -13"><span class='ocrx_word' id='word_1_487' title='bbox 1366 1521 1441 1564; x_wconf 81' lang='lat' dir='ltr'>lius</span> <span class='ocrx_word' id='word_1_488' title='bbox 1466 1551 1478 1572; x_wconf 88' lang='lat'>,</span> <span class='ocrx_word' id='word_1_489' title='bbox 1510 1518 1580 1575; x_wconf 91' lang='lat' dir='ltr'>qui</span> <span class='ocrx_word' id='word_1_490' title='bbox 1614 1519 1718 1574; x_wconf 89' lang='lat' dir='ltr'>apud</span> <span class='ocrx_word' id='word_1_491' title='bbox 1752 1518 1880 1560; x_wconf 81' lang='lat' dir='ltr'>hostes</span> <span class='ocrx_word' id='word_1_492' title='bbox 1920 1517 2152 1559; x_wconf 80' lang='lat' dir='ltr'>infortunio</span> <span class='ocrx_word' id='word_1_493' title='bbox 2188 1516 2254 1557; x_wconf 93' lang='lat' dir='ltr'>suo</span> <span class='ocrx_word' id='word_1_494' title='bbox 2289 1530 2402 1571; x_wconf 85' lang='lat' dir='ltr'>repe-</span> 
     </span>
     <span class='ocr_line' id='line_1_75' title="bbox 1365 1572 2400 1629; baseline -0.007 -9"><span class='ocrx_word' id='word_1_495' title='bbox 1365 1579 1537 1629; x_wconf 87' lang='lat' dir='ltr'>riretur,</span> <span class='ocrx_word' id='word_1_496' title='bbox 1581 1588 1651 1618; x_wconf 85' lang='lat' dir='ltr'>aut</span> <span class='ocrx_word' id='word_1_497' title='bbox 1682 1575 1826 1618; x_wconf 76' lang='lat' dir='ltr'>abesset</span> <span class='ocrx_word' id='word_1_498' title='bbox 1859 1573 2113 1628; x_wconf 85' lang='lat' dir='ltr'>Reipublicae</span> <span class='ocrx_word' id='word_1_499' title='bbox 2145 1572 2287 1624; x_wconf 83' lang='lat' dir='ltr'>causa;</span> <span class='ocrx_word' id='word_1_500' title='bbox 2319 1572 2400 1623; x_wconf 88' lang='lat' dir='ltr'>(m)</span> 
     </span>
     <span class='ocr_line' id='line_1_76' title="bbox 1366 1630 2408 1686; baseline -0.006 -8"><span class='ocrx_word' id='word_1_501' title='bbox 1366 1634 1466 1678; x_wconf 90' lang='lat' dir='ltr'>item</span> <span class='ocrx_word' id='word_1_502' title='bbox 1520 1632 1564 1676; x_wconf 86' lang='lat'>&amp;</span> <span class='ocrx_word' id='word_1_503' title='bbox 1610 1631 1693 1684; x_wconf 81' lang='lat' dir='ltr'>ejus</span> <span class='ocrx_word' id='word_1_504' title='bbox 1749 1630 1893 1686; x_wconf 80' lang='lat' dir='ltr'>pupilli</span> <span class='ocrx_word' id='word_1_505' title='bbox 1951 1631 2123 1674; x_wconf 90' lang='lat' dir='ltr'>nomine</span> <span class='ocrx_word' id='word_1_506' title='bbox 2162 1661 2174 1682; x_wconf 89' lang='lat'>,</span> <span class='ocrx_word' id='word_1_507' title='bbox 2228 1643 2408 1684; x_wconf 84' lang='lat' dir='ltr'>quorum</span> 
     </span>
     <span class='ocr_line' id='line_1_77' title="bbox 1363 1686 2410 1742; baseline -0.006 -8"><span class='ocrx_word' id='word_1_508' title='bbox 1363 1703 1516 1735; x_wconf 86' lang='lat' dir='ltr'>tutores</span> <span class='ocrx_word' id='word_1_509' title='bbox 1547 1705 1597 1733; x_wconf 86' lang='lat' dir='ltr'>ex</span> <span class='ocrx_word' id='word_1_510' title='bbox 1630 1688 1753 1733; x_wconf 78' lang='lat' dir='ltr'>caulis</span> <span class='ocrx_word' id='word_1_511' title='bbox 1786 1689 1924 1732; x_wconf 86' lang='lat' dir='ltr'>iisdem</span> <span class='ocrx_word' id='word_1_512' title='bbox 1961 1687 2277 1742; x_wconf 87' lang='lat' dir='ltr'>impediuntur.</span> <span class='ocrx_word' id='word_1_513' title='bbox 2321 1686 2410 1728; x_wconf 82' lang='lat' dir='ltr'>Ce-</span> 
     </span>
     <span class='ocr_line' id='line_1_78' title="bbox 1364 1745 2407 1803; baseline -0.007 -12"><span class='ocrx_word' id='word_1_514' title='bbox 1364 1762 1496 1793; x_wconf 88' lang='lat' dir='ltr'>terum</span> <span class='ocrx_word' id='word_1_515' title='bbox 1533 1747 1782 1803; x_wconf 86' lang='lat' dir='ltr'>generaliter</span> <span class='ocrx_word' id='word_1_516' title='bbox 1817 1745 2033 1788; x_wconf 73' lang='lat' dir='ltr'>definitum</span> <span class='ocrx_word' id='word_1_517' title='bbox 2067 1745 2152 1796; x_wconf 86' lang='lat' dir='ltr'>est,</span> <span class='ocrx_word' id='word_1_518' title='bbox 2206 1754 2251 1786; x_wconf 91' lang='lat' dir='ltr'>ut</span> <span class='ocrx_word' id='word_1_519' title='bbox 2283 1758 2407 1786; x_wconf 88' lang='lat' dir='ltr'>excu-</span> 
     </span>
     <span class='ocr_line' id='line_1_79' title="bbox 1364 1798 2407 1852; baseline -0.008 -4"><span class='ocrx_word' id='word_1_520' title='bbox 1364 1805 1535 1849; x_wconf 83' lang='lat' dir='ltr'>sationes</span> <span class='ocrx_word' id='word_1_521' title='bbox 1582 1804 1809 1847; x_wconf 89' lang='lat' dir='ltr'>absentium</span> <span class='ocrx_word' id='word_1_522' title='bbox 1851 1818 1900 1845; x_wconf 81' lang='lat' dir='ltr'>ex</span> <span class='ocrx_word' id='word_1_523' title='bbox 1945 1803 1984 1844; x_wconf 87' lang='lat' dir='ltr'>S.</span> <span class='ocrx_word' id='word_1_524' title='bbox 2010 1803 2063 1844; x_wconf 89' lang='lat' dir='ltr'>C.</span> <span class='ocrx_word' id='word_1_525' title='bbox 2112 1798 2314 1852; x_wconf 85' lang='lat' dir='ltr'>judicibus</span> <span class='ocrx_word' id='word_1_526' title='bbox 2343 1798 2407 1841; x_wconf 88' lang='lat' dir='ltr'>al-</span> 
     </span>
     <span class='ocr_line' id='line_1_80' title="bbox 1365 1855 2402 1918; baseline -0.009 -12"><span class='ocrx_word' id='word_1_527' title='bbox 1365 1863 1577 1918; x_wconf 76' lang='lat' dir='ltr'>legentur,</span> <span class='ocrx_word' id='word_1_528' title='bbox 1619 1861 1662 1903; x_wconf 85' lang='lat'><strong>&amp;</strong></span> <span class='ocrx_word' id='word_1_529' title='bbox 1708 1861 1734 1902; x_wconf 87' lang='lat' dir='ltr'>fi</span> <span class='ocrx_word' id='word_1_530' title='bbox 1778 1859 1917 1910; x_wconf 84' lang='lat' dir='ltr'>justam</span> <span class='ocrx_word' id='word_1_531' title='bbox 1954 1858 2158 1902; x_wconf 87' lang='lat' dir='ltr'>rationem</span> <span class='ocrx_word' id='word_1_532' title='bbox 2191 1855 2402 1911; x_wconf 87' lang='lat' dir='ltr'>habeant,</span> 
     </span>
     <span class='ocr_line' id='line_1_81' title="bbox 1366 1917 1955 1968; baseline -0.014 -3"><span class='ocrx_word' id='word_1_533' title='bbox 1366 1919 1567 1965; x_wconf 87' lang='lat' dir='ltr'>sententia</span> <span class='ocrx_word' id='word_1_534' title='bbox 1599 1917 1834 1961; x_wconf 88' lang='lat' dir='ltr'>differatur.</span> <span class='ocrx_word' id='word_1_535' title='bbox 1868 1918 1955 1968; x_wconf 87' lang='lat' dir='ltr'>(n)</span> 
     </span>
    </p>
   </div>
   <div class='ocr_carea' id='block_1_19' title="bbox 1544 2027 2234 2204">
    <p class='ocr_par' dir='ltr' id='par_1_24' title="bbox 1544 2027 2234 2204">
     <span class='ocr_line' id='line_1_82' title="bbox 1544 2027 2234 2077; baseline -0.01 0"><span class='ocrx_word' id='word_1_536' title='bbox 1544 2035 1584 2077; x_wconf 91' lang='lat' dir='ltr'>C</span> <span class='ocrx_word' id='word_1_537' title='bbox 1646 2034 1684 2075; x_wconf 95' lang='lat' dir='ltr'>A</span> <span class='ocrx_word' id='word_1_538' title='bbox 1745 2031 1776 2074; x_wconf 90' lang='lat' dir='ltr'>P</span> <span class='ocrx_word' id='word_1_539' title='bbox 1835 2030 1879 2072; x_wconf 92' lang='lat' dir='ltr'>U</span> <span class='ocrx_word' id='word_1_540' title='bbox 1939 2031 1982 2072; x_wconf 92' lang='lat' dir='ltr'>T</span> <span class='ocrx_word' id='word_1_541' title='bbox 2083 2028 2191 2072; x_wconf 90' lang='lat' dir='ltr'>CVI</span> <span class='ocrx_word' id='word_1_542' title='bbox 2201 2027 2234 2070; x_wconf 80' lang='lat' dir='ltr'>l.</span> 
     </span>
     <span class='ocr_line' id='line_1_83' title="bbox 1555 2143 2231 2204; baseline -0.006 -12"><span class='ocrx_word' id='word_1_543' title='bbox 1555 2150 1623 2193; x_wconf 83' lang='lat' dir='ltr'>De</span> <span class='ocrx_word' id='word_1_544' title='bbox 1648 2148 1727 2204; x_wconf 82' lang='lat' dir='ltr'>lege</span> <span class='ocrx_word' id='word_1_545' title='bbox 1752 2146 1885 2190; x_wconf 78' lang='lat' dir='ltr'>Fabia</span> <span class='ocrx_word' id='word_1_546' title='bbox 1908 2146 1955 2188; x_wconf 83' lang='lat' dir='ltr'>de</span> <span class='ocrx_word' id='word_1_547' title='bbox 1980 2143 2231 2201; x_wconf 79' lang='lat' dir='ltr'>Plagiariis.</span> 
     </span>
    </p>
   </div>
   <div class='ocr_carea' id='block_1_20' title="bbox 1366 2253 2406 2546">
    <p class='ocr_par' dir='ltr' id='par_1_25' title="bbox 1366 2253 2406 2546">
     <span class='ocr_line' id='line_1_84' title="bbox 1482 2253 2402 2313; baseline -0.011 -7"><span class='ocrx_word' id='word_1_548' title='bbox 1482 2261 1616 2306; x_wconf 86' lang='lat' dir='ltr'>Furtis</span> <span class='ocrx_word' id='word_1_549' title='bbox 1663 2261 1911 2304; x_wconf 79' lang='lat' dir='ltr'>transeamus</span> <span class='ocrx_word' id='word_1_550' title='bbox 1953 2259 1999 2302; x_wconf 87' lang='lat' dir='ltr'>ad</span> <span class='ocrx_word' id='word_1_551' title='bbox 2045 2257 2264 2313; x_wconf 85' lang='lat' dir='ltr'>plagium,</span> <span class='ocrx_word' id='word_1_552' title='bbox 2295 2253 2402 2311; x_wconf 88' lang='lat' dir='ltr'>quod</span> 
     </span>
     <span class='ocr_line' id='line_1_85' title="bbox 1500 2311 2396 2367; baseline -0.012 -4"><span class='ocrx_word' id='word_1_553' title='bbox 1500 2320 1571 2364; x_wconf 84' lang='lat' dir='ltr'>etsi</span> <span class='ocrx_word' id='word_1_554' title='bbox 1616 2336 1638 2362; x_wconf 94' lang='lat' dir='ltr'>a</span> <span class='ocrx_word' id='word_1_555' title='bbox 1685 2319 1801 2360; x_wconf 89' lang='lat' dir='ltr'>furtis</span> <span class='ocrx_word' id='word_1_556' title='bbox 1845 2316 1992 2367; x_wconf 82' lang='lat' dir='ltr'>distet,</span> <span class='ocrx_word' id='word_1_557' title='bbox 2040 2316 2096 2357; x_wconf 81' lang='lat' dir='ltr'>eis</span> <span class='ocrx_word' id='word_1_558' title='bbox 2141 2327 2282 2356; x_wconf 88' lang='lat' dir='ltr'>tamen</span> <span class='ocrx_word' id='word_1_559' title='bbox 2335 2311 2396 2352; x_wconf 80' lang='lat' dir='ltr'>vi-</span> 
     </span>
     <span class='ocr_line' id='line_1_86' title="bbox 1366 2369 2398 2425; baseline -0.013 -3"><span class='ocrx_word' id='word_1_560' title='bbox 1366 2379 1481 2421; x_wconf 88' lang='lat' dir='ltr'>detur</span> <span class='ocrx_word' id='word_1_561' title='bbox 1524 2378 1668 2421; x_wconf 77' lang='lat' dir='ltr'>affine.</span> <span class='ocrx_word' id='word_1_562' title='bbox 1724 2374 1895 2417; x_wconf 63' lang='lat' dir='ltr'>Distum</span> <span class='ocrx_word' id='word_1_563' title='bbox 1928 2372 1982 2415; x_wconf 87' lang='lat' dir='ltr'>est</span> <span class='ocrx_word' id='word_1_564' title='bbox 2027 2369 2209 2425; x_wconf 81' lang='lat' dir='ltr'>plagium</span> <span class='ocrx_word' id='word_1_565' title='bbox 2254 2386 2276 2413; x_wconf 93' lang='lat' dir='ltr'>a</span> <span class='ocrx_word' id='word_1_566' title='bbox 2308 2383 2398 2425; x_wconf 79' lang='lat' dir='ltr'>gre-</span> 
     </span>
     <span class='ocr_line' id='line_1_87' title="bbox 1367 2423 2406 2488; baseline -0.01 -11"><span class='ocrx_word' id='word_1_567' title='bbox 1367 2452 1414 2478; x_wconf 87' lang='lat' dir='ltr'>co</span> <span class='ocrx_word' id='word_1_568' title='bbox 1447 2435 1608 2485; x_wconf 65' lang='grc' dir='ltr'>πλαίγιος</span> <span class='ocrx_word' id='word_1_569' title='bbox 1636 2462 1650 2487; x_wconf 85' lang='lat'><em>‚</em></span> <span class='ocrx_word' id='word_1_570' title='bbox 1696 2431 1804 2488; x_wconf 88' lang='lat' dir='ltr'>quod</span> <span class='ocrx_word' id='word_1_571' title='bbox 1847 2429 2046 2485; x_wconf 84' lang='lat' dir='ltr'>significat</span> <span class='ocrx_word' id='word_1_572' title='bbox 2088 2427 2312 2482; x_wconf 87' lang='lat' dir='ltr'>obliquus,</span> <span class='ocrx_word' id='word_1_573' title='bbox 2358 2423 2406 2467; x_wconf 84' lang='lat' dir='ltr'>in</span> 
     </span>
     <span class='ocr_line' id='line_1_88' title="bbox 1366 2483 2406 2546; baseline -0.012 -10"><span class='ocrx_word' id='word_1_574' title='bbox 1366 2493 1468 2537; x_wconf 80' lang='lat' dir='ltr'>latus</span> <span class='ocrx_word' id='word_1_575' title='bbox 1503 2490 1663 2546; x_wconf 84' lang='lat' dir='ltr'>versus,</span> <span class='ocrx_word' id='word_1_576' title='bbox 1710 2487 1956 2531; x_wconf 82' lang='lat' dir='ltr'>transversus</span> <span class='ocrx_word' id='word_1_577' title='bbox 1985 2501 1994 2526; x_wconf 73' lang='grc' dir='ltr'><em>τ</em></span> <span class='ocrx_word' id='word_1_578' title='bbox 2029 2496 2075 2528; x_wconf 82' lang='lat' dir='ltr'>ut</span> <span class='ocrx_word' id='word_1_579' title='bbox 2109 2483 2225 2535; x_wconf 84' lang='lat' dir='ltr'>hujus</span> <span class='ocrx_word' id='word_1_580' title='bbox 2259 2496 2406 2526; x_wconf 80' lang='lat' dir='ltr'>natura</span> 
     </span>
    </p>
   </div>
   <div class='ocr_carea' id='block_1_21' title="bbox 1365 2546 2405 2639">
    <p class='ocr_par' dir='ltr' id='par_1_26' title="bbox 1365 2546 2405 2639">
     <span class='ocr_line' id='line_1_89' title="bbox 1365 2546 2405 2605; baseline -0.013 -9"><span class='ocrx_word' id='word_1_581' title='bbox 1365 2548 1554 2597; x_wconf 84' lang='lat' dir='ltr'>criminis</span> <span class='ocrx_word' id='word_1_582' title='bbox 1608 2546 1903 2605; x_wconf 82' lang='lat' dir='ltr'>exprimatur,</span> <span class='ocrx_word' id='word_1_583' title='bbox 1959 2557 2048 2599; x_wconf 87' lang='lat' dir='ltr'>quae</span> <span class='ocrx_word' id='word_1_584' title='bbox 2102 2553 2188 2584; x_wconf 91' lang='lat' dir='ltr'>tota</span> <span class='ocrx_word' id='word_1_585' title='bbox 2232 2554 2405 2602; x_wconf 75' lang='lat' dir='ltr'>compo-</span> 
     </span>
     <span class='ocr_line' id='line_1_90' title="bbox 2287 2608 2402 2639; baseline -0.026 0"><span class='ocrx_word' id='word_1_586' title='bbox 2287 2608 2402 2639; x_wconf 84' lang='lat' dir='ltr'>nitur</span> 
     </span>
    </p>
   </div>
   <div class='ocr_carea' id='block_1_22' title="bbox 1367 2664 2386 2695">
    <p class='ocr_par' dir='ltr' id='par_1_27' title="bbox 1367 2664 2386 2695">
     <span class='ocr_line' id='line_1_91' title="bbox 1367 2664 2386 2695; baseline -0.018 0"><span class='ocrx_word' id='word_1_587' title='bbox 1367 2680 1714 2695; x_wconf 45' lang='lat' dir='ltr'>-fi--d--—</span> <span class='ocrx_word' id='word_1_588' title='bbox 1730 2664 2386 2687; x_wconf 43' lang='lat' dir='ltr'>Q—-d———q-——n—</span> 
     </span>
    </p>
   </div>
   <div class='ocr_carea' id='block_1_23' title="bbox 1364 2695 2378 3115">
    <p class='ocr_par' dir='ltr' id='par_1_28' title="bbox 1364 2695 2378 2846">
     <span class='ocr_line' id='line_1_92' title="bbox 1364 2695 2378 2770; baseline -0.021 -23"><span class='ocrx_word' id='word_1_589' title='bbox 1364 2725 1421 2747; x_wconf 77' lang='lat' dir='ltr'>rer.</span> <span class='ocrx_word' id='word_1_590' title='bbox 1448 2712 1509 2770; x_wconf 52' lang='lat'>525.</span> <span class='ocrx_word' id='word_1_591' title='bbox 1540 2724 1603 2745; x_wconf 78' lang='lat' dir='ltr'>non</span> <span class='ocrx_word' id='word_1_592' title='bbox 1631 2712 1699 2744; x_wconf 75' lang='lat' dir='ltr'>dat.</span> <span class='ocrx_word' id='word_1_593' title='bbox 1728 2711 1751 2742; x_wconf 80' lang='lat'>1.</span> <span class='ocrx_word' id='word_1_594' title='bbox 1775 2714 1844 2749; x_wconf 78' lang='lat' dir='ltr'>pen.</span> <span class='ocrx_word' id='word_1_595' title='bbox 1857 2704 1895 2749; x_wconf 72' lang='lat' dir='ltr'>ff</span> <span class='ocrx_word' id='word_1_596' title='bbox 1923 2706 1961 2737; x_wconf 82' lang='lat' dir='ltr'>de</span> <span class='ocrx_word' id='word_1_597' title='bbox 1973 2712 2066 2735; x_wconf 77' lang='lat' dir='ltr'>naut.</span> <span class='ocrx_word' id='word_1_598' title='bbox 2088 2703 2166 2744; x_wconf 75' lang='lat' dir='ltr'>faen.</span> <span class='ocrx_word' id='word_1_599' title='bbox 2183 2699 2293 2737; x_wconf 82' lang='lat' dir='ltr'>cujac.</span> <span class='ocrx_word' id='word_1_600' title='bbox 2318 2695 2378 2729; x_wconf 74' lang='lat' dir='ltr'>lib.</span> 
     </span>
     <span class='ocr_line' id='line_1_93' title="bbox 1369 2759 2206 2846; baseline -0.02 -9"><span class='ocrx_word' id='word_1_601' title='bbox 1369 2772 1396 2801; x_wconf 39' lang='lat'>9¹</span> <span class='ocrx_word' id='word_1_602' title='bbox 1413 2759 1566 2846; x_wconf 46' lang='grc' dir='ltr'>[ἒῖβῖξὶ</span> <span class='ocrx_word' id='word_1_603' title='bbox 1585 2805 1621 2833; x_wconf 88' lang='lat' dir='ltr'>C.</span> <span class='ocrx_word' id='word_1_604' title='bbox 1636 2801 1674 2833; x_wconf 81' lang='lat' dir='ltr'>de</span> <span class='ocrx_word' id='word_1_605' title='bbox 1686 2801 1822 2842; x_wconf 71' lang='lat' dir='ltr'>aleator.</span> <span class='ocrx_word' id='word_1_606' title='bbox 1874 2794 1922 2835; x_wconf 84' lang='lat' dir='ltr'>[h]</span> <span class='ocrx_word' id='word_1_607' title='bbox 1953 2795 1991 2825; x_wconf 84' lang='lat' dir='ltr'>L.</span> <span class='ocrx_word' id='word_1_608' title='bbox 2006 2794 2068 2824; x_wconf 75' lang='lat' dir='ltr'>ule.</span> <span class='ocrx_word' id='word_1_609' title='bbox 2088 2794 2123 2822; x_wconf 87' lang='lat' dir='ltr'>C.</span> <span class='ocrx_word' id='word_1_610' title='bbox 2139 2790 2206 2821; x_wconf 77' lang='lat' dir='ltr'>eod.</span> 
     </span>
    </p>

    <p class='ocr_par' dir='ltr' id='par_1_29' title="bbox 1365 2835 2209 2979">
     <span class='ocr_line' id='line_1_94' title="bbox 1415 2835 2209 2890; baseline -0.015 -10"><span class='ocrx_word' id='word_1_611' title='bbox 1415 2850 1460 2890; x_wconf 85' lang='grc' dir='ltr'>[ι’]</span> <span class='ocrx_word' id='word_1_612' title='bbox 1488 2851 1523 2879; x_wconf 85' lang='lat' dir='ltr'>C.</span> <span class='ocrx_word' id='word_1_613' title='bbox 1539 2847 1576 2879; x_wconf 78' lang='lat' dir='ltr'>de</span> <span class='ocrx_word' id='word_1_614' title='bbox 1590 2849 1724 2879; x_wconf 71' lang='lat' dir='ltr'>aleator.</span> <span class='ocrx_word' id='word_1_615' title='bbox 1741 2847 1851 2879; x_wconf 71' lang='lat' dir='ltr'>cujac.</span> <span class='ocrx_word' id='word_1_616' title='bbox 1867 2847 1974 2881; x_wconf 77' lang='lat' dir='ltr'>parat.</span> <span class='ocrx_word' id='word_1_617' title='bbox 2001 2835 2047 2869; x_wconf 74' lang='lat' dir='ltr'>ib.</span> <span class='ocrx_word' id='word_1_618' title='bbox 2074 2835 2112 2867; x_wconf 73' lang='lat'>(5</span> <span class='ocrx_word' id='word_1_619' title='bbox 2138 2837 2161 2869; x_wconf 75' lang='lat' dir='ltr'>l.</span> <span class='ocrx_word' id='word_1_620' title='bbox 2183 2846 2209 2868; x_wconf 82' lang='lat' dir='ltr'>x.</span> 
     </span>
     <span class='ocr_line' id='line_1_95' title="bbox 1365 2898 1949 2979; baseline -0.027 -6"><span class='ocrx_word' id='word_1_621' title='bbox 1365 2898 1500 2979; x_wconf 45' lang='lat' dir='ltr'>hagag)</span> <span class='ocrx_word' id='word_1_622' title='bbox 1526 2939 1563 2967; x_wconf 80' lang='lat' dir='ltr'>L.</span> <span class='ocrx_word' id='word_1_623' title='bbox 1584 2946 1609 2967; x_wconf 81' lang='grc' dir='ltr'>ι.</span> <span class='ocrx_word' id='word_1_624' title='bbox 1623 2933 1661 2977; x_wconf 73' lang='lat' dir='ltr'>ff</span> <span class='ocrx_word' id='word_1_625' title='bbox 1678 2935 1740 2965; x_wconf 68' lang='lat' dir='ltr'>ule.</span> <span class='ocrx_word' id='word_1_626' title='bbox 1757 2933 1816 2963; x_wconf 81' lang='lat' dir='ltr'>t.2.</span> <span class='ocrx_word' id='word_1_627' title='bbox 1830 2927 1866 2972; x_wconf 75' lang='lat' dir='ltr'><strong><em>ff</em></strong></span> <span class='ocrx_word' id='word_1_628' title='bbox 1885 2928 1949 2959; x_wconf 69' lang='lat' dir='ltr'>eod.</span> 
     </span>
    </p>

    <p class='ocr_par' dir='ltr' id='par_1_30' title="bbox 1411 2970 2044 3024">
     <span class='ocr_line' id='line_1_96' title="bbox 1411 2970 2044 3024; baseline -0.022 -10"><span class='ocrx_word' id='word_1_629' title='bbox 1411 2983 1483 3024; x_wconf 74' lang='grc'>(1]</span> <span class='ocrx_word' id='word_1_630' title='bbox 1513 2984 1548 3013; x_wconf 87' lang='lat' dir='ltr'>L.</span> <span class='ocrx_word' id='word_1_631' title='bbox 1574 2990 1622 3017; x_wconf 81' lang='lat'>13.</span> <span class='ocrx_word' id='word_1_632' title='bbox 1664 3001 1671 3008; x_wconf 93' lang='lat'><strong>.</strong></span> <span class='ocrx_word' id='word_1_633' title='bbox 1694 2974 1770 3020; x_wconf 58' lang='lat' dir='ltr'>Lfl‘.</span> <span class='ocrx_word' id='word_1_634' title='bbox 1791 2976 1827 3008; x_wconf 77' lang='lat' dir='ltr'>de</span> <span class='ocrx_word' id='word_1_635' title='bbox 1841 2971 1928 3015; x_wconf 69' lang='lat' dir='ltr'>pabl.</span> <span class='ocrx_word' id='word_1_636' title='bbox 1943 2970 2044 3009; x_wconf 73' lang='lat' dir='ltr'>iudic-</span> 
     </span>
    </p>

    <p class='ocr_par' dir='ltr' id='par_1_31' title="bbox 1418 3011 2150 3069">
     <span class='ocr_line' id='line_1_97' title="bbox 1418 3011 2150 3069; baseline -0.025 -8"><span class='ocrx_word' id='word_1_637' title='bbox 1418 3031 1476 3069; x_wconf 82' lang='lat' dir='ltr'>[m</span> <span class='ocrx_word' id='word_1_638' title='bbox 1494 3026 1507 3065; x_wconf 97' lang='grc'>]</span> <span class='ocrx_word' id='word_1_639' title='bbox 1537 3024 1645 3065; x_wconf 58' lang='lat' dir='ltr'>Iussit·</span> <span class='ocrx_word' id='word_1_640' title='bbox 1664 3024 1701 3055; x_wconf 73' lang='lat' dir='ltr'>rie</span> <span class='ocrx_word' id='word_1_641' title='bbox 1716 3022 1763 3053; x_wconf 72' lang='lat' dir='ltr'>iis</span> <span class='ocrx_word' id='word_1_642' title='bbox 1778 3042 1789 3060; x_wconf 87' lang='lat'>,</span> <span class='ocrx_word' id='word_1_643' title='bbox 1814 3027 1867 3061; x_wconf 76' lang='lat' dir='ltr'>per</span> <span class='ocrx_word' id='word_1_644' title='bbox 1882 3028 1958 3064; x_wconf 56' lang='lat' dir='ltr'>quor</span> <span class='ocrx_word' id='word_1_645' title='bbox 1969 3022 2054 3065; x_wconf 65' lang='lat' dir='ltr'>ager.</span> <span class='ocrx_word' id='word_1_646' title='bbox 2072 3011 2150 3056; x_wconf 74' lang='lat' dir='ltr'>poss.</span> 
     </span>
    </p>

    <p class='ocr_par' dir='ltr' id='par_1_32' title="bbox 1414 3060 2044 3115">
     <span class='ocr_line' id='line_1_98' title="bbox 1414 3060 2044 3115; baseline -0.027 -8"><span class='ocrx_word' id='word_1_647' title='bbox 1414 3076 1434 3115; x_wconf 82' lang='grc'>(</span> <span class='ocrx_word' id='word_1_648' title='bbox 1449 3072 1503 3112; x_wconf 78' lang='lat' dir='ltr'>n)</span> <span class='ocrx_word' id='word_1_649' title='bbox 1528 3072 1565 3104; x_wconf 85' lang='lat'>1..</span> <span class='ocrx_word' id='word_1_650' title='bbox 1593 3079 1640 3109; x_wconf 74' lang='lat'>13.</span> <span class='ocrx_word' id='word_1_651' title='bbox 1658 3070 1718 3111; x_wconf 62' lang='lat' dir='ltr'>§.L</span> <span class='ocrx_word' id='word_1_652' title='bbox 1732 3065 1771 3110; x_wconf 72' lang='lat' dir='ltr'>ff</span> <span class='ocrx_word' id='word_1_653' title='bbox 1788 3065 1825 3100; x_wconf 76' lang='lat' dir='ltr'>de</span> <span class='ocrx_word' id='word_1_654' title='bbox 1838 3060 2044 3107; x_wconf 73' lang='lat' dir='ltr'>publ.1ud1c.</span> 
     </span>
    </p>
   </div>
   <div class='ocr_carea' id='block_1_24' title="bbox 2234 2828 2402 2875">
    <p class='ocr_par' dir='ltr' id='par_1_33' title="bbox 2234 2828 2402 2875">
     <span class='ocr_line' id='line_1_99' title="bbox 2234 2828 2402 2875; baseline -0.024 -9"><span class='ocrx_word' id='word_1_655' title='bbox 2234 2828 2276 2875; x_wconf 79' lang='lat' dir='ltr'>ff·</span> <span class='ocrx_word' id='word_1_656' title='bbox 2303 2829 2402 2865; x_wconf 64' lang='lat' dir='ltr'>a...</span> 
     </span>
    </p>
   </div>
  </div>
 </body>
</html>
