2524 3479
705 62 1703 180 JURI'SCIVILls.
2181 119 2248 169 41

196 190 296 240 gnes
326 178 426 224 alios
462 178 569 224 dedit
600 179 909 233 jurisconsultos
939 211 951 231 ‚
995 178 1133 235 quales
1158 195 1197 223 e-

197 240 299 282 tiarn
337 238 445 285 fuere
478 240 583 291 (a)
615 238 681 280 Ma
712 238 821 280 Cato
853 237 1001 281 Praetor
1033 238 1127 289 (⁷⁶)
1159 237 1200 280 ἃ

193 297 364 341 Marcus
389 298 500 340 Cato
523 294 764 338 Salonianus
785 326 793 336 .

395 411 437 454 C
494 410 534 453 A
596 409 635 453 P
686 411 727 452 U
790 411 834 453 T

582 496 630 539 de
659 484 813 552 Bruto.

328 584 399 626 On
421 581 594 627 minoris
618 582 931 626 existimationis
957 582 1000 629 in
1031 586 1117 631 jure
1142 580 1199 625 ci—

351 640 425 684 vili
449 640 528 684 fuit
555 641 642 693 (b)
669 642 733 683 M.
762 639 907 692 Junius
927 641 1070 683 Brutus
1087 672 1099 693 ,
1133 639 1201 695 qui

200 697 423 741 Praeturam
446 698 557 755 geffit
579 730 590 749 ,
623 698 666 741 ἃ
688 697 838 750 dejure
859 712 939 741 tres
965 701 980 749 (
1015 698 1203 740 Scaevolae

200 755 439 799 testimonio
466 759 482 808 )
505 754 628 799 edidit
653 755 800 809 libros,
832 756 890 807 (c)
918 755 1106 811 quamvis
1133 754 1201 797 aiii

200 812 352 867 septem
380 826 598 856 numerent
619 845 628 856 .
662 815 788 857 Hunc
813 813 1062 868 Pomponius
1083 813 1203 854 tradit

197 869 316 913 fimul
341 886 434 914 cum
465 872 505 913 P.
529 870 668 913 Murio
690 870 882 913 Scaevola·
899 903 908 915 ,
952 870 995 913 &
1024 869 1204 913 Manilio

196 925 258 979 jus
283 927 405 972 civile
431 927 607 972 fundasse
634 928 684 970 ab
711 930 771 971 U.
798 929 851 971 C.
877 929 1058 972 DCXX.

925 412 1004 453 LI.

370 1043 811 1088 CAPUT
913 1043 1031 1088 LIl'.

311 1161 378 1203 De
409 1160 461 1203 P.
484 1159 619 1202 Matio
650 1160 824 1203 Scaevola
855 1158 1053 1214 Pontifice
1078 1191 1087 1202 .

301 1274 453 1318 Ublius
477 1274 638 1318 Mutius
661 1273 842 1317 Scaevola
867 1272 1057 1316 Pontifex
1086 1273 1203 1315 Max.

318 1331 397 1375 fuit
420 1333 462 1375 δε
486 1332 698 1374 Tribunus
724 1331 876 1386 plebis:
914 1330 955 1373 in
983 1346 1061 1386 qua
1093 1342 1204 1385 pote—

200 1390 296 1432 state
323 1391 495 1433 Lucium
524 1389 765 1442 Tubulum,
800 1387 1131 1444 rogationelata‚
1165 1386 1206 1429 in

198 1446 373 1490 exilium
400 1447 507 1489 abire
535 1446 695 1503 coegit:
730 1446 835 1502 quod
861 1462 954 1489 cum
984 1446 1131 1488 Praetor
1151 1444 1208 1488 es-

202 1504 257 1547 set
284 1536 295 1558 ‚
343 1504 387 1547 δί
417 1504 677 1560 quaestionem
702 1504 748 1547 de
775 1504 937 1546 Sicariis
961 1515 1167 1547 exerceret
1197 1535 1208 1555 ,

198 1561 416 1618 pecuniam
444 1562 674 1616 accepisset.
702 1562 850 1605 Praetor
863 1562 987 1604 etiam
1004 1593 1016 1615 ,
1035 1561 1077 1604 ἃ
1092 1562 1208 1603 Con-

201 1619 259 1663 sul
295 1620 461 1662 demum
501 1633 658 1662 creatus
691 1619 744 1661 est
778 1634 873 1663 cum
917 1621 962 1661 L.
987 1618 1209 1661 Calfurnio

198 1676 343 1720 Pisone
369 1675 487 1732 Frugi
527 1708 539 1730 ,
588 1678 785 1720 Senatum
824 1688 999 1720 vexante
1036 1676 1209 1719 Tiberio

201 1734 395 1779 Graccho
412 1766 423 1787 ‚
444 1734 513 1790 qui
536 1734 720 1791 populari
743 1735 872 1788 gratia
893 1737 1041 1789 Remp.
1056 1749 1208 1777 everte—

201 1792 294 1836 bat.
323 1792 446 1835 Unde
474 1793 606 1835 Patres
631 1793 755 1835 armis
779 1792 1066 1835 decertandum
1097 1805 1207 1845 puta-

202 1850 324 1892 bant.
358 1851 414 1892 Et
438 1848 533 1905 quia
557 1849 735 1893 Scaevola
763 1861 929 1905 negarat
955 1850 1002 1892 ad
1029 1849 1119 1892 vim
1145 1850 1211 1892 de-

198 1906 460 1960 scensurum3
495 1906 668 1962 Nasica,
703 1906 852 1951 sublata
880 1923 1033 1960 manu,
1066 1907 1209 1951 ducem

204 1965 241 2007 se
267 1963 416 2007 obtulit
443 1980 585 2008 eorum
617 1997 628 2017 ,
675 1965 743 2021 qui
774 1969 920 2021 Remp.
949 1963 1098 2008 salvam
1128 1964 1213 2008 vel-

254 2023 357 2075 sam·
386 2023 576 2064 Gravinae
605 2025 719 2066 Tom.
736 2025 768 2066 I.

202 2094 315 2107 ...-

255 2123 338 2165 [a)
363 2123 448 2156 Gen.
476 2123 532 2156 lib.
556 2135 604 2163 13.
625 2133 693 2166 cap.
714 2136 763 2164 19.

253 2171 301 2209 (⁴²
321 2169 340 2208 3
367 2168 451 2201 Huic
479 2169 578 2212 vulgo
607 2170 710 2203 tribui
749 2169 860 2203 videas
887 2169 1033 2212 regulam
1063 2170 1215 2204 Catonia-

207 2214 315 2253 nam,'
349 2224 413 2256 qua
454 2213 531 2247 dein
567 2215 791 2248 convalescere
831 2216 942 2259 nequit
980 2214 1065 2264 quod
1089 2216 1130 2250 ab
1156 2215 1215 2248 ini-

207 2260 259 2294 tio
288 2257 469 2292 invalidum
495 2258 559 2292 fuit
576 2283 586 2299 ,
626 2262 657 2293 &
683 2259 774 2297 cuius
800 2260 944 2297 eximius
988 2262 1023 2293 in
1051 2272 1119 2298 jure
1148 2261 1217 2293 usus

208 2305 280 2344 est,
320 2304 479 2347 praecipue
521 2304 554 2336 in
595 2305 723 2338 ultiniis
761 2306 1010 2339 voluntatibus.
1041 2307 1143 2339 Posset
1169 2315 1217 2338 ta-

206 2361 285 2383 men
320 2349 423 2382 etiam
452 2350 600 2390 Catoni,
637 2350 750 2394 patri,
789 2351 916 2391 tribui,
943 2349 1035 2389 cujus
1061 2351 1217 2394 supersint

207 2394 286 2428 libri
328 2394 367 2427 de
410 2406 445 2428 re
488 2396 622 2429 rustica·
654 2398 815 2438 Regulam
843 2398 978 2428 σινωπὶς
1004 2397 1219 2439 singularibus

207 2439 324 2472 iisdem
362 2438 566 2483 elegantibus
607 2442 863 2475 Commentariis
890 2441 1093 2474 illustrarunt
1119 2446 1217 2483 Fran-

211 2485 312 2517 ciscus
336 2484 513 2519 Balduinus
541 2487 571 2519 &
599 2489 652 2528 Jo.
680 2487 898 2527 strauchius,
927 2487 1094 2519 novistime
1118 2487 1217 2521 etiam

211 2528 353 2567 iunfflm
377 2529 492 2563 editis.

254 2576 274 2616 ζ
289 2574 338 2613 b)
365 2575 437 2609 Liv.
466 2574 523 2610 lib.
543 2585 571 2616 3.
600 2577 662 2610 dec.
678 2589 710 2617 4.

257 2619 329 2660 [c]
358 2624 396 2653 L.
416 2632 445 2652 2.
467 2623 495 2664 §.
513 2621 579 2664 post
595 2625 648 2655 bos
663 2623 700 2666 ff.
716 2623 745 2654 d.
764 2624 844 2666 orig.
863 2621 924 2661 ίαν.
941 2622 1009 2657 Cic.
1028 2623 1064 2656 de
1077 2623 1218 2655 orant-2.

256 2667 305 2705 Ε*
323 2666 375 2705 *3
400 2668 518 2699 Fertur
554 2667 607 2700 hic
632 2668 789 2705 Mucius,
817 2668 859 2701 fic
882 2667 971 2701 enim
1009 2668 1180 2711 legendum
1208 2688 1218 2708 ι,

211 2720 280 2744 uon
321 2711 480 2750 Mutius,
519 2713 611 2745 numi
655 2714 685 2746 δε
727 2713 901 2755 scriptores
933 2714 1040 2748 Graeci
1063 2713 1182 2746 docent
1211 2734 1220 2751 ,

212 2753 317 2788 fertur
355 2756 487 2800 inquam
520 2780 530 2794 ,
567 2757 698 2800 quando
734 2759 847 2790 animo
884 2758 1074 2801 indulgebat
1099 2781 1112 2798 ‚
1157 2758 1221 2801 pila

214 2799 299 2833 bene
340 2802 370 2834 δε
405 2801 578 2836 duodecim
614 2803 736 2845 scrupis
778 2804 905 2846 optime
933 2804 1036 2837 lufiffe
1057 2826 1068 2844 ‚
1094 2804 1216 2836 animo-

214 2854 276 2887 que
314 2845 396 2880 adeo
432 2847 590 2887 intento,
617 2856 676 2886 ut,
705 2859 779 2881 cum
802 2849 978 2892 aliquando
1001 2861 1042 2882 ex
1069 2849 1204 2883 certami

215 2898 258 2939 ne
287 2890 476 2934 seruporum
504 2893 641 2927 inferior
666 2893 842 2928 disceffiffet
860 2918 871 2933 ‚
910 2906 962 2928 rus
992 2903 1109 2936 petens
1135 2917 1146 2934 ‚
1170 2903 1220 2927 to-

212 2941 282 2966 tius
317 2935 400 2970 lusus
441 2938 591 2972 ordinem
630 2948 777 2982 repetere
822 2941 852 2974 Sc
891 2941 932 2973 fic
962 2940 1054 2973 suum
1078 2950 1220 2972 errorem

214 2977 364 3030 de.t?g⁶¹'e
402 2985 568 3024 potuerit.
609 2985 726 3019 Cicero
754 2986 792 3018 de
823 2995 901 3019 orat,
927 2997 950 3018 1.
994 2998 1019 3019 c.
1038 2995 1090 3024 50·
1118 2986 1217 3028 Quin-

213 3023 369 3074 {tilianus
404 3027 462 3059 tib.
481 3031 530 3061 ΙΙ.
576 3037 642 3072 cap.
660 3041 691 3062 2.
738 3033 819 3063 Eum
856 3039 967 3064 autem
994 3031 1139 3073 phtiriafi
1165 3043 1204 3065 ex

218 3067 388 3110 nnstum,
414 3073 610 3106 Bertrandus
637 3083 730 3116 putat
756 3076 951 3110 austoritate
983 3076 1153 3109 Plutarchi
1187 3078 1221 3109 in

218 3115 323 3164 sulta-
347 3120 470 3165 βψς.
497 3118 549 3150 sed
571 3118 718 3154 dissentit
742 3122 904 3160 Grotius,
932 3122 1009 3164 quia
1034 3122 1133 3155 verba
1153 3122 1224 3154 *elu-

216 3158 325 3210 ssgrehi
363 3166 464 3194 etiam
501 3162 539 3195 de
581 3165 696 3206 quovis
739 3166 806 3199 alio
847 3167 988 3208 Mucio,
1026 3166 1061 3200 in
1084 3178 1225 3212 quorum

763 2095 1216 2107 .-—----—-=.—-—·—

1249 178 1361 232 lent3
1382 175 1597 231 coa&aque
1613 169 1878 231 multitudine
1894 169 2113 217 Tiberium
2128 177 2256 221 Gra-2-

1249 237 1373 279 chum
1399 232 1630 278 interemit.
1662 229 1794 282 Cujus
1819 228 1912 272 saell
1935 230 2112 275 Scaerola
2139 265 2150 286 ‚
2182 237 2250 291 qui

1252 293 1376 337 socius
1399 292 1474 335 else
1502 289 1725 341 recusarat,
1759 287 1804 330 in
1828 286 1978 339 judicio
2008 301 2146 332 tamen
2169 291 2253 334 lau..

1249 351 1430 394 datorem
1457 348 1558 401 sese,
1591 362 1636 389 ac
1663 346 1868 389 vindicem
1896 345 2098 400 praestitit.
2133 349 2252 392 Nisi-

1250 423 1340 451 cam
1364 406 1475 450 enim
1502 404 1758 455 accusatum,
1795 418 1878 445 non
1902 402 2083 446 defendit
2114 407 2256 457 modo,

1253 466 1311 509 sed
1335 465 1460 508 etiam
1484 461 1673 513 ornavit,
1706 460 2024 516 adprobavitque
2051 461 2100 504 ab
2118 478 2166 505 eo
2186 480 2254 519 ge-

1252 524 1331 576 sta3
1360 535 1406 564 ut
1432 519 1592 563 laudem
1619 516 1895 570 fortitudinis,
1917 533 2040 572 quam
2065 520 2253 565 amiserat

1253 596 1290 623 re
1313 579 1486 635 gerenda
1513 609 1524 631 ‚
1567 592 1613 619 ea
1638 575 1768 630 postea
1794 576 1940 617 tuenda
1967 579 2212 624 recuperarit
2245 611 2255 623 .

1251 636 1441 681 Moriens
1468 650 1563 677 vero
1593 634 1632 675 P.
1653 632 1813 675 Mutius
1837 634 1917 685 (¹²³⁶)
1943 633 1984 676 in
2008 635 2099 677 Alia
2116 667 2126 687 ‚
2155 637 2251 680 Pubv

1254 695 1461 739 Licinium
1486 690 1673 735 Crassum
1700 690 1940 733 Mutianum
1967 690 2135 736 fratrem
2161 695 2256 738 ado-

1255 754 1413 807 ptivum
1438 751 1480 795 in
1508 749 1755 792 pontificatu
1777 750 1897 791 Max.
1932 748 2186 795 successorem
2222 755 2256 796 Ι.

1253 812 1304 853 C.
1330 810 1373 853 &
1397 811 1451 864 Q
1476 808 1662 851 Mutium
1693 806 1818 850 Scaev.
1843 805 1977 850 filium
2003 839 2015 861 ,
2046 808 2259 860 Juriscon..

1256 868 1453 911 sultorum
1486 864 1678 919 omniurn
1711 862 1941 918 principem
1977 897 1990 918 ,
2040 866 2206 923 reliquit
2238 885 2248 909 :-

1255 938 1392 982 totque
1420 922 1577 966 familia
1607 922 1691 965 haec
1717 921 1908 976 deinceps
1932 923 1966 973 J.
1994 922 2044 964 C.
2069 925 2258 979 peperit,

1255 995 1299 1027 ut
1336 983 1377 1025 in
1408 998 1452 1025 ea
1490 979 1799 1036 jurisprudentia
1822 978 2083 1023 domicilium
2109 995 2259 1026 contu-

1258 1040 1337 1084 lisse
1359 1073 1371 1095 ‚
1403 1056 1448 1083 ac
1471 1037 1745 1082 Scaevolarum
1769 1037 1969 1080 vetustum
1993 1037 2068 1082 esse
2094 1070 2107 1093 ,
2139 1051 2257 1096 atque

1257 1099 1414 1142 avitum
1442 1094 1739 1153 patrimonium
1767 1094 1997 1139 videretur.

1419 1185 1459 1228 C
1522 1185 1560 1226 A
1623 1183 1652 1224 P
1711 1183 1755 1223 U
1816 1183 1859 1224 T
1949 1183 2102 1227 LIII.

1501 1242 1565 1283 De
1595 1240 1754 1281 Manlio
1784 1242 2010 1293 Torquato.

1412 1325 1590 1377 Anlius‚
1624 1323 1702 1367 sive
1733 1324 1969 1379 Manilius,
2003 1325 2066 1370 cui
2102 1340 2178 1371 tres
2209 1330 2256 1374 de

1429 1383 1514 1436 jure
1546 1381 1662 1426 civili
1699 1380 1819 1424 libros
1844 1382 2092 1435 Pomponius
2116 1385 2260 1428 adscri-

1259 1441 1316 1485 bit
1342 1474 1354 1496 ,
1396 1440 1552 1484 Consul
1597 1439 1674 1483 fuit
1707 1456 1803 1483 cum
1836 1441 1883 1483 L.
1914 1441 2079 1485 Marcio
2111 1445 2261 1496 (***)

1258 1516 1367 1544 anno
1393 1501 1445 1542 A.
1474 1500 1530 1541 U.
1556 1498 1607 1541 C.
1626 1498 1743 1541 DCI.
1772 1511 1895 1540 tantae
1921 1498 2194 1553 innocentiae,
2217 1517 2263 1544 ac

1261 1556 1480 1602 severitatis
1512 1573 1524 1611 3
1574 1568 1617 1599 ut
1643 1571 1738 1599 cum
1763 1556 1912 1600 Decius
1935 1556 2125 1610 Syllanus
2156 1558 2262 1602 filius

1259 1633 1279 1658 a
1312 1616 1345 1659 se
1378 1615 1422 1658 in
1455 1614 1717 1669 adoptionem
1749 1613 1862 1656 datus
1895 1629 1963 1669 per
1986 1615 2141 1672 legatos
2169 1617 2263 1659 Pro-

1261 1673 1407 1716 vinciae
1437 1671 1693 1715 Macedonia·
1722 1671 1931 1726 peculatus
1954 1672 2218 1728 postularetur
2245 1690 2258 1727 3

1262 1732 1339 1787 ipse
1372 1730 1612 1774 hereditaria
1645 1728 1855 1773 severitate
1881 1761 1892 1783 ‚
1937 1729 2142 1785 publicam
2174 1731 2265 1775 ani·-

1263 1788 1581 1832 rnadverfionem
1639 1786 1857 1830 domestico
1908 1787 2102 1842 supplicio
2149 1802 2265 1832 ante-

1264 1859 1417 1891 vertere
1473 1844 1648 1888 voluerit
1682 1876 1691 1886 .
1741 1845 1855 1888 Nam
1907 1844 2081 1901 suscepta
2131 1846 2266 1902 priva-

1264 1904 1340 1947 tim
1392 1903 1629 1959 cognitione
1673 1913 1895 1958 antequam
1942 1903 2101 1958 publice
2144 1919 2190 1947 ea
2221 1905 2268 1948 de

1267 1978 1306 2006 re
1336 1961 1610 2005 consuleretur
1634 1991 1646 2012 ‚
1685 1960 1836 2003 Senatu
1866 1959 2033 2060 iuliente
2063 1993 2075 2016 ,
2124 1961 2270 2005 auditis

2214 2019 2277 2062 bi-

1268 2099 1371 2107 —-

1746 2095 1851 2104 ...-

1266 2130 1390 2164 familia
1429 2130 1499 2168 iura
1534 2130 1646 2162 civilia
1684 2128 1750 2167 jam
1779 2129 1904 2171 pridem
1934 2130 2145 2163 versabantur
2170 2130 2271 2163 intel-

1267 2177 1323 2220 ligi
1350 2177 1489 2218 poffint.
1529 2179 1579 2208 Ex
1615 2173 1710 2211 hujus
1738 2175 1844 2208 Mucii
1879 2175 1966 2207 libro
2006 2175 2101 2217 ὅρων,
2140 2176 2192 2208 vel
2217 2176 2274 2208 de-

1268 2221 1484 2261 finitionum,
1521 2227 1662 2263 quatuor
1699 2218 1882 2262 fragmenta
1920 2220 2090 2252 Panvlectis
2128 2220 2220 2253 illata
2247 2221 2271 2252 1.

1268 2273 1322 2306 64.
1351 2271 1385 2299 D
1425 2267 1462 2299 de
1481 2271 1519 2299 A.
1541 2268 1579 2297 R.
1598 2269 1641 2297 D.
1662 2268 1698 2297 L.
1715 2268 1746 2297 8.
1764 2268 1809 2297 D.
1838 2266 1876 2297 de
1901 2274 1985 2307 aqua
2009 2274 2094 2308 quot.
2126 2265 2165 2297 Θ·
2192 2265 2271 2304 felii-

1278 2325 1321 2345 va
1340 2316 1375 2345 L.
1395 2323 1469 2352 24¹·
1486 2315 1526 2344 D.
1545 2312 1580 2343 dc
1598 2313 1631 2342 V.
1649 2312 1686 2342 S.
1708 2310 1745 2342 (T
1762 2314 1787 2343 L
1816 2321 1871 2352 73.
1902 2314 1945 2342 D.
1960 2316 1996 2342 de
2015 2313 2043 2343 R
2065 2313 2108 2352 J.
2125 2311 2230 2353 estque
2249 2311 2275 2344 is

1268 2369 1381 2391 eorum
1422 2357 1572 2390 omnium
1608 2356 1845 2398 antiquiffimus
1873 2380 1882 2392 .
1919 2366 2060 2397 quirum
2090 2355 2210 2397 scripta
2237 2356 2273 2387 in

1272 2403 1439 2436 eandeffis
1489 2402 1610 2445 digesta
1659 2401 1732 2433 sunt
1758 2424 1765 2432 .
1808 2400 1922 2433 Eidem
1973 2400 2083 2433 cautio
2121 2401 2278 2433 Muciana

1271 2450 1369 2489 vulgo
1397 2447 1583 2486 tribuitur;
1620 2456 1684 2488 qua
1713 2447 1763 2483 is,
1804 2447 1854 2478 cui
1883 2444 2031 2478 conditio
2060 2456 2125 2477 non
2156 2445 2282 2478 facien-

1269 2493 1301 2526 di
1329 2485 1493 2536 ⁸impolita
1531 2493 1574 2523 est
1597 2514 1608 2530 ,
1644 2492 1866 2523 restituturum
1905 2498 1999 2523 cavet
2025 2489 2053 2521 se
2085 2489 2217 2526 relicta.
2257 2490 2280 2523 fi

1270 2537 1409 2577 fecerit,
1439 2535 1525 2580 quod
1550 2534 1655 2568 facere
1684 2536 1870 2577 prohibitus
1900 2536 1966 2572 est,
1996 2537 2031 2566 L.
2049 2547 2080 2576 7.
2109 2542 2154 2578 pr.
2179 2539 2224 2567 D.
2240 2536 2281 2569 do

1271 2583 1356 2616 cond.
1400 2583 1439 2613 (9·
1467 2583 1548 2614 dem.
1590 2582 1636 2612 De
1665 2578 1914 2621 jurisprudentia
1952 2580 2109 2612 Muciana
2137 2580 2273 2613 Franci-

1270 2629 1336 2661 scus
1364 2626 1539 2660 Balduinus
1555 2625 1620 2665 egit
1635 2626 1669 2656 in
1686 2626 1841 2657 seaevotis
1857 2647 1865 2658 .
1882 2625 1981 2657 editis
1996 2623 2145 2663 Basitiaeae
2168 2629 2268 2664 1338.

1270 2682 1409 2713 ottavo,
1449 2673 1480 2704 δι
1516 2671 1693 2712 deinceps,
1720 2670 1826 2703 Mucii
1853 2670 1995 2713 AugurIS
2023 2670 2198 2703 arbitrium
2224 2670 2264 2703 de

1270 2719 1388 2752 finibus
1432 2715 1584 2761 regundis
1611 2715 1699 2748 inter
1724 2719 1888 2749 Genuates
1933 2715 1962 2747 &
1991 2715 2145 2747 Veturios
2177 2718 2278 2749 inter-

1270 2764 1411 2807 positum
1437 2786 1448 2803 ‚
1500 2762 1622 2806 legitur
1672 2759 1756 2804 apud
1809 2765 1989 2796 Gruterum
2039 2760 2192 2804 Inscripe.
2235 2764 2276 2794 P.

1318 2853 1432 2896 [³⁴³³]
1470 2856 1543 2887 xmo
1558 2863 1633 2885 cum
1659 2854 1708 2885 Cn
1735 2850 1879 2884 ostavio
1907 2862 1981 2884 eum
2009 2851 2173 2884 consulem
2204 2849 2280 2883 fuis-

1270 2899 1299 2932 se
1322 2922 1332 2938 ,
1359 2902 1457 2933 A.U.
1475 2903 1511 2933 C.
1542 2899 1781 2931 DLXXXVlI.
1823 2907 1863 2929 ex
1889 2898 2046 2931 Cicerone
2071 2898 2108 2928 de
2136 2898 2213 2929 Fin.
2248 2906 2276 2928 Ι.

1269 2957 1302 2985 7.
1334 2944 1463 2988 colligit
1504 2943 1696 2976 Heineccius
1729 2940 1811 2983 Hifi.
1837 2941 1901 2980 jur.
1934 2944 1956 2974 1.
1983 2953 2009 2972 1.
2050 2952 2073 2973 c.
2093 2952 2125 2980 3.
2154 2943 2181 2985 §
2205 2951 2275 2988 1523.

1271 2993 1380 3032 Quare
1422 2989 1578 3022 recenseri
1616 2987 1755 3020 debebat
1795 2995 1871 3020 ante
1911 2989 1944 3018 Ρ.
1977 2987 2158 3025 Mucium,
2184 2994 2275 3022 culus

1271 3034 1484 3069 Consulatum
1523 3034 1556 3066 in
1581 3044 1704 3066 annum
1736 3032 1868 3065 demum
1896 3035 2026 3065 DCXX.
2055 3031 2193 3064 incidit.
2223 3029 2278 3061 Est

1271 3089 1381 3114 autem
1421 3080 1534 3123 praesto
1575 3079 1608 3111 in
1638 3078 1770 3110 Manlio
1793 3081 1964 3119 Torquato
1987 3076 2176 3119 exemplum
2202 3073 2278 3106 exi·

1273 3127 1378 3158 mium
1412 3125 1524 3167 patriae
1553 3122 1719 3166 potestatis
1737 3144 1748 3162 5
1773 3133 1837 3164 qua
1860 3122 1971 3164 patri,
1996 3129 2153 3162 tanquam
2182 3117 2263 3157 judi=

1273 3171 1302 3205 ci
1328 3170 1507 3205 domestico
1534 3169 1569 3202 in
1600 3167 1708 3202 filium
1734 3166 1995 3202 animadvertere
2025 3166 2145 3199 licebat
2161 3185 2171 3196 2
