2596 3479
608 88 740 144 ET
790 71 1969 152 SENATUSCONSULTIS.

2253 95 2362 164 297

219 167 327 212 fium
359 165 442 220 (ns)
473 164 744 217 inducebant,
779 178 907 218 eoque
940 160 1113 204 nomine
1145 158 1280 227 sum-⁸
1309 156 1518 221 linquitur
1548 156 1753 202 inutiliter
1781 175 1791 201 t
1824 159 1912 212 (d)
1943 160 2070 205 obstat
2100 163 2216 211 enim
2247 170 2355 214 ratio

219 242 288 268 mo
332 226 422 268 viro
469 225 693 279 Papiniano
736 221 921 275 captiosae
963 220 1206 262 videbantur
1241 233 1254 271 3

220 282 373 336 placuit
406 281 632 334 Justiniano
656 312 668 331 ‚
701 278 889 331 prudenti
923 277 1011 320 sane
1045 274 1217 319 consilio
1240 306 1252 328 ‚

219 339 495 392 hujuscemodi
531 350 658 380 nexus
692 335 862 378 resecare
902 366 913 387 ,
962 348 1080 389 atque
1112 335 1250 375 omni-

219 398 290 440 bus
331 413 380 441 ex
413 395 650 449 ambagibus
683 392 873 435 evolvere
906 389 1213 434 fideicommiss'a
1242 421 1252 431 .

218 455 315 498 Ideo
359 454 446 495 vim
492 450 695 506 Pegasiani
740 450 779 491 S.
823 450 874 491 C.
925 449 966 490 ὃς
1012 447 1250 490 facultatem

197 522 364 567 quartae
406 508 661 552 detrahendae
699 538 710 558 ,
762 506 899 561 jusque
932 506 1101 560 cogendi
1137 506 1251 546 here-

210 569 305 610 dem
350 567 458 610 adire
503 565 716 609 nolentem
756 595 767 616 ‚
812 565 1015 606 convertit
1049 562 1091 604 in
1124 563 1161 603 S.
1197 562 1248 603 C.

211 624 530 667 Trebellianum
556 655 568 675 ‚
600 635 718 677 atque
751 634 921 676 utraque
953 621 992 662 S.
1018 620 1071 662 C.
1104 617 1249 662 confu-

209 681 269 724 dit
295 713 307 734 ‚
341 695 386 724 ut
416 697 466 724 ex
500 680 652 723 duobus
685 694 813 720 unum
845 678 1075 720 efficeretur
1107 676 1153 719 de
1187 676 1248 718 vi-

211 739 321 782 ribus
354 738 560 793 utriusque
584 735 808 780 conflatum
833 766 839 773 .
874 736 969 788 Quo
1002 734 1116 789 pasto
1138 748 1248 777 nunc

213 796 330 840 heres
361 809 515 852 quartae
539 793 835 837 detraffionem
863 791 1010 846 habet,
1043 791 1085 833 St
1108 807 1246 833 exem-

211 854 371 896 tionern
403 868 577 896 onerum
611 849 953 894 hereditariorurn
975 881 988 904 ,
1030 864 1118 904 quae
1148 864 1244 891 one-

209 927 254 954 ra
287 923 459 953 tantum·
485 909 529 952 in
560 924 609 952 eo
641 907 811 951 resident
844 923 913 962 pro
942 907 1100 950 ratione
1128 922 1245 960 quar-

209 980 259 1011 tae
290 967 476 1011 detrafftae
503 998 512 1010 .
561 967 713 1009 Cetera
746 964 864 1008 simul
898 980 992 1008 curn
1026 963 1247 1007 hereditate

205 1026 418 1069 transeunt
449 1057 460 1077 ‚
506 1039 601 1067 cum
646 1039 724 1079 qua
766 1023 810 1065 ἃ
850 1022 984 1078 legata
1010 1053 1023 1076 ,
1069 1036 1244 1077 quorum

207 1083 324 1126 nulla
365 1081 503 1126 oneris
532 1086 637 1137 {pars
679 1080 785 1135 apud
832 1081 1022 1134 scriptum
1054 1078 1245 1122 heredem

206 1152 437 1195 remanet3
485 1152 628 1195 quarta
671 1137 788 1182 enirn
833 1138 984 1181 retinet
1023 1151 1128 1180 onus
1158 1136 1245 1179 aeris

205 1198 333 1241 alieni
372 1230 385 1253 ,
435 1213 521 1240 non
554 1197 781 1252 legatorum
815 1211 827 1237 τ

1275 217 1402 267 *juris
1445 214 1579 259 civilis
1605 248 1616 269 ,
1662 231 1750 273 quae
1790 217 1839 260 ad
1885 218 2153 267 hereditatem
2197 226 2351 271 adeun-

1305 276 1399 315 dam
1433 286 1586 316 certam
1621 282 1831 330 personam
1865 277 2031 333 exigit3
2064 280 2173 325 adire
2205 299 2348 329 autem

1307 344 1514 394 nequeunt
1562 332 1734 396 unmerli
1768 365 1779 375 .
1831 335 1948 378 Hinc
2004 335 2162 382 Plinius
2211 341 2348 392 junior

1303 401 1360 430 ait
1400 419 1410 440 ,
1457 389 1756 443 rempublicam
1802 405 1934 448 neque
1965 391 2120 439 institui
2155 397 2349 445 heredem

1305 444 1445 506 possen,
1474 461 1624 510 ¹neque
1652 450 1862 510 percipere
1886 481 1898 493 .
1950 452 2020 495 Ne
2063 469 2161 498 vero
2194 457 2356 503 subtili-

1303 514 1361 544 tas
1405 517 1503 553 jurls
1546 503 1680 567 civilis
1723 504 1958 552 alienorum
2006 510 2346 562 testamentorum

1302 560 1520 602 commoda
1553 561 1790 606 civitatibus
1819 565 1996 620 eriperet
2025 598 2039 621 ,
2085 571 2226 615 auRor
2270 574 2350 618 fuit

1301 618 1469 660 Marcus
1502 618 1770 672 Apronianus
1814 622 1858 666 ὃς
1893 623 2054 669 Paullus
2085 629 2197 672 Coss.
2231 644 2274 675 ut
2303 634 2343 676 S.

1299 674 1351 738 C.
1385 673 1627 739 conderetur
1655 707 1666 729 ‚
1709 693 1790 733 quo
1837 680 2074 727 civitatibus
2101 717 2113 739 ‚
2147 703 2235 742 quae
2279 690 2344 734 sub

1299 747 1472 796 irnperio
1507 733 1602 789 Pop.
1638 737 1762 797 Rom.
1793 736 1917 781 essent
1941 771 1952 791 ‚
1988 740 2134 786 liceret
2156 777 2170 798 ,
2204 746 2231 789 fi
2257 762 2343 791 non

1296 789 1492 854 dire-&am
1528 821 1544 854 ’.
1583 792 1691 855 quod
1724 808 1809 844 Jure
1841 795 1958 839 civili
1992 801 2204 845 vetabatur
2232 836 2244 857 ‚
2294 819 2339 849 at

1297 847 1710 893 fide100mm1ffar1am
1762 851 1990 909 relinquere
2022 856 2292 905 hereditatem
2325 894 2335 906 .

1295 905 1311 954 (
1336 921 1355 946 e
1381 906 1398 955 )
1433 906 1574 960 Itaque
1606 907 1649 949 in
1681 922 1746 950 eas
1776 909 1897 954 utiles
1927 912 2107 958 afflones
2137 932 2186 960 ex
2221 920 2266 962 S.
2286 921 2341 963 C.

1298 961 1508 1025 transeunt
1545 994 1557 1015 ‚
1605 979 1686 1019 quo
1731 965 1822 1010 illas
1866 984 1951 1012 non
1995 972 2176 1017 universi
2217 977 2338 1034 (qui

1296 1034 1409 1061 enim
1445 1019 1597 1083 possent
1619 1025 1644 1062 Ρ
1673 1023 1691 1074 )
1724 1022 1785 1067 sed
1816 1025 2100 1074 universorum
2134 1032 2307 1078 nomine
2328 1066 2342 1089 ,

1297 1090 1365 1119 aut
1398 1078 1683 1140 conveniendo
1705 1111 1719 1134 ‚
1768 1095 1838 1125 aut
1868 1085 2111 1141 excipiendo
2142 1089 2254 1133 astor
2284 1093 2335 1134 ab

1296 1136 1490 1177 omnibus
1521 1136 1762 1182 constitutus
1793 1155 2015 1186 exerceat.
2063 1147 2183 1201 Quod
2214 1148 2254 1190 S.
2287 1150 2340 1192 C.

877 1197 974 1248 (a)
1005 1210 1105 1238 narn
1137 1193 1164 1237 fi
1197 1194 1242 1237 de
1296 1193 1589 1247 Apronianum
1620 1195 1874 1250 appellatum
1900 1231 1913 1252 ‚
1944 1202 2155 1247 Antonius
2186 1209 2334 1260 Augu-

206 1269 349 1311 quarta
395 1255 525 1310 legata
569 1254 880 1298 detraherentur
903 1284 916 1307 ,
962 1268 1023 1296 res
1053 1252 1100 1295 ad
1132 1251 1238 1294 anti-
1291 1249 1415 1292 stinus
1450 1263 1612 1294 revocat
1644 1254 1692 1294 ad
1727 1255 1901 1299 Adriani
1935 1270 2122 1315 tempora
2155 1278 2167 1315 ς
2213 1263 2342 1315 Cuia-

205 1329 333 1367 quum
367 1313 513 1355 rediret
547 1312 857 1354 incommodum
876 1343 887 1363 ‚
919 1309 962 1353 8(
983 1308 1117 1353 heredi
1147 1308 1238 1352 scri-

206 1385 278 1424 pto
311 1370 555 1412 beneficium
587 1368 689 1424 legis
718 1369 971 1423 eriperetur.
1020 1370 1077 1409 At
1111 1366 1135 1408 fi
1170 1366 1239 1409 he-

207 1442 267 1469 res
301 1442 383 1469 non
418 1427 557 1481 sponte
590 1427 704 1468 adeat
730 1457 742 1478 ‚
787 1425 846 1468 sed
880 1425 1040 1467 coaetus
1070 1440 1092 1466 a
1128 1423 1236 1466 fidei-

1292 1306 1376 1368 cius
1409 1303 1501 1359 (f)
1533 1308 1579 1350 ad
1614 1311 1750 1353 Marci
1784 1326 1945 1358 aetatem
1974 1333 1985 1369 3
2036 1319 2140 1369 (⁴⁶¹⁵)
2173 1321 2338 1364 tradidit

1289 1377 1403 1406 enirn
1440 1364 1630 1430 Paullus,
1663 1366 1747 1422 [g]
1782 1371 1916 1414 Marci
1950 1375 2205 1428 temporibus
2227 1378 2336 1422 S.C.

1290 1419 1442 1464 fastum
1475 1420 1592 1466 funse
1618 1455 1629 1477 ‚
1662 1440 1742 1479 quo
1775 1427 1959 1483 collegiis
1994 1430 2129 1487 legare
2163 1435 2339 1488 permit-

202 1483 479 1527 commissario
504 1515 517 1538 ‚
550 1483 619 1539 qui
652 1481 794 1534 judicis
825 1482 1007 1525 officium
1041 1481 1237 1535 implora·
1291 1490 1391 1522 titur
1424 1510 1433 1521 .
1487 1482 1590 1535 Quae
1634 1479 1792 1526 fortasse
1838 1485 2038 1531 sententia
2069 1491 2122 1532 ob
2155 1491 2339 1536 affinita-

207 1542 265 1583 vit
306 1558 319 1595 3
368 1554 456 1584 turn
504 1554 700 1596 tanquam
751 1553 968 1583 extraneus
1009 1538 1239 1582 commodis
1260 1572 1264 1600 Ι
1289 1547 1372 1579 tem
1402 1567 1413 1589 ‚
1447 1538 1681 1592 Aproniani
1715 1541 1754 1582 S.
1781 1542 1832 1584 C.
1867 1545 1999 1598 portio
2033 1545 2114 1590 fuit
2143 1564 2153 1589 τ
2206 1549 2337 1604 postea

205 1599 400 1641 omnibus
460 1598 513 1641 &'
556 1597 832 1641 incommodis
901 1596 1235 1640 hereditariarum
1259 1602 1263 1618 ¹
1287 1608 1383 1636 vero
1415 1594 1498 1637 alio
1531 1596 1572 1637 S·
1593 1596 1646 1638 C·
1669 1599 1889 1654 mancipiis
1923 1602 2129 1656 patefastae
2152 1605 2243 1648 sunt
2263 1607 2336 1650 he-

198 1656 413 1699 afflonum
448 1654 705 1711 spoliabitur:
740 1655 783 1697 δι
816 1654 842 1697 fi
875 1665 1006 1697 totam
1032 1653 1233 1697 heredita·
1288 1651 1474 1695 reditates
1508 1652 1751 1698 libertorum
1787 1657 1972 1701 suorum.
2007 1662 2111 1713 (h)
2143 1664 2335 1708 Testatur

200 1726 284 1756 tem
320 1714 458 1769 sponte
493 1713 708 1755 restituerit
742 1743 755 1764 ‚
796 1727 941 1755 omnes
985 1711 1236 1754 hereditariae
1287 1724 1406 1763 porro
1442 1709 1673 1762 Ulpianus.
1705 1715 1758 1764 (ι’)
1792 1731 1813 1756 a
1848 1718 1989 1759 Nerva
2023 1719 2202 1771 primum
2230 1720 2328 1764 fuis-

198 1772 376 1814 afflones
409 1769 778 1813 fideicommissario
805 1801 817 1821 ‚
850 1770 893 1812 δε
924 1770 1108 1812 adversus
1137 1785 1234 1814 eum
1290 1766 1322 1809 se
1355 1766 1635 1812 introductum
1662 1802 1673 1822 ,
1720 1784 1763 1812 ut
1796 1772 2031 1818 civitatibus
2064 1775 2198 1832 legare
2230 1778 2336 1823 lice-

195 1828 400 1872 dabuntur
424 1854 434 1866 ·
466 1828 550 1879 (b)
582 1829 674 1869 Sive
706 1840 845 1869 autem
876 1842 925 1870 ex
945 1839 1034 1869 toto
1058 1826 1148 1882 quis
1169 1827 1238 1870 in-
1287 1835 1345 1867 ret
1372 1841 1383 1864 τ
1418 1825 1536 1881 idque
1566 1827 1804 1881 diligentius
1831 1832 1881 1872 ab
1903 1832 2087 1875 Adriano
2108 1835 2335 1880 confirma-

197 1885 358 1929 stitutus
388 1918 401 1939 ‚
433 1885 512 1928 five
543 1900 591 1927 ex
626 1897 738 1940 parte
771 1883 893 1927 fuerit
920 1915 932 1938 ‚
981 1900 1027 1927 ac
1060 1884 1137 1928 sive
1170 1897 1234 1927 to-
1286 1894 1373 1924 turn
1415 1914 1424 1923 .
1465 1885 1542 1925 Hae
1575 1884 1683 1940 leges
1718 1898 1839 1942 atque
1866 1889 1905 1930 S.
1928 1890 1981 1931 C.
2015 1889 2225 1935 heredibus
2257 1909 2335 1937 ex-

196 1955 287 1987 tum
313 1975 325 1997 ‚
358 1943 436 1986 five
469 1954 625 1998 partem
651 1974 664 1995 ,
698 1942 900 2004 restituere
932 1955 1099 1998 cogatur
1123 1973 1135 1994 ‚
1169 1942 1233 1985 ni·
1285 1938 1437 1982 traneis
1462 1941 1784 1998 prospexerunt3
1805 1957 1846 1987 at
1871 1946 2140 1991 Sabinianum
2169 1951 2335 2006 adopti-

195 1999 255 2042 hil
291 2000 488 2053 interest3
520 2015 615 2043 cum
649 2000 756 2043 idem
788 2000 885 2050 jutis
916 1999 961 2042 in
993 2011 1146 2055 quartae
1165 2000 1231 2043 de·
1285 1997 1369 2039 vis·
1403 1999 1491 2050 (k)
1515 2000 1579 2042 Eo
1604 2013 1745 2044 autem
1769 2001 1955 2057 jubetur,
1990 2019 2034 2048 ut
2062 2006 2088 2049 si
2117 2020 2229 2050 nater
2259 2023 2336 2051 na-

195 2057 399 2100 traffione
443 2056 567 2100 fuerit
596 2073 618 2100 a
650 2057 879 2109 Justiniano
923 2058 1189 2100 constitutum
1224 2090 1233 2101 .
1285 2055 1424 2097 turalis
1447 2071 1468 2099 e
1496 2058 1621 2100 tribus
1647 2059 1828 2102 maribus
1852 2061 1985 2104 filium
2015 2049 2142 2105 unum
2169 2064 2212 2106 in
2234 2065 2334 2108 ado-

196 2116 298 2167 (c)
344 2115 539 2159 Athones
581 2114 684 2158 item
715 2130 765 2158 ex
798 2115 837 2157 S.
870 2114 923 2157 C.
958 2114 1230 2159 Trebelliano
1284 2112 1469 2167 ptionem
1501 2115 1661 2158 dedisset
1693 2131 1705 2168 3
1749 2117 1784 2159 ei
1833 2117 1920 2161 filio
1962 2133 2078 2174 pater
2110 2122 2327 2176 adoptivus

194 2187 281 2214 non
332 2172 376 2217 in
420 2172 596 2227 privatas
639 2172 761 2215 modo
812 2172 1015 2227 certasque
1048 2172 1233 2228 personas
1281 2183 1472 2225 quartam
1515 2173 1717 2216 bonorum
1753 2187 1909 2228 partem
1945 2177 2194 2234 relinqueret
2228 2195 2328 2234 prae-

194 2229 565 2283 transmittuntur3
611 2229 672 2272 sed
704 2230 829 2273 etiarn
864 2230 906 2273 in
941 2230 1220 2274 universitates
1281 2229 1354 2270 mii
1404 2229 1492 2272 loco
1536 2232 1770 2285 parentibus
1806 2265 1819 2286 ‚
1863 2235 1969 2289 quod
2018 2249 2094 2278 tres
2128 2236 2333 2292 reipubli-

192 2286 236 2330 δὲ
270 2288 497 2342 municipia
521 2320 533 2340 ,
575 2287 720 2343 quibus
751 2288 903 2330 diresta
936 2287 1137 2332 hereditas
1170 2304 1230 2333 re·
1280 2301 1335 2329 cae
1377 2302 1509 2329 mares
1552 2288 1783 2332 dedissent:
1830 2291 1937 2346 quod
1981 2292 2024 2335 ὃς
2055 2292 2101 2336 de
2136 2294 2329 2351 impube-

302 2346 405 2399 ]cmi
436 2346 626 2389 Gravinae
653 2376 661 2387 .
695 2347 811 2388 Tom.
836 2348 869 2388 I.
1926 2349 1993 2404 Pp
2287 2368 2328 2397 re

194 2424 1226 2435 ————-——-—-———————--———--——
1294 2421 2322 2440 ——mw———ss-n———a—

237 2460 316 2499 (0²)
343 2460 504 2493 Heredem
518 2483 528 2496 ,
554 2461 576 2492 fi
603 2459 916 2493 fideicommissarius
931 2483 942 2498 ,
969 2459 1220 2494 fideicommissa·
1321 2461 1340 2500 <
1353 2460 1392 2496 ε)
1419 2461 1455 2490 L.
1475 2471 1547 2491 oran
1567 2460 1622 2493 bus
1640 2466 1692 2493 26.
1708 2460 1744 2504 ff.
1769 2463 1808 2493 ad
1824 2465 1862 2494 S.
1881 2466 1914 2494 C.
1937 2463 2076 2496 Trebam.

190 2503 276 2537 rium
292 2526 302 2542 ‚
328 2504 351 2536 si
398 2504 490 2536 heres
513 2504 669 2537 solvendo
703 2506 766 2537 effe
804 2505 940 2537 desiisset
968 2517 975 2537 ε
1002 2516 1102 2548 quare
1141 2507 1224 2539 reste
1323 2504 1393 2545 [f]
1422 2507 1606 2546 injutum.
1625 2506 1681 2538 lib-
1698 2505 1885 2551 40.ffstve
1897 2510 1922 2540 l.
1944 2519 1996 2548 29-
2015 2508 2055 2552 ff
2075 2511 2116 2542 ad
2133 2510 2168 2542 J'.
2185 2514 2222 2542 C.
2243 2511 2325 2545 Tre-

188 2548 380 2590 ‘theophilo
405 2548 577 2589 ἒπιξῆμιοι
601 2549 756 2582 dicuntur
791 2573 799 2581 .
843 2549 963 2581 Heredi
1000 2552 1089 2583 enim
1128 2549 1224 2584 facile
1277 2547 1339 2581 bet!
1368 2553 1402 2581 in
1420 2557 1465 2590 pr.

187 2594 304 2637 praesto
328 2602 396 2626 erat
421 2594 578 2626 damnum
607 2616 617 2633 ‚
644 2595 666 2627 si
693 2594 745 2632 is,
772 2606 790 2626 a
815 2594 1035 2628 creditoribus
1075 2606 1200 2629 eonven
1319 2594 1421 2634 (⁴²⁴²)
1460 2596 1598 2628 Antonii
1625 2605 1737 2629 tamen
1765 2597 1934 2640 Augustini
1959 2597 2160 2634 sententiam
2186 2600 2320 2643 praefert

185 2646 266 2676 ωε,
291 2647 400 2671 totum
427 2650 468 2671 «τε
492 2639 634 2671 alienum
663 2639 878 2680 praestitiffet3
906 2639 993 2673 idem
1031 2651 1148 2673 contra
1186 2642 1222 2674 fi·
1275 2639 1496 2687 Schultingius
1521 2641 1560 2673 ad
1585 2641 1723 2684 Ulpium·
1751 2645 1803 2675 tit¹
1840 2645 1956 2677 XXsl.
1990 2646 2018 2687 §.
2043 2654 2073 2683 5-
2106 2659 2142 2679 n·
2162 2657 2211 2685 13.
2245 2650 2322 2692 quia

1273 2684 1367 2721 huius
1406 2686 1681 2720 senatusconsulti
1721 2687 1884 2721 sententia
1927 2690 2079 2723 laudatur
2118 2703 2136 2724 a
2177 2690 2317 2733 Juliano

185 2683 476 2717 deicommiffarius
502 2684 711 2725 patiebatur,
738 2684 758 2716 fi
786 2683 877 2716 heres
913 2695 955 2717 aes
992 2685 1141 2719 alienum
1168 2708 1178 2725 a
1205 2698 1222 2718 a

1274 2731 1310 2759 L.
1341 2741 1395 2771 27.
1424 2734 1458 2763 D
1497 2733 1526 2763 h.
1556 2742 1582 2765 t.
1622 2734 1652 2764 &
1679 2735 1814 2766 Marcus
1841 2734 1991 2775 Julianus
2014 2743 2109 2768 aetate
2138 2739 2313 2779 preceffiffe

184 2728 388 2763 debitoribus
413 2729 619 2762 hereditariis
644 2728 792 2762 coastum
829 2729 1042 2773 abliguriiffet
1082 2753 1092 2763 .
1132 2730 1221 2765 Adde

184 2773 486 2826 litium—anfraffi’tus
512 2776 542 2806 &
569 2782 698 2807 mutuas
722 2774 926 2813 calumnias,
953 2775 976 2807 fi
1015 2774 1148 2809 heredes
1173 2788 1220 2809 re-
1272 2774 1425 2808 videtur.
1454 2778 1547 2814 Nec,
1576 2777 1597 2809 fi
1624 2787 1738 2810 verum
1767 2790 1941 2820 amamus,
1966 2782 2142 2824 quicquam
2169 2784 2275 2816 obstat
2299 2804 2310 2823 ,

183 2828 279 2852 moto
304 2832 339 2853 in
364 2820 437 2852 loco
459 2819 615 2863 degerent
645 2842 655 2858 ,
689 2829 745 2852 aut
772 2831 912 2853 numero
948 2821 1056 2862 plures
1093 2822 1190 2854 essent
1210 2843 1217 2853 .
1268 2830 1332 2863 quo
1357 2821 1465 2854 minus
1491 2822 1552 2855 hoc
1577 2821 1627 2860 jus
1654 2825 1797 2865 primum
1823 2824 2018 2858 civitatibus
2048 2849 2059 2864 ‚
2104 2826 2179 2860 dein
2203 2838 2319 2861 autem

231 2865 281 2905 [ς]
311 2866 492 2899 VVesemb.
519 2866 553 2897 in
570 2868 597 2908 §.
613 2866 671 2905 sed
685 2866 761 2908 quia
780 2864 889 2905 Iassie.
917 2866 956 2898 de
978 2865 1086 2906 fideic.
1116 2867 1217 2899 hered.
1267 2866 1419 2909 collegiis
1453 2866 1568 2900 datum
1606 2869 1780 2910 opinemur
1818 2891 1830 2910 ,
1885 2872 2106 2915 nequicquam
2151 2872 2314 2907 renitente

180 2909 219 2941 (5
233 2917 337 2950 parat.
348 2908 387 2955 ff.
403 2911 445 2943 ad
457 2913 495 2942 s.
512 2914 546 2942 C.
565 2909 705 2943 Tuben.
720 2909 927 2951 dissentiente
940 2910 1080 2943 Donello
1114 2913 1137 2944 Ι.
1186 2922 1217 2943 2·
1266 2909 1401 2948 Cujacio
1415 2934 1424 2943 .

184 2957 222 2988 C..
233 2954 272 3004 fle
286 2954 478 2994 ,fideii-oram.
497 2957 599 2988 hered.
625 2957 694 2988 vid.
721 2956 881 2990 Vinnium
905 2954 1070 2998 Instituit.
1101 2958 1132 3000 §-
1156 2958 1216 2997 sed
1310 2958 1329 2997 ζ
1345 2957 1398 2999 g)
1423 2959 1458 2988 L.
1478 2969 1547 2991 cum
1562 2960 1706 2992 senatus
1716 2958 1755 3004 ff.
1774 2961 1810 2992 sla
1827 2959 1890 2994 reb.
1906 2960 1978 2994 dub.

179 3007 258 3040 quta
272 2998 357 3030 verb.
376 3007 430 3052 pro
443 3002 523 3052 {³⁰²⁹
539 3002 630 3034 titul.
649 3011 701 3039 23.
1311 3003 1359 3043 [h
1371 3003 1386 3041 ¹]
1415 3006 1451 3034 L.
1467 3004 1518 3036 ita
1534 3014 1643 3037 nmen
1663 3015 1715 3046 27.
1732 3004 1773 3049 ff
1792 3006 1832 3038 ad
1851 3007 1889 3037 S.
1908 3009 1941 3037 C.
1962 3005 2101 3039 Trebell-

226 3041 275 3080 [ὲ]
304 3042 415 3095 Inslft.
429 3044 477 3076 lib
493 3056 522 3076 2.
541 3047 595 3080 tir.
613 3057 665 3085 23.
685 3047 785 3089 §.sed
797 3047 873 3090 quia
886 3068 896 3078 .
1308 3048 1387 3088 (i)
1415 3049 1488 3082 Tit.
1504 3050 1541 3081 de
1556 3052 1658 3093 legar.
1677 3052 1706 3094 §.
1720 3049 1891 3084 civitatib.
1906 3052 1933 3083 Ι.
1954 3061 1978 3082 1.
1993 3049 2032 3094 ff
2048 3052 2087 3083 de
2101 3050 2211 3087 libert.
2233 3053 2308 3087 um'-

223 3086 269 3126 [c]
299 3086 409 3126 lustu.
437 3090 502 3120 eod.
521 3092 630 3132 §.sed.
646 3095 743 3134 quia.
1260 3094 1343 3133 vers:

225 3133 276 3170 [d]
300 3135 342 3183 ⁴L·
364 3137 416 3163 26·
433 3132 545 3183 CTJ‘eq-
563 3137 599 3168 in
614 3136 752 3183 primff.
770 3138 814 3172 ad
830 3138 868 3171 δ’.
887 3140 921 3173 C.
941 3135 1079 3177 Trebelt.
1092 3140 1124 3174 Ι.
1139 3138 1209 3174 um‘.
1305 3139 1359 3180 (k)
1392 3141 1543 3174 Raevard.
1562 3146 1628 3183 cap.
1646 3145 1677 3172 6.
1694 3142 1729 3173 in
1740 3140 1803 3183 fia.
1819 3139 1876 3173 lib.
1896 3141 1934 3173 de
1947 3140 2027 3173 aa&
2047 3143 2138 3184 prud.
2157 3142 2197 3173 (Ψ
2220 3142 2308 3184 §.sed

170 3174 210 3220 ff.
226 3177 264 3209 de
277 3176 384 3212 ltbert.
400 3180 542 3221 unt-vers.
1257 3193 1296 3218 ea
1315 3185 1423 3225 omnia
1437 3209 1450 3228 ‚
1476 3186 1532 3221 ubi
1561 3186 1732 3229 Theophil.
1765 3184 1872 3228 Instit·
1892 3187 1930 3222 de
1945 3187 2045 3222 hered.
2063 3198 2128 3230 quae
2144 3186 2184 3222 ab
2196 3183 2302 3227 intest.
