2524 3479
730 93 1097 171 JURIS
1178 63 1728 152 C1v1L⁴1sg

2199 105 2264 153 61

203 179 276 222 stas
296 172 480 220 universa
505 169 796 224 multitudinis,
819 170 888 213 vel
917 169 1054 225 portio
1079 182 1216 211 trans-
1263 171 1407 229 &oque
1423 173 1592 218 consilio
1619 173 1842 217 meliorum
1860 204 1871 228 3
1887 172 2048 229 publica
2071 189 2129 217 reg
2151 191 2280 230 popu-

203 237 328 280 fertur
361 230 492 274 illius.
522 234 590 273 An
613 242 753 273 autem
782 228 950 284 potestas
975 226 1114 290 omnis
1144 242 1217 281 po-

202 289 351 346 pularis
368 321 379 342 ,
402 304 454 331 an
480 300 642 331 tantum
672 286 806 341 portio
832 284 1033 328 transierit
1059 299 1102 327 in
1131 286 1218 326 Ro-

201 363 374 390 manurn
409 348 706 400 Imperatorem
731 376 743 397 ‚
774 359 796 386 e
824 343 1026 386 veteribus
1067 356 1220 384 monu-

199 404 355 447 mentis
385 401 713 457 explorabimus.
739 402 853 443 Nam
879 415 967 455 quae
988 400 1156 455 potestas
1174 415 1219 442 a-

203 461 341 505 liunde
365 461 523 503 accessit
541 492 552 512 ,
580 475 704 514 quam
731 474 781 502 ex
814 457 955 513 populi
987 456 1217 509 voluntate,

1267 230 1341 273 lari
1365 232 1593 275 temeritate
1619 231 1851 289 agitabatur
1871 263 1880 273 .
1914 231 2144 274 Multitudo
2180 249 2278 276 vero

1266 304 1376 332 coeca
1398 320 1410 342 ,
1430 288 1472 331 δε
1500 305 1672 345 praeceps
1699 287 1851 341 majora
1878 289 2036 343 semper
2055 289 2283 344 impetran-

1266 345 1343 400 do,
1364 346 1461 388 adeo
1492 346 1785 400 insolescebat,
1819 360 1862 390 ut
1883 362 1978 390 cum
2008 345 2096 402 plus
2130 346 2172 388 in
2200 348 2283 390 dies

1269 403 1429 446 libidini
1469 403 1542 446 suae
1565 404 1849 459 permitteret,
1883 405 1931 447 ad
1958 403 2171 447 infinitam
2190 418 2282 448 ten-

1265 462 1374 505 deret
1389 459 1619 504 libertatem
1637 493 1646 503 .
1670 462 1952 515 Quamobrem
1969 494 1980 515 ,
1996 461 2182 505 dissoluta
2205 461 2289 518 pri-

206 535 292 563 non
314 535 333 562 e
354 517 468 561 civili
494 516 712 569 facultate,
729 514 1003 571 societatisque
1028 513 1111 565 jure
1132 530 1218 557 ma-
1269 519 1328 561 sca
1355 517 1426 560 illa
1452 519 1651 573 temperie
1692 517 1901 572 civitatis,
1939 519 2144 570 majorum
2176 520 2291 563 inssi-

201 577 316 620 navit
336 592 347 629 ς
377 575 437 619 sed
462 590 484 618 a
509 573 700 617 facultate
724 572 929 625 naturali,
969 572 1014 614 &
1034 571 1215 635 ‘militari
1238 575 1245 636 ᾗ
1266 588 1351 619 tuta
1377 575 1518 618 sensim
1539 576 1848 629 dilabebantur,
1882 576 1924 620 ἃ
1946 576 2057 632 plebs
2079 577 2289 621 inconsul-

199 634 242 676 vi
265 651 285 677 a
303 633 488 686 Principe
515 631 745 687 explicata:
764 646 833 686 per
851 645 976 687 quam
1005 645 1089 672 v1m
1105 629 1217 672 exol·
1238 637 1245 666 ³
1267 647 1304 676 ta
1327 634 1367 675 in
1395 633 1632 688 potestatem
1657 633 1805 676 decidit
1833 634 2093 678 callidiorum
2110 667 2123 689 ,
2144 635 2187 678 &
2216 651 2289 689 po-

199 693 319 734 vebat
341 691 413 734 sese
445 688 528 740 jure
558 689 723 741 illo;cui
743 688 892 732 tuendo
913 687 1046 730 fuerat
1069 687 1216 730 assum-

198 761 290 802 tus,
312 762 469 805 quoque
500 746 599 789 alios
626 746 667 788 in
700 746 814 788 civili
836 745 936 788 statu
962 745 1216 787 continebat-

196 806 400 860 Quamvis
420 818 559 848 autem
589 804 778 858 Princeps
808 802 948 854 injuste
974 802 1073 845 fines
1113 801 1213 863 civi-

198 863 247 905 lis
268 861 470 907 facultatis
496 861 705 905 excesserit
724 893 736 912 ,
763 861 962 916 fidemque
990 860 1217 915 postposue-

200 920 254 963 rit
280 919 431 975 publici
456 918 644 972 foederis,
679 920 915 973 privataque
943 930 1121 960 uteretur
1146 933 1213 959 na-

198 989 300 1021 turae
332 976 525 1020 facultate
550 1008 562 1029 ,
599 991 724 1032 quam
765 976 806 1018 in
834 991 1059 1018 commune
1096 976 1219 1030 depo-

197 1035 308 1078 suiffe
344 1034 585 1090 oportebat3
610 1034 756 1085 justum
798 1045 936 1075 tamen
963 1045 1047 1075 erat
1067 1034 1126 1084 (⁸⁸)
1159 1032 1217 1075 ci—

197 1107 265 1135 ves
302 1092 583 1146 obtemperare
620 1090 800 1144 Principi
830 1107 839 1130 τ
878 1105 973 1132 cum
1006 1089 1087 1132 alia
1114 1091 1218 1132 ratio

196 1148 511 1204 tranquillitatis
538 1148 708 1202 publicae
725 1147 836 1189 nulla
855 1159 1031 1200 pateret.
1055 1148 1168 1189 Nam
1192 1146 1218 1188 fi

200 1207 403 1261 Principis
424 1205 515 1248 vim
541 1204 685 1255 majori
716 1204 754 1246 vi
777 1219 959 1247 coercere
985 1203 1218 1256 voluissent,

198 1263 439 1319 hortarique
469 1262 646 1317 singulos
678 1261 724 1302 ad
757 1260 1018 1315 repetendam
1054 1275 1075 1302 e
1105 1261 1219 1302 Prin-

199 1321 299 1375 cipis
325 1335 450 1363 manu
484 1319 593 1362 suam
621 1317 807 1372 cujusque
845 1317 1117 1369 facultatem,
1159 1332 1219 1360 res

197 1377 369 1422 rediisset
404 1376 452 1419 ad
485 1388 724 1430 corruptum
764 1387 918 1417 naturae
965 1374 1138 1427 statum,
1173 1390 1219 1416 o-

194 1435 362 1478 mnium
397 1435 611 1486 pessimum
641 1450 648 1473 :
698 1447 844 1487 nempe
877 1432 925 1474 ad
963 1431 1215 1475 internecio-

201 1508 329 1543 nem,
367 1505 490 1546 atque
526 1490 794 1543 discordiam,
824 1505 904 1546 quo
932 1488 1184 1532 revolvimur
1207 1520 1219 1542 ,

197 1550 357 1606 quoties
381 1548 605 1591 obsistimus
631 1547 816 1590 facultati
845 1546 1005 1601 publice
1032 1546 1216 1589 traditae:

199 1607 265 1650 cui
294 1605 552 1649 dissolvendae
574 1637 586 1658 ,
623 1605 702 1648 line
733 1620 868 1647 rerum
897 1604 1218 1659 perturbatione,

198 1663 377 1708 minime
407 1662 648 1706 sufficimus.
682 1662 756 1704 Sed
793 1660 873 1712 jam
903 1661 1021 1716 ipfius
1049 1662 1218 1717 Imperii

201 1721 386 1765 Romani
412 1733 548 1765 ortum
572 1752 583 1774 ‚
612 1733 732 1775 atque
769 1720 915 1763 statum
961 1720 1218 1775 contemple-

200 1795 319 1833 mur,
352 1780 393 1820 ὅ(
433 1778 719 1833 explicemus.
754 1779 1003 1823 Libertatem
1044 1778 1219 1823 inditam

200 1836 362 1881 ferociae
394 1837 629 1881 animorum
670 1870 680 1891 ‚
722 1853 845 1894 quam
880 1869 891 1892 ,
937 1836 1055 1893 pulsis
1098 1838 1222 1894 Regi-

201 1896 273 1939 bus
303 1927 314 1949 ,
347 1896 594 1950 repetierant
627 1896 806 1939 Romani
837 1928 849 1948 ‚
883 1912 966 1938 non
1002 1895 1221 1953 negligen-

1267 691 1520 744 tentiorum,
1550 691 1618 746 qui
1652 690 1735 742 ejus
1771 691 1988 746 cupiditati
2024 693 2132 745 astu,
2165 693 2291 736 auda-

1266 750 1406 804 ciaque
1432 748 1496 791 sua
1534 748 1869 793 velificabantur.
1899 751 1957 793 Et
1984 749 2184 806 quoniam
2207 750 2285 792 stu-

1266 806 1329 848 dia
1351 805 1476 861 plebis
1501 821 1571 860 pro
1592 805 1703 849 varia
1725 805 1901 851 utilitate
1917 839 1929 860 ,
1950 820 2071 864 atque
2099 807 2288 863 ingenio-

1268 879 1356 906 rum
1380 863 1607 906 diversitate
1636 863 1947 918 dividebantur3
1977 865 2201 908 multitudo
2226 864 2288 907 di-

1269 921 1391 963 scessit
1419 920 1461 962 in
1484 919 1704 964 faffiones:
1727 937 1901 977 quarum
1935 921 2106 979 singulae
2134 922 2220 966 suos
2241 921 2288 964 fi-

1269 979 1305 1020 bi
1334 980 1491 1031 Duces,
1509 977 1551 1020 8<
1576 978 1783 1033 Principes
1803 979 2093 1024 constituentes
2109 1011 2121 1032 ‚
2140 980 2184 1022 in
2205 994 2294 1023 cet·-

1270 1048 1409 1078 tamen
1434 1049 1662 1089 venerunt,
1688 1036 1731 1079 &
1758 1035 1908 1080 vifftrix
1937 1037 2060 1081 faS’tio
2105 1037 2292 1093 semetip0

1269 1094 1375 1145 sam,
1414 1109 1508 1135 cum
1540 1093 1721 1147 partibus
1749 1093 1913 1150 reliquis
1940 1095 2198 1151 profligatis,
2230 1107 2294 1138 at-

1268 1166 1344 1205 que
1370 1149 1537 1192 devietis
1558 1182 1570 1203 ,
1604 1151 1646 1193 in
1676 1152 1915 1205 potestatem
1948 1152 2114 1196 deduxit
2149 1152 2289 1207 illius,

1268 1206 1380 1256 cujus
1408 1206 1577 1249 consilio
1595 1239 1606 1259 ,
1639 1221 1762 1263 atque
1793 1208 1975 1262 Imperio
2001 1210 2153 1253 vicerat
2176 1227 2183 1250 :
2220 1210 2291 1265 qui

1267 1264 1457 1317 deinceps
1497 1263 1656 1317 plebem
1688 1265 1730 1306 in
1756 1264 1940 1308 fraudem
1976 1265 2057 1317 jam
2079 1267 2293 1310 induStam

1269 1320 1400 1375 postea
1423 1319 1600 1363 militari
1628 1335 1742 1364 metu
1768 1322 2150 1379 continuit.1taque
2179 1324 2292 1378 plebs

1269 1376 1486 1420 contrariae
1506 1376 1696 1421 faRionis
1716 1379 1996 1433 opprimendae
2020 1380 2145 1424 studio
2173 1381 2222 1423 ab
2242 1396 2291 1424 eo

1270 1434 1346 1477 fuit
1372 1433 1552 1490 oppressa
1570 1466 1581 1487 ,
1601 1451 1671 1489 per
1691 1452 1812 1492 quem
1842 1437 1944 1480 alios
1968 1437 2200 1493 opprimere
2226 1455 2298 1482 co·

1274 1493 1447 1535 nabatur
1467 1524 1476 1534 .
1525 1494 1635 1547 Quia
1672 1509 1767 1536 vero
1809 1494 2006 1538 militiam
2054 1498 2293 1539 Romanam

1276 1550 1458 1593 Romani
1484 1550 1657 1605 Spiritus
1683 1553 1964 1606 permeabant,
1987 1569 2032 1596 ac
2056 1553 2174 1597 simul
2197 1569 2294 1597 cum

1275 1611 1467 1651 Romano
1488 1608 1658 1652 nomine
1689 1607 1819 1652 adhuc
1843 1610 1987 1664 opinio
2019 1611 2168 1655 veteris
2195 1611 2292 1655 Rei-

1275 1664 1444 1721 publicae
1472 1665 1636 1708 vivebat
1670 1665 1712 1708 in
1740 1667 1922 1710 animis:
1953 1684 2084 1724 neque
2109 1668 2290 1724 militia,

1275 1739 1405 1778 neque
1434 1722 1604 1779 populus
1630 1739 1764 1787 parere
1795 1737 1952 1780 poterat
1979 1726 2050 1770 uni
2080 1758 2091 1780 ,
2114 1726 2187 1770 nisi
2213 1726 2292 1770 fal-

1249 1797 1251 1800 ·
1275 1783 1312 1825 sa
1338 1782 1536 1826 libertatis
1556 1781 1755 1836 opimone
1775 1783 1986 1828 duceretur
2001 1816 2010 1827 .
2028 1784 2152 1828 Unde
2176 1800 2298 1828 man-

1276 1840 1321 1883 fit
1344 1840 1409 1883 sub
1437 1839 1624 1896 Principe
1654 1840 1828 1884 mendax
1855 1841 1993 1897 imago
2026 1840 2224 1886 libertatis
2250 1842 2296 1886 in

1275 1897 1466 1942 exteriori
1481 1899 1649 1942 Senatus
1665 1898 1869 1951 majestate
1886 1932 1897 1953 ,
1931 1916 1978 1943 ac
2004 1899 2138 1955 priscis
2165 1900 2299 1956 splen-

201 1952 260 1995 tia
285 1985 297 2006 ,
347 1969 476 2008 neque
518 1953 730 1997 voluntate
764 1970 774 2007 3
826 1954 886 1997 sed
921 1953 1054 1996 nimio
1088 1955 1221 2009 potius
1275 1955 1451 2011 didisque
1496 1956 1806 2011 magistratuum
1845 1957 2084 2001 nominibus
2127 1957 2297 2012 impres-

203 2009 287 2060 eius
320 2010 541 2053 retinendae
567 2042 579 2062 ,
624 2026 669 2054 ac
701 2010 919 2053 dilatandae
949 2011 1075 2053 studio
1118 2011 1222 2052 ami·
1274 2013 1310 2055 sa
1349 2044 1356 2052 .

207 2066 342 2109 serunt
377 2100 384 2109 .

207 2124 310 2166 tiam
347 2125 611 2178 patriciorum
651 2156 662 2178 ,
706 2140 806 2180 quos
839 2125 1017 2168 insidiari
1052 2125 1223 2180 publicae

208 2180 386 2225 libertati
432 2182 733 2235 suspicabantur
770 2214 782 2234 ‚
832 2182 954 2225 variis
986 2182 1222 2227 contentio-

210 2238 330 2281 nibus
363 2271 375 2291 ,
419 2238 623 2290 majorum
670 2239 863 2283 omnium
908 2240 1223 2295 magistratuum

209 2295 553 2340 communionem
593 2297 906 2351 impetrarunt.
958 2298 1082 2341 Unde
1131 2314 1222 2341 rnu-

210 2354 376 2398 neribus
403 2385 415 2407 ,
445 2353 489 2397 8<
522 2353 746 2398 honoribus
770 2355 1118 2410 communicatis,
1152 2357 1225 2399 Pa-

212 2422 316 2464 tres,
355 2411 544 2467 quamvis
575 2411 769 2465 consilio,
802 2413 845 2456 &
879 2413 1118 2457 auROritate
1152 2430 1224 2457 an-

213 2469 386 2511 teirent:
421 2484 592 2513 numero
635 2482 803 2523 tamen,
833 2471 877 2513 &
899 2471 1052 2514 viribus
1082 2471 1223 2515 vince-

211 2525 359 2571 bantur
391 2542 401 2567 :
437 2527 654 2584 attritaque
698 2528 882 2583 potentia
919 2529 1092 2572 Senatus
1118 2560 1129 2581 ‚
1161 2529 1223 2572 vi-

430 2067 601 2110 Etenim
636 2067 781 2122 plebeii
816 2081 1044 2110 metuentes
1077 2080 1198 2123 poten

1189 2060 1529 2138 »silmperatore
1575 2070 1884 2125 dispertiebatur
1923 2088 1933 2112 τ

1413 2012 1642 2055 Trifariam
1704 2027 1841 2057 autem
1891 2030 1956 2058 res
1991 2018 2181 2058 Romana
2226 2015 2295 2058 sub

1980 2071 2024 2114 in
2057 2073 2255 2116 Senatum
2278 2103 2292 2125 ,

1863 2128 1943 2173 His
1973 2143 2138 2186 praeerat
2178 2129 2298 2172 Prin-

1272 2202 1363 2241 ceps
1388 2217 1400 2238 ,
1433 2185 1502 2240 qui
1534 2196 1623 2227 tum
1669 2186 1824 2230 securus
1849 2198 1936 2230 erat
1962 2218 1974 2241 ‚
2018 2187 2062 2230 ἃ
2094 2186 2254 2230 firmior
2282 2219 2295 2240 ,

1271 2259 1366 2286 cum
1396 2242 1682 2285 auetoritatem
1716 2244 1887 2287 Senatus
1911 2275 1923 2297 ,
1955 2244 2141 2288 militurn
2177 2245 2262 2288 vim
2281 2277 2293 2300 ,

1271 2300 1314 2344 ἃ
1351 2300 1478 2356 plebis
1530 2301 1765 2355 potestatem
1819 2302 2072 2358 aequabiliter
2125 2302 2295 2346 dirime-

1274 2371 1333 2401 ret
1359 2390 1371 2411 ,
1423 2370 1541 2413 atque
1576 2358 1741 2402 libraret
1767 2392 1776 2401 .
1820 2360 1947 2402 Porro
1978 2359 2078 2416 quia
2105 2359 2291 2403 Romani

1272 2415 1618 2459 abominabantur
1640 2417 1960 2460 extraordinaria
1992 2417 2165 2471 imperia
2186 2449 2197 2469 ‚
2229 2417 2296 2468 ju-

1272 2473 1404 2528 staque
1449 2488 1583 2516 rerum
1618 2474 1787 2529 potestas
1823 2473 2124 2528 magistratibus
2156 2475 2294 2517 conti-

1275 2531 1443 2574 nebatur
1468 2545 1480 2583 3
1515 2530 1705 2587 Princeps
1731 2563 1743 2585 ‚
1777 2545 1821 2574 ut
1846 2530 2112 2574 offensionem
2145 2530 2292 2576 ferocis

2097 2590 2236 2645 popuh

1273 2128 1470 2170 militiam
1497 2158 1509 2179 ‚
1541 2127 1584 2170 ὃς
1623 2128 1781 2182 plebem
1808 2161 1817 2171 .

218 2661 318 2672 *-
326 2664 1228 2675 ——-——-——-—-——-—-—-—-——
1287 2667 2292 2678 ————-—-————————-—————

261 2697 312 2736 ζ’)
342 2700 413 2729 imo
429 2697 598 2739 pastorum
627 2697 705 2731 fides
722 2721 732 2736 ,
759 2700 810 2732 cui
829 2699 858 2730 δι
876 2699 910 2731 in
935 2710 1035 2743 quam
1065 2700 1093 2733 se
1111 2701 1226 2744 suaque

218 2741 332 2773 omnia
350 2741 478 2775 tradere
511 2742 666 2776 homines
694 2743 795 2777 solere
827 2743 959 2777 dixerat
976 2768 987 2784 ,
1016 2756 1131 2788 parum
1153 2757 1228 2788 pro-

223 2783 285 2818 fuit
316 2788 475 2821 Romanis
491 2808 502 2825 ‚
531 2788 552 2820 fi
576 2789 722 2831 Principi
742 2789 846 2822 etiam
862 2792 942 2823 fines
967 2790 1100 2833 imperii
1130 2803 1226 2825 exce-

223 2829 314 2862 denti
330 2832 560 2874 obtemperare
577 2857 587 2873 ,
604 2834 694 2866 cives
707 2836 881 2876 oportebat
897 2860 905 2868 .
928 2840 1103 2879 Repugnat
1121 2837 1154 2870 id
1169 2849 1225 2870 na-

222 2874 298 2907 tivae
318 2876 421 2910 indoli
439 2878 607 2919 pastorum
627 2900 636 2918 ‚
653 2890 716 2922 qua
733 2881 832 2913 alteri
852 2881 973 2914 resilire
987 2893 1005 2914 a
1019 2881 1083 2915 fide
1098 2883 1173 2915 data
1188 2883 1227 2915 li-

224 2925 302 2969 cet,
328 2921 349 2952 si
364 2922 501 2955 eandem
516 2924 557 2956 ab
573 2924 679 2957 altero
709 2936 774 2958 non
801 2926 923 2960 servari
940 2927 1106 2969 intelligat
1129 2950 1137 2959 .
1165 2929 1227 2961 Ar-

225 2973 290 2995 mis
311 2975 391 2997 vero
407 2969 611 3012 naturalique
639 2971 672 3002 vi
687 2973 877 3006 renunciare
894 2972 1047 3015 princeps
1067 2972 1224 3015 intelligi-

226 3017 308 3045 tur,
335 3019 430 3059 quam
451 3013 593 3053 primurn
622 3026 696 3048 cum
725 3018 847 3058 populo
879 3017 1075 3061 paciscitur.
1104 3022 1228 3052 Utrum

228 3062 340 3085 autem
357 3062 441 3086 ratio
459 3059 712 3101 tranquillitatis
725 3063 871 3103 patiatur
886 3064 1028 3106 principi
1044 3064 1227 3101 refistimon

1278 2712 1341 2745 que
1358 2701 1547 2740 dicendum,
1564 2702 1685 2743 populo
1700 2701 1834 2745 quidem
1852 2707 2006 2735 Romano
2022 2702 2190 2745 integrum
2216 2702 2294 2736 fuis-

1277 2748 1306 2779 se
1323 2769 1333 2786 ,
1363 2747 1544 2790 principem
1564 2746 1648 2789 leges
1670 2748 1904 2780 conventionis
1920 2749 2119 2791 migrantem
2149 2749 2184 2780 in
2202 2748 2294 2782 ordi·

1276 2803 1353 2825 nem
1368 2803 1497 2835 cogere,
1518 2791 1569 2825 sed
1587 2793 1746 2826 remififfe
1759 2804 1836 2825 eum
1852 2792 1979 2831 dejure
1999 2794 2054 2827 suo
2068 2793 2187 2832 videri,
2204 2795 2292 2836 post-

1276 2849 1375 2881 quam
1392 2847 1433 2870 ex
1454 2837 1585 2870 silentio
1600 2836 1670 2874 eius
1685 2838 1856 2872 derelietio
1875 2840 1988 2880 colligi
2008 2840 2119 2881 potuit
2141 2863 2150 2879 ,
2168 2840 2290 2873 tacito-

1278 2894 1339 2927 que
1356 2884 1469 2925 populi
1488 2883 1642 2916 consensu
1657 2885 1706 2916 vis
1723 2883 1860 2926 probata
1881 2885 2108 2917 convalescere
2128 2908 2136 2922 ,
2157 2886 2186 2917 &
2206 2884 2289 2922 juris

1280 2927 1435 2972 praesidiis
1452 2929 1570 2961 muniri
1588 2930 1689 2971 coepit
1706 2953 1713 2961 .
1744 2929 1836 2962 Idem
1854 2930 2054 2963 conveniens
2076 2932 2119 2963 est
2133 2931 2176 2963 iis
2193 2954 2203 2969 ‚
2219 2941 2289 2974 quae

1280 2973 1378 3016 paulo
1393 2975 1460 3016 post
1478 2975 1518 3007 ab
1534 2975 1664 3007 aunore
1686 2974 1849 3007 dicuntur·-
1874 2975 2028 3015 Agnoscit
2044 2977 2133 3008 enim
2156 2978 2287 3018 plebem

1281 3025 1465 3053 Romanam
1484 3021 1551 3052 astu
1567 3020 1607 3052 ab
1623 3020 1885 3062 imperatoribus
1900 3020 2046 3054 delusam
2061 3045 2071 3058 ,
2091 3023 2127 3054 in
2146 3022 2288 3063 potesta-

1282 3073 1351 3099 tem
1369 3075 1483 3098 eorum
1501 3065 1687 3098 concessiffe.
1708 3069 1753 3099 Ur
1771 3065 1860 3097 enim
1876 3067 2021 3107 expresso
2040 3068 2195 3100 consensu
2211 3076 2287 3108 pur-

229 3097 310 3135 jutiss
330 3097 381 3129 sed
399 3100 556 3134 utilitatis
570 3106 701 3145 quaestio
715 3107 760 3139 est
775 3131 785 3146 ‚
812 3109 870 3141 etfi
888 3109 968 3150 saepe
982 3108 1174 3152 contigerit,
1194 3118 1230 3144 ut
1278 3110 1346 3155 gari
1364 3110 1482 3144 vitium
1511 3121 1566 3152 per
1583 3111 1687 3151 legem
1717 3112 1839 3152 regiam
1856 3111 1966 3151 potuit
1982 3133 1990 3150 ‚
2020 3113 2062 3147 fic
2086 3112 2174 3156 idem
2207 3120 2286 3145 con-

229 3143 370 3186 publieae
385 3143 507 3187 quietis
523 3145 647 3183 intuitu
660 3150 748 3186 cives
765 3163 783 3186 a
798 3151 869 3192 jure
886 3154 941 3189 suo
956 3155 1231 3191 recesserint-Ita-

1281 3156 1408 3200 tingere
1422 3156 1559 3200 potuisse
1574 3155 1706 3191 videtur
1723 3155 1878 3191 consensu
1892 3156 1996 3191 tacito
2009 3179 2018 3189 .
