2524 3479
777 99 1144 175 JURIS
1227 102 1781 158 (31V1L18.

229 175 302 222 bus
331 174 490 232 Sacris,
521 176 609 232 (a)
641 174 700 220 sed
732 192 754 219 a
784 177 906 220 censu
938 177 1241 230 rationem('‘)

228 235 381 279 inivit.
413 236 538 278 Unde
570 239 612 278 in
646 234 822 289 primam
856 234 1015 278 claffem
1049 234 1241 289 conjecit,

224 293 294 349 qui
322 306 490 337 centum
516 291 650 336 millia
674 292 792 344 aeris,
823 307 893 335 aut
926 291 1124 343 majorem
1147 309 1238 336 cen-

225 353 315 394 ium
348 350 549 394 haberet:
583 365 708 405 eaque
741 350 868 393 classis
898 350 1110 393 obtinebat
1129 351 1241 394 0610-

226 409 343 464 ginta
376 408 557 471 peditum
590 407 830 450 centurias·
822 440 834 461 ‚
866 423 1039 462 quarum
1072 409 1238 463 quadra-

224 479 345 521 ginta
376 480 585 516 iuniorum
618 477 733 508 erant
759 496 772 518 ,
803 465 977 508 totidem
1011 467 1240 520 seniorum,

223 523 268 567 ἃ
299 523 438 567 decern
465 554 479 577 ,
524 534 650 587 atque·
686 522 780 566 octo
818 522 1001 578 equitum
1040 554 1049 565 .
1093 523 1240 567 Altera

223 580 464 624 continebat
496 578 699 624 centurias
729 580 869 624 decern
905 580 1143 635 seniorum3

222 637 352 681 tidem
384 636 594 689 juniorum
616 669 629 690 ‚
661 638 704 680 ἃ
734 637 830 680 duas
861 636 1102 681 fabrorum:
1135 651 1240 681 erat-

222 710 302 750 que
335 695 444 738 intra
476 707 644 739 centum
677 695 797 750 usque
830 696 878 737 ad
910 694 1090 751 quinque
1120 695 1163 739 δί
1185 696 1236 740 se-

224 753 442 809 ptuaginta
475 752 659 797 millium
693 752 830 796 census
863 784 873 795 .
915 754 1061 796 Tertia
1103 753 1234 796 conti-

221 812 346 854 nebat
373 843 385 865 ‚
418 810 560 854 eodem
592 810 719 854 aetatis
749 809 985 854 discrimine
1010 843 1022 864 ,
1054 810 1237 866 pediturn

223 869 432 912 centurias
476 868 620 911 itidem
652 867 804 923 viginti
838 900 850 922 ‚
893 880 1058 924 eratque
1098 869 1238 911 census

220 925 411 969 millium
443 926 780 990 quinquaginta:
824 939 967 982 quarta
1000 926 1237 969 continebat

217 983 346 1027 etiarn
380 983 583 1027 centurias
615 983 795 1039 viginti,
826 983 970 1048 additis
1002 983 1234 1026 tubicinum

218 1040 401 1097 duobus3
432 1053 595 1096 eratque
628 1040 767 1084 census
797 1040 978 1097 quinque
1009 1041 1053 1083 δι
1085 1041 1234 1097 viginti

216 1099 432 1142 millium.
464 1098 623 1150 Quinta
656 1098 893 1142 continebat
925 1099 1094 1154 triginta
1127 1099 1236 1154 pedi-

217 1167 312 1200 tum
353 1156 560 1200 centurias
592 1155 719 1198 aetatis
749 1157 874 1200 etiarn
907 1157 1064 1199 ratione
1095 1157 1233 1199 distin-

216 1213 337 1257 θεῆς·
328 1246 341 1267 ‚
372 1212 608 1270 quindecim
643 1212 795 1257 scilicet
829 1213 1032 1256 seniorum
1056 1244 1068 1265 ‚
1100 1211 1234 1263 junio-

214 1286 310 1315 rum
343 1271 553 1315 totidem.
600 1282 766 1326 eratque
809 1271 1001 1312 undecim
1046 1269 1234 1312 millibus

215 1328 334 1373 censa
362 1360 372 1371 .
421 1330 471 1370 ln
518 1327 670 1370 sextam
703 1328 871 1371 demum
902 1326 1065 1370 classem
1097 1326 1233 1378 conje-

216 1386 271 1430 ssti
306 1384 472 1449 fuerunt
502 1385 650 1440 egeni,
680 1383 724 1430 δε
756 1397 896 1429 tenues
927 1400 1076 1439 nempe
1099 1385 1232 1439 prole-

212 1443 337 1497 tarii,
369 1443 437 1497 qui
471 1456 634 1487 tanturn
669 1438 928 1506 propaganda
952 1474 964 1497 ‚
1012 1442 1056 1486 δε
1087 1442 1231 1486 alenda

211 1501 328 1558 prole
362 1500 681 1556 Rempublicam
712 1500 940 1554 juvabant,
972 1500 1140 1557 ideoque
1171 1501 1231 1543 di-

213 1559 268 1603 &i
305 1559 539 1623 proletarii,
569 1559 612 1602 &
644 1560 776 1615 capite
809 1559 954 1612 cens13
998 1559 1105 1615 quod
1138 1574 1228 1614 pro·

215 1629 307 1673 pter
338 1632 522 1673 inopiam
555 1629 676 1672 caput
709 1628 911 1670 tanturn,
953 1615 997 1659 &
1030 1631 1184 1659 nomen
1217 1647 1230 1669 ‚

205 1689 298 1718 non
343 1686 481 1718 autem
526 1674 630 1718 bona
664 1676 955 1730 profiterentur
987 1675 1030 1716 in
1063 1674 1184 1717 censu
1218 1690 1226 1716 τ

206 1732 368 1790 ejusque
399 1733 527 1776 claffis
560 1731 675 1775 nulla
706 1732 760 1775 est
792 1733 930 1775 habita
962 1731 1066 1775 ratio
1091 1763 1103 1785 ‚
1136 1731 1228 1776 nul-

210 1789 273 1834 lus
304 1790 523 1845 descriptus
547 1822 560 1844 ,
591 1802 661 1833 aut
691 1789 881 1833 definitus
913 1804 1130 1834 numerus·
1163 1805 1228 1833 ea-

207 1864 289 1904 que
333 1863 405 1903 pro
450 1863 530 1891 una
572 1848 756 1892 centuria
797 1848 1127 1891 numerabatur:
1174 1848 1229 1891 ita

211 1917 259 1949 ut
314 1905 510 1949 centuriae
562 1921 708 1950 omnes
759 1920 981 1949 numerum
1032 1904 1230 1949 referrent

209 1964 426 2007 CXCIII.
460 1963 598 2007 Prima
619 1964 733 2008 enim
757 1963 886 2007 claffis
902 1975 987 2007 erat
1009 1964 1228 2007 XCVIII.

205 2021 507 2064 Centuriarum
533 2053 546 2076 ,
597 2021 767 2066 secunda
799 2023 948 2065 XXII.
980 2021 1099 2063 tertia
1129 2023 1227 2064 XX.

208 2091 356 2134 quarta
381 2080 530 2124 XXII.
555 2079 856 2135 quintas-XXX
881 2079 1080 2122 Ceterum
1106 2077 1228 2121 initio

208 2136 353 2201 populi
384 2135 529 2179 divisio
562 2152 632 2191 per
663 2135 831 2189 classes,
863 2136 906 2179 &
928 2135 1131 2179 centurias
1146 2136 1223 2179 rni-

207 2194 323 2237 nime
378 2194 716 2238 communicabat
758 2209 853 2237 cum
895 2193 1022 2237 altera
1065 2193 1224 2237 divisio-

208 2266 262 2295 ne
295 2251 401 2295 faSia
433 2267 502 2306 per
534 2252 661 2295 tribus
691 2268 700 2293 :
749 2267 894 2296 verum
936 2250 1110 2307 expletis
1153 2251 1223 2294 tri-

204 2310 324 2365 ginta
364 2309 545 2375 quinque
588 2309 772 2353 tribubus
805 2342 817 2363 ‚
859 2321 1027 2365 utraque
1061 2310 1226 2374 partitio

167 2397 171 2402 ·
198 2368 444 2422 convenit,
487 2367 531 2411 &
562 2367 730 2422 classes,
762 2380 881 2424 atque
913 2368 1108 2412 centuriae
1141 2367 1225 2411 col-

207 2423 301 2469 latae
334 2425 463 2469 suut
455 2442 497 2468 in
531 2426 691 2469 tribus:
738 2425 796 2468 ita
841 2438 885 2471 ut
926 2424 1099 2481 populus
1129 2425 1221 2468 uni-

205 2483 383 2526 versus
374 2499 418 2527 in
451 2484 616 2527 tribus·
606 2517 619 2538 ,
651 2483 776 2527 tribus
808 2497 947 2526 autem
982 2483 1146 2537 singulae
1178 2483 1222 2526 in

203 2541 386 2599 quinque
418 2540 588 2597 classes3
616 2542 744 2586 claffis
766 2555 904 2585 autern
932 2540 975 2584 in
1002 2540 1087 2584 suas
1115 2556 1221 2598 quae-

209 2615 290 2656 que
323 2600 528 2643 centurias
559 2600 826 2644 tribueretur.

256 2658 358 2711 Jam
391 2660 581 2703 Gravinae
609 2660 725 2701 Tom.
742 2660 775 2700 Ι.

1177 592 1238 624 (Ο-

253 2773 303 2808 (a)
328 2771 393 2812 Sig-
420 2769 476 2804 lib
500 2782 511 2803 1
542 2782 567 2804 c.
583 2781 617 2809 4
646 2771 683 2803 est
707 2772 813 2814 antiq
839 2771 901 2810 jur.
924 2772 998 2804 civ.
1018 2774 1111 2804 Rom
1142 2771 1221 2803 Dio-

210 2814 281 2855 nys.
299 2818 434 2848 Hotom.
453 2816 564 2849 Rofin.
584 2816 698 2860 Amiq
714 2815 808 2849 lib..6
827 2829 849 2849 c
870 2819 900 2849 8.

255 2861 314 2899 θ’)
340 2861 511 2894 Notabilis
537 2861 604 2896 haee
630 2861 753 2896 divisio
779 2862 886 2895 Servii
911 2862 1015 2896 Tullii
1045 2884 1056 2902 ,
1082 2872 1147 2905 qua
1172 2860 1219 2893 di-

213 2900 351 2938 serimen
388 2907 513 2939 civium
539 2906 574 2940 in
599 2906 792 2950 disparitate
830 2906 968 2950 ponitur
993 2907 1217 2945 divitiarum,

210 2948 350 2983 modicis
373 2951 464 2985 inter
489 2953 632 2994 singulas
657 2953 768 2987 classes
794 2951 976 2990 interjectis
999 2952 1131 2994 spatiis.
1165 2953 1218 2983 In

211 2991 254 3025 de
274 2995 420 3035 vegetior
444 2998 614 3031 aemulatio
639 3007 746 3031 mater
770 2998 934 3032 industriae
960 3021 970 3037 ‚
1011 2999 1054 3031 ob
1081 2997 1217 3039 praesen-

213 3044 284 3071 tem
310 3039 397 3080 spem
421 3043 607 3086 emergendi
638 3067 646 3074 .
690 3047 729 3077 In
755 3044 898 3095 primam
935 3044 1065 3077 classem
1105 3041 1214 3080 conie-

209 3081 257 3118 &i
284 3105 295 3122 ‚
336 3085 391 3126 qui
416 3095 548 3122 centum
574 3088 683 3122 millia
709 3089 780 3122 aeris
809 3088 970 3123 haberent
996 3112 1007 3128 ‚
1039 3088 1097 3122 vel
1124 3087 1216 3120 mille

211 3129 359 3162 unciales
387 3131 591 3182 Imperiales
602 3142 658 3167 aut
681 3134 891 3186 Philippeos.
920 3134 1059 3167 Eximiae
1075 3133 1123 3167 hae
1137 3143 1216 3175 opes

211 3174 294 3207 Civis
320 3183 421 3207 emm
447 3176 577 3213 ¹‘uteru-ri
603 3179 677 3211 visae
702 3180 774 3212 sunt
801 3181 835 3213 in
861 3179 995 3221 pristina
1011 3186 1213 3223 paupertate.

213 3219 534 3257 lncrebrescentibus
556 3221 633 3256 dein
648 3223 775 3259 divitiis
791 3246 803 3263 ,
830 3224 1010 3268 locupletes
1027 3224 1143 3260 saltem
1157 3224 1216 3259 visi

1244 2997 1324 3030 *bus
1352 2997 1436 3030 bona
1467 2997 1593 3041 profeffi
1619 2996 1834 3030 continebant
1840 3007 1876 3027 ur
1903 3018 1913 3031 .

2296 124 2330 171 Ὁ

1570 295 1637 338 De
1666 293 1808 336 Turba
1832 290 1992 335 Forenffi
2009 324 2018 337 .

1374 350 1564 394 Ostremo
1598 350 1742 393 habuit
1772 352 1815 393 ὃς
1850 351 1960 404 plebs
1996 353 2187 394 Romana
2220 353 2306 404 (b)

1405 408 1515 451 suam
1549 406 1724 451 faecem·
1715 441 1727 461 ,
1772 409 2029 464 sordiumque
2079 409 2302 453 colluviem

1288 463 1505 508 collectam
1525 480 1574 508 ex
1602 481 1768 520 egenis,
1793 480 1893 519 quos
1912 465 2117 518 diximus,
2144 466 2187 510 ὅ(
2217 482 2309 521 pro-

1289 520 1467 573 letariis,
1501 522 1582 566 sine
1604 521 1716 575 lare,
1749 523 1829 565 line
1859 522 1990 576 ιεξῖο,
2024 524 2103 566 sin
2129 524 2210 566 sede
2236 539 2307 567 va-

1287 594 1389 634 gos,
1424 580 1566 623 effusos
1593 612 1607 633 ‚
1639 580 1809 635 egestate
1837 612 1850 633 ,
1883 580 1946 622 vel
1992 595 2082 635 pr·a
2072 581 2230 634 itate,
2261 582 2306 626 &

1285 637 1564 692 desperatione
1604 653 1739 681 rerum
1769 638 1960 681 omnium
1998 639 2046 681 ad
2074 638 2274 683 tumultus
2295 670 2308 691 ,

1284 693 1328 736 δί
1359 695 1515 751 flagitia
1551 695 1817 749 paratissimos
1844 727 1856 748 ‚
1902 711 2002 751 quos
2036 698 2196 739 turbam
2242 695 2306 738 fo-

1287 752 1442 796 rensem
1477 753 1643 807 Livius,
1675 753 1781 809 quod
1816 753 1857 797 in
1880 753 1971 796 foro
2001 754 2047 796 ad
2081 757 2304 808 captandos

1287 807 1387 865 legis
1429 811 1613 866 Agrariae
1658 810 1911 854 rumusculos
1959 812 2092 855 ociosa
2142 812 2301 854 staret·
2290 844 2305 864 ‚

1285 868 1436 911 Cicero
1468 869 1664 912 urbanam
1699 868 1895 924 plebem·
1887 901 1899 923 ,
1933 869 2156 921 Horatius,
2189 870 2305 924 quod

1285 940 1369 967 non
1402 938 1495 980 toga
1521 958 1533 979 ,
1579 927 1639 970 sed
1682 927 1819 969 tunica
1863 939 2026 969 tanturn
2071 927 2122 972 ob
2154 927 2305 982 egesta·

1284 995 1367 1025 tem
1403 996 1611 1027 uterentur
1647 1015 1659 1037 ‚
1704 983 1936 1027 tunicatum
1972 983 2181 1039 popellum
2232 1000 2304 1038 ap-

1284 1039 1478 1095 pellavit.
1511 1044 1630 1094 Hos,
1663 1053 1708 1084 ut
1733 1041 2043 1085 mendicitatem
2076 1057 2220 1084 eorum
2244 1041 2303 1085 le-

1281 1112 1428 1142 varent
1458 1131 1470 1151 ,
1517 1099 1560 1142 in
1604 1114 1721 1153 agros
1765 1098 1953 1154 publicos
2001 1098 2252 1142 deducebant
2290 1132 2304 1154 ‚

1281 1154 1354 1198 hos
1385 1156 1522 1211 praedae
1552 1157 1717 1211 cupidos
1749 1187 1761 1205 ,
1808 1156 1851 1199 8(
1881 1157 1934 1199 ob
1973 1156 2175 1199 summam
2209 1157 2292 1199 mi,

1287 1212 1429 1255 seriam
1451 1213 1610 1256 nullam
1631 1213 1876 1256 deteriorem
1896 1214 2179 1257 conditionem
2209 1229 2300 1268 per-

1282 1269 1539 1313 timescentes
1571 1269 1737 1312 seditiosi
1762 1269 1912 1333 quique
1942 1302 1955 1324 ‚
1987 1272 2084 1318 dum
2119 1272 2298 1326 turbare,

1279 1342 1325 1370 ac
1358 1327 1525 1371 miscere
1564 1327 1721 1370 vellent
1765 1342 1909 1373 omnia
1939 1359 1952 1379 ‚
1996 1329 2039 1370 in
2073 1326 2300 1373 meliorum

1282 1383 1504 1439 fortunas,
1536 1385 1580 1428 ἃ
1608 1400 1705 1440 opes
1739 1383 2050 1439 impellebant,
2080 1385 2208 1448 'veluti
2247 1386 2298 1429 ad

1279 1441 1465 1486 hostilem
1504 1442 1679 1498 praedam
1709 1474 1718 1485 .
1764 1441 2071 1485 Produximus
2076 1442 2157 1493 jam
2193 1442 2302 1486 inte-

1278 1515 1397 1554 grum
1432 1501 1684 1556 Reipublicae
1719 1502 1917 1543 Romanae
1951 1516 2094 1556 corpus
2119 1532 2130 1552 ,
2165 1515 2302 1544 mem-

1280 1559 1360 1601 bris
1389 1559 1514 1602 etiam
1561 1557 1784 1613 potioribus
1819 1557 1974 1601 notatis
2007 1575 2016 1599 :
2064 1574 2174 1601 nunc
2207 1558 2296 1603 vim

1277 1616 1320 1659 ὃς
1353 1617 1591 1672 potestatem
1636 1615 1863 1669 ordinum,
1894 1631 2117 1678 eorumque
2162 1627 2293 1670 partes

1280 1674 1325 1716 in
1359 1675 1475 1717 rebus
1507 1674 1727 1731 gerendis
1756 1647 2011 1730 consiliisque
2046 1672 2220 1729 publicis
2251 1690 2296 1716 a-

1278 1732 1488 1788 gitandis,
1520 1731 1818 1795 condendisque
1862 1730 2016 1795 legibus
2038 1745 2289 1786 aper-iamus

1279 1795 1371 1833 Nec
1393 1806 1457 1834 me
1478 1789 1612 1843 fallit,
1646 1804 1820 1833 minime
1838 1804 1981 1832 omnia
2016 1801 2208 1843 perpetuo
2234 1801 2295 1833 te-

1279 1848 1404 1891 nuisse
1425 1880 1438 1901 ‚
1472 1847 1532 1891 sed
1559 1847 1857 1891 mutationibus
1887 1847 2035 1891 crebris
2068 1847 2191 1890 modo
2227 1846 2296 1889 in—

1277 1905 1440 1949 clinasse
1473 1905 1607 1949 multa
1632 1904 1801 1959 ,simodo
1841 1904 2088 1948 convaluisse
2113 1936 2124 1957 ‚
2172 1917 2295 1960 atque

1276 1965 1323 2006 ad
1356 1963 1517 2019 plebem
1554 1964 1679 2006 modo
1705 1995 1717 2017 ‚
1749 1962 1872 2005 modo
1904 1962 1952 2005 ad
1985 1965 2182 2006 Senatum
2204 1994 2216 2015 ‚
2250 1962 2296 2005 ὃς

1276 2021 1474 2064 Consules
1507 2021 1681 2065 recidisse
1707 2052 1716 2062 .
1750 2022 1911 2063 Verum
1945 2035 2017 2062 nos
2049 2035 2095 2062 ea
2139 2021 2293 2075 potilli·

1276 2094 1393 2121 mum
1429 2078 1615 2122 oratione
1649 2077 1780 2120 nostra
1811 2077 2136 2132 coinple&emt1r
2156 2109 2168 2129 ‚
2201 2090 2290 2132 quae

1277 2137 1457 2180 maxime
1497 2135 1606 2180 fuere
1646 2136 1873 2188 diuturna3
1907 2134 2143 2191 tempusque
2188 2133 2290 2176 illud

1277 2194 1529 2250 potissimum
1577 2193 1843 2249 speE’tabimus
1868 2224 1880 2246 ,
1913 2208 1995 2248 quo
2039 2191 2288 2236 firmioribus

1276 2253 1383 2302 stetit
1416 2255 1608 2296 Romana
1643 2250 1885 2307 Respublica
1909 2250 2085 2294 viribus.

1417 2369 1457 2412 C
1518 2369 1558 2412 A
1620 2367 1650 2411 P
1709 2369 1754 2409 U
1813 2367 1858 2409 T
1977 2366 2141 2413 XIIL

1606 2427 1673 2470 De
1704 2424 1972 2479 Consulibus.

1382 2540 1565 2594 Egimen
1599 2539 1724 2594 igitur
1755 2556 1801 2584 ea
1835 2538 1983 2593 triplex
2018 2536 2289 2594 praeserebat3

1411 2601 1595 2656 Regium
1627 2599 1672 2642 in
1709 2597 1960 2698 Consussbus
1987 2613 1999 2651 ς
2032 2597 2292 2641 Aristocrati-

2193 2669 2291 2698 cum

1594 2736 1699 2746 *-

1272 2769 1344 2803 sunt
1370 2771 1508 2811 liberti,
1537 2771 1589 2813 qui
1618 2771 1704 2803 ultra
1732 2779 1866 2802 centum
1894 2768 1998 2800 millia
2024 2768 2097 2798 aeris
2123 2766 2173 2798 seu
2188 2766 2281 2798 mille

1269 2814 1412 2849 sestertia
1434 2817 1636 2859 coegissent,
1665 2818 1681 2859 §
1700 2827 1726 2847 2.
1754 2824 1780 2846 a
1798 2816 1834 2846 de
1848 2814 1990 2854 success
2006 2811 2069 2845 lib.
2058 2822 2111 2844 re
2146 2813 2176 2843 8<
2192 2811 2283 2844 sicin

1269 2860 1402 2893 libertis
1430 2870 1577 2894 retentus
1605 2863 1634 2895 8<
1660 2860 1825 2907 expressus
1866 2869 1937 2891 mos
1987 2856 2223 2899 antiquffinus
2250 2856 2286 2888 in

1267 2906 1365 2938 censu
1391 2906 1445 2939 iri<¹
1428 2919 1498 2949 „ew
1495 2918 1553 2941 ιο.
1557 2919 1637 2940 um.
1668 2910 1707 2939 In
1732 2903 1851 2946 vulgus
1876 2916 1902 2936 a·
1898 2913 1987 2936 item
2015 2911 2130 2935 notum
2160 2902 2228 2940 est,
2244 2899 2284 2932 ad

1266 2934 1531 2986 adumbra‘ndum
1557 2952 1748 2995 quinarium
1791 2950 1931 2983 claffium
1959 2958 2132 2980 numerum
2163 2967 2173 2985 ‚
2211 2946 2284 2988 qui-

1954 2994 2046 3026 testes
2073 2991 2215 3025 totidem
2246 3001 2282 3023 a·

1266 3042 1442 3077 lienationi
1481 3054 1536 3086 per
1560 3054 1602 3075 aes
1629 3044 1658 3074 &
1697 3042 1818 3073 libram
1856 3040 1957 3072 etiam
1999 3039 2032 3071 in
2073 3038 2149 3070 testa
2157 3035 2279 3069 mentis

1264 3087 1413 3121 adhiberi
1439 3089 1554 3122 solitos
1579 3086 1622 3121 fu
1630 3088 1669 3120 {se
1701 3109 1711 3124 ,
1739 3086 1822 3119 unde
1852 3109 1864 3124 ‚
1889 3083 2009 3116 additis
2035 3080 2217 3124 libripende
2244 3080 2275 3112 8:

1265 3134 1455 3175 anrestam,
1483 3144 1635 3167 numerus
1662 3131 1796 3166 testum
1842 3132 1876 3163 in
1902 3128 2106 3163 testamentis
2131 3127 2277 3168 septena-

1266 3179 1332 3212 rius
1354 3202 1365 3219 ‚
1393 3181 1532 3213 manasse
1559 3179 1711 3211 dicitur.

1313 3223 1373 3268 (b)
1399 3226 1514 3269 Sigon
1545 3225 1582 3258 cle
1612 3223 1738 3267 antiqu.
1756 3219 1820 3262 jur.
1841 3221 1916 3256 Civ
1950 3222 2043 3253 Rom.
2062 3215 2122 3252 lib.
2140 3225 2169 3247 2
2185 3222 2210 3246 c.
2229 3220 2277 3253 13·
