2524 3479
237 191 367 230 iatum
393 218 405 240 ‚
430 184 604 251 'jamque
636 203 752 231 omni
760 203 826 231 um
861 187 1089 242 opinione,
1121 199 1241 244 atque

240 245 360 301 ipsius
383 245 509 289 etiam
539 246 707 289 Caesaris
728 245 848 288 tacita
871 246 1122 301 cogitatione
1143 252 1252 288 darn-

241 316 415 356 natum,
448 304 684 358 eloquentia
714 304 775 345 lua
804 302 954 346 Cicero
978 304 1156 358 eripuit.
1191 305 1254 346 Ex

241 362 401 406 infelici
429 360 546 411 hujus
574 361 842 403 accusationis
868 362 1013 412 exitu,
1049 362 1082 404 se
1115 361 1161 403 ad
1195 361 1235 413 ju

238 420 317 475 ris
322 420 549 463 rudentiam
595 418 781 471 adjunxit
826 420 892 462 sub
935 418 1078 462 Offilio
1113 434 1256 474 praece—

239 491 354 542 prore
381 509 393 530 ,
428 475 636 532 plurelque
670 477 793 519 libros
812 476 887 519 de
877 492 961 528 iure
985 476 1180 541 publicO,
1213 476 1255 520 &

242 549 403 592 privato
429 534 654 577 dofihffime
683 533 856 598 scripsit:
885 534 944 577 sed
970 535 1149 590 antiquis
1166 534 1253 577 usus

237 593 400 637 dicendi
428 593 642 646 generibus
666 624 678 646 ,
713 607 852 635 minus
875 592 1012 647 gratiae
1042 591 1152 634 libris
1182 592 1255 635 suis

240 669 262 694 a
289 651 449 706 polieris
473 649 750 693 conciliavit.
782 650 1007 704 Sulpiciam
1045 650 1179 695 Servii
1207 649 1251 692 fi-

244 709 343 753 liam
374 722 543 753 uxorem
570 707 711 752 duxit.

397 824 839 867 CAPUT
940 825 1093 867 LXX.

545 941 612 985 De
641 938 788 993 Alfeno
820 940 919 982 Varo
941 969 950 982 .

344 1055 494 1100 Lfenus
516 1057 651 1099 Varus
682 1054 996 1108 Cremonensis,
1029 1052 1252 1106 omnium,

372 1114 435 1156 vel
481 1113 558 1156 hoc
602 1128 684 1157 uno
717 1112 1059 1169 praeiiantiffimus
1086 1143 1098 1165 ,
1146 1111 1252 1167 quod

239 1171 351 1213 suam
385 1183 515 1214 totam
546 1170 664 1214 duxit
696 1187 718 1214 a
748 1171 934 1214 doetrina
964 1169 1212 1226 dignitatem
1243 1200 1251 1211 .

235 1231 320 1280 (a)
356 1231 470 1272 Cum
502 1228 616 1272 enirn
651 1228 758 1272 sutor
788 1228 917 1281 esset,
950 1241 1033 1270 arte
1065 1226 1218 1278 abjeSui
1240 1258 1252 1279 ,

236 1287 346 1329 mira
389 1285 676 1349 magnitudine
709 1285 841 1328 animi
875 1260 1058 1328 Romam
1090 1283 1252 1328 conces-

239 1343 318 1396 sit,
353 1344 474 1399 inque
507 1342 637 1386 Servii
672 1343 745 1386 sese
770 1342 1029 1405 disciplinam
1055 1341 1252 1395 tradidit,

237 1415 287 1443 ex
312 1416 392 1456 qua
418 1416 488 1457 per
509 1399 688 1456 insignes
713 1401 908 1453 virtutes,
941 1415 986 1442 ac
1007 1399 1102 1451 iuris
1125 1399 1247 1441 scien—

237 1459 340 1501 tiam
380 1457 505 1501 evasit
548 1459 597 1501 ad
627 1458 902 1501 Consulatum
935 1490 946 1510 ‚
989 1474 1035 1500 ac
1068 1470 1251 1500 mortuus

239 1515 399 1559 honore
422 1547 434 1568 ,
467 1515 681 1571 sumtuque
716 1515 879 1569 publico
899 1514 1150 1558 fuitelatus.
1187 1516 1250 1558 Li-

240 1574 331 1616 bros
364 1573 532 1629 reliquit
564 1572 957 1624 ColleRaneorum,
988 1573 1031 1614 ἃ
1066 1573 1247 1627 Digesto

239 1646 331 1674 rum
358 1662 370 1684 ,
404 1646 504 1686 quos
536 1630 668 1682 Julius
702 1629 846 1673 Paulus
879 1631 921 1672 in
956 1630 1247 1684 compendium

236 1687 440 1741 contulit,
472 1704 727 1744 quorumque
753 1687 985 1744 fragmenta
1013 1687 1184 1743 legimus
1207 1688 1247 1730 in

238 1745 414 1801 Digestis
447 1744 587 1788 nostris
614 1778 622 1788 .
656 1745 814 1789 Consul
849 1744 960 1788 fuisse
992 1746 1168 1789 creditur
1199 1747 1248 1788 ab

236 1801 438 1858 aliquibus
478 1818 572 1846 cum
610 1804 652 1845 P.
694 1803 872 1846 Vinutio
898 1834 910 1857 ,
954 1802 1133 1848 triennio
1165 1805 1247 1858 post

234 1859 449 1904 Christum
474 1873 640 1904 natum.
675 1863 758 1914 (*)

380 1976 422 2019 C
481 1978 522 2020 A
583 1978 614 2020 P
675 1979 718 2020 U
782 1979 824 2020 T

630 2065 855 2117 DeCajo.

917 1977 1107 2021 LXXI.

299 2181 408 2224 Nter
438 2179 512 2225 hos
543 2180 672 2224 Serv·
633 2197 674 2225 ii
697 2180 897 2224 auditores
918 2178 1162 2233 adscriptum
1184 2193 1246 2221 re-

318 2237 498 2292 perimus
523 2255 545 2280 a
567 2239 797 2293 Pomponio
818 2237 996 2289 Caium,
1027 2237 1072 2278 de
1088 2252 1168 2291 quo
1184 2236 1241 2278 in-

236 2293 323 2337 fra.
354 2295 430 2337 Sed
457 2294 651 2345 Cujacius
686 2295 722 2338 id
755 2311 803 2338 ex
838 2311 884 2338 eo
911 2293 1125 2348 Pomponii
1156 2292 1245 2336 loco

233 2351 368 2395 censet
395 2367 559 2409 expung
563 2353 742 2406 endum,
762 2354 865 2405 (”)
893 2365 979 2395 tum
1005 2367 1100 2406 quia
1121 2349 1245 2401 Caius

231 2407 303 2452 ille
325 2409 391 2452 sub
413 2412 632 2453 Antonino
655 2384 757 2454 vixit
782 2426 799 2461 ,·
833 2422 920 2454 tum
940 2409 1045 2465 quod
1068 2409 1241 2462 Pompo·

231 2465 546 2510 niusibidecem
564 2469 760 2523 praefinit:
777 2468 946 2523 quibus,
964 2467 1243 2530 siaggregetui

232 2523 358 2577 Cajus
373 2556 385 2579 ‚
420 2539 504 2568 non
525 2527 664 2570 decem
680 2558 691 2580 ‚
725 2525 785 2569 sed
807 2526 996 2569 undecim
1016 2524 1211 2568 evenient
1234 2556 1242 2566 .

448 2661 550 2672 ⁸1——

275 2695 294 2732 (
308 2705 328 2725 a
346 2703 352 2725 ι
379 2696 732 2737 Horat.lib.1.satyr.2
749 2695 805 2728 ubi
823 2694 1223 2736 Acron.Gell‚lib.6.cap.5

277 2741 298 2779 (
313 2740 330 2758 ⁴¹
346 2738 366 2776 )
392 2741 439 2772 De
469 2740 538 2773 vita.
570 2742 599 2773 &
616 2742 801 2781 stragmenta
818 2740 927 2773 Alfeni
946 2740 1104 2771 Heni-icus
1121 2741 1234 2772 Brenc

230 2793 373 2816 mannus
388 2784 454 2825 egit
471 2786 506 2816 in
528 2785 701 2818 Pandmis
710 2787 809 2827 sutis
831 2787 957 2818 Civilis
972 2783 1155 2817 auffioribus
1171 2787 1242 2824 suis

231 2829 272 2860 Θ·
299 2827 394 2862 libris
418 2827 599 2868 restitutis,
639 2832 800 2873 editisque
835 2829 1064 2868 Amllcrodami
1094 2839 1188 2870 1709.
1207 2833 1237 2863 8.

231 2875 261 2906 8<
291 2873 422 2917 plenius
454 2875 564 2908 celeb.
583 2879 694 2911 Otto,
719 2876 775 2917 qui
809 2877 851 2906 T.
874 2877 906 2906 V
925 2875 1067 2914 thesauri
1091 2873 1237 2912 ,iurisiu-

231 2920 331 2952 seruit
360 2920 515 2961 Alfenum
553 2919 592 2953 ab
617 2919 751 2959 injuriis
777 2920 1005 2952 vindicatum.
1034 2919 1188 2953 Detrahit
1213 2921 1243 2957 ist

232 2964 330 3016 fidem
372 2964 557 2997 Scholiastae
583 2966 790 3001 Horatiano,
820 2964 903 2996 nihil
942 2972 1051 2997 motus
1080 2964 1194 3005 suffra?
1179 2965 1239 3002 iis

229 3010 320 3054 genti
315 3020 339 3042 is
371 3010 411 3042 Αἶ-
417 3009 497 3042 senae
523 3011 608 3053 apud
639 3009 900 3062 Cremonenses,
942 3009 997 3042 etsi
1024 3020 1060 3041 ea
1084 3010 1232 3051 inimagi-

230 3066 309 3088 nem
337 3053 448 3088 Alfeni
487 3066 528 3089 ex
559 3068 620 3089 :ere
651 3055 834 3100 peregrinis
860 3055 946 3087 inter
978 3054 1107 3087 visenda
1147 3057 1237 3090 urbis

229 3101 397 3139 ostentet,
437 3101 491 3133 vel
530 3102 729 3135 auctoritate
772 3100 933 3134 francisci
975 3100 1067 3132 Arifii
1087 3122 1096 3137 ,
1122 3102 1177 3144 qui
1203 3104 1237 3134 in

231 3149 385 3179 cremona
411 3146 574 3188 limam,
614 3158 654 3180 ne
680 3146 898 3180 dubitandum
927 3144 1053 3188 quidem
1068 3145 1149 3189 effe,
1175 3148 1233 3186 ait,

228 3196 307 3238 quin
337 3193 443 3241 vicus·
460 3195 603 3238 Alfenus
628 3196 665 3228 in
696 3205 776 3237 agro
803 3190 1000 3234 Cremonensi
1024 3202 1044 3226 a
1069 3190 1171 3234 nostro
1187 3194 1232 3227 di-

716 2662 1134 2674 ’.ῳ-,-

675 112 793 195 DE
850 110 1113 166 ORTU
1170 109 1295 167 ET
1352 109 1885 171 PROGRESSU

1429 219 1470 263 C
1531 220 1570 263 A
1633 220 1662 264 P
1723 221 1766 263 U
1826 220 1870 263 T
1962 218 2189 266 LXXII.

1420 305 1665 372 Dee-Aufido
1696 310 1831 352 Tucca
1851 340 1863 363 ,
1897 306 1953 352 (9²
1983 308 2195 362 Namusa.

1422 393 1553 436 Ufidii
1578 395 1656 438 duo
1679 426 1690 448 ,
1722 397 1866 439 Tucca
1898 427 1910 449 ,
1942 394 1984 438 ἃ
2012 394 2194 439 Namusa
2227 410 2315 438 ma-

1440 465 1566 505 gnam
1603 455 1643 496 in
1683 453 1795 496 libris
1830 452 1972 496 nostris
1995 453 2210 509 praeferunt
2241 469 2313 496 au-

1302 506 1537 552 &oritatem
1577 541 1586 551 .
1642 510 1726 562 (b)
1754 512 1935 554 Namuia
1964 527 2057 555 vero
2088 511 2219 567 plures
2250 510 2312 561 ju-

1306 564 1636 610 risconsultorum
1680 567 1803 612 libros
1843 569 1951 625 digel
1942 571 2001 611 isit
2051 569 2096 612 in
2141 582 2310 613 centum

1305 623 1597 680 quadraginta.

1434 711 1473 753 C
1534 712 1572 753 A
1637 712 1664 753 P
1725 712 1768 753 U
1829 712 1872 754 T
1964 715 2170 758 LXXIII.

1305 768 1368 811 De
1398 768 1600 812 &siarum
1631 769 1871 811 Auctoribus
1893 801 1904 822 ‚
1937 770 1993 813 (⁷19³
2025 773 2207 814 Primum
2239 774 2305 816 De

1601 827 1776 881 Antistio
1808 828 1986 870 Labeone
2000 861 2009 869 .

1420 915 1459 957 D
1492 913 1566 957 hos
1598 914 1719 970 usque
1751 946 1762 968 ,
1807 930 1889 958 uno
1935 914 2114 971 quodam
2146 915 2262 961 alveo
2295 947 2309 970 ,

1364 1007 1372 1013 .
1437 971 1748 1027 jurisprudentia
1781 972 1899 1015 fluxit
1929 990 1937 1014 .·
1972 973 2056 1028 post
2081 987 2217 1017 autem
2247 975 2310 1017 di-

1304 1028 1426 1072 scessit
1461 1031 1503 1071 in
1538 1030 1646 1071 rivos
1674 1061 1683 1071 .
1733 1030 1916 1073 Dedu6³ta
1960 1031 2013 1073 est
2043 1031 2157 1074 enim
2195 1033 2308 1087 super

1302 1084 1485 1141 pluribus
1508 1084 1605 1136 juris
1635 1086 1817 1129 articulis
1849 1087 1892 1129 in
1924 1087 2125 1143 oppositas
2147 1090 2308 1133 senten-

1302 1143 1377 1187 tias
1403 1160 1424 1187 a
1447 1144 1626 1196 duobus,
1659 1144 1958 1187 contrariarum
1985 1145 2213 1190 scholarum
2236 1162 2304 1190 au-

1300 1201 1502 1254 Qubus,
1536 1201 1720 1245 Antistio
1747 1203 1934 1246 Labeone
1959 1232 1970 1252 ,
2013 1202 2056 1246 &
2090 1204 2141 1246 C.
2169 1203 2310 1256 Attejo

1300 1259 1536 1314 Capitone.
1568 1259 1770 1302 Antistius
1795 1261 1956 1314 Labeo,
1991 1261 2235 1305 nobiliffima
2250 1260 2309 1305 fa·

1302 1317 1416 1360 milia
1439 1349 1450 1371 ‚
1496 1317 1694 1359 Labeonis
1727 1317 1839 1360 illius
1870 1318 1949 1362 fuit
1981 1319 2088 1361 filius
2120 1352 2132 1373 ‚
2183 1335 2306 1376 quem

1300 1376 1446 1418 Brutus
1487 1373 1530 1418 in
1573 1374 1743 1417 Caesaris
1786 1376 1889 1420 caede
1937 1376 2089 1420 socium
2123 1378 2305 1431 habuit,

1299 1449 1344 1476 ac
1379 1449 1475 1475 mox
1509 1431 1552 1474 in
1586 1445 1718 1476 morte
1751 1433 1950 1478 comitem
1988 1465 1997 1476 .
2047 1436 2127 1486 (c)
2174 1435 2307 1478 Labeo

1298 1490 1412 1534 enim
1446 1489 1543 1543 ille,
1576 1507 1670 1534 curn
1703 1491 1932 1535 exercitum
1960 1493 2009 1534 ab
2037 1493 2225 1536 Antonio
2246 1491 2308 1534 fu-

1303 1549 1414 1601 lum,
1461 1547 1655 1604 ducesque
1689 1550 1858 1592 Brutum
1888 1582 1899 1602 ,
1942 1550 1985 1592 ἃ
2017 1550 2200 1592 Cassium
2232 1565 2308 1592 vo·

1302 1605 1480 1649 luntaria
1508 1620 1641 1649 morte
1665 1607 1908 1650 interemtos
1931 1606 2141 1662 accepisset
2172 1638 2184 1661 ‚
2234 1622 2308 1650 au-

1298 1664 1491 1719 dissetque
1527 1662 1641 1706 suum
1668 1662 1786 1718 ipsius
1812 1680 1967 1708 nomen
1993 1664 2099 1708 inter
2126 1664 2307 1709 morien-

1301 1721 1349 1764 tis
1374 1721 1487 1763 Bruti
1517 1720 1676 1775 suspiria
1706 1721 1904 1766 sonuisse·
1895 1755 1906 1775 ‚
1942 1735 2059 1787 turpe
2093 1722 2162 1765 sibi
2189 1735 2308 1778 puta-

1301 1780 1358 1821 vit
1390 1778 1621 1822 vindicibus
1645 1778 1869 1834 libertatis,
1901 1780 1944 1824 δε
1969 1780 2197 1823 amicorum
2220 1779 2305 1823 fato

1301 1836 1511 1890 supereffe-
1550 1839 1692 1893 itaque
1716 1854 1736 1880 a
1763 1837 1899 1890 servo,
1932 1837 1998 1881 cui
2025 1837 2206 1891 gladium
2231 1838 2306 1881 ob-

1301 1895 1419 1947 tu·it‚
1452 1910 1654 1951 quemque
1680 1910 1859 1940 mortem
1887 1910 2097 1952 rogaverat
2123 1927 2134 1949 ‚
2165 1895 2248 1938 est
2241 1910 2307 1937 in-

1301 1952 1514 1996 terfestus:
1552 1968 1646 1996 cum
1672 1955 1828 1997 civibus
1859 1953 2167 2009 jurisprudentia
2192 1985 2204 2006 ,
2253 1952 2298 1995 &

1301 2011 1536 2073 fortitudine
1569 2012 1612 2054 in
1647 2012 1791 2055 tuenda
1828 2025 1959 2067 patria
1989 2012 2210 2062 libertate,
2242 2022 2307 2052 at-

1298 2084 1372 2125 que
1406 2066 1551 2111 amicis
1584 2068 1625 2110 in
1658 2070 1933 2113 conservanda
1966 2070 2040 2112 fide
2076 2068 2303 2123 plurimum

1301 2126 1531 2179 profuiilet.
1557 2128 1605 2168 In
1625 2126 1756 2171 filium
1779 2141 1916 2171 autern
1939 2143 2022 2170 non
2041 2126 2161 2168 modo
2177 2123 2306 2167 trans-

1298 2183 1400 2227 fudit
1433 2184 1652 2249 ingenium
1679 2217 1691 2238 ,
1732 2201 1814 2241 quo
1847 2185 1950 2241 patri
1985 2200 2079 2227 cum
2111 2182 2306 2237 jurispru-

1295 2241 1464 2294 dentia,
1499 2255 1588 2284 turn
1616 2242 1658 2284 in
1687 2242 1851 2298 reliquis
1875 2242 2068 2287 doeh-inis
2094 2239 2301 2302 excelluit.

1298 2300 1356 2342 sed
1388 2314 1573 2341 amorem
1607 2299 1731 2341 etiarn
1767 2300 1897 2361 ipsum
1933 2298 2156 2341 libertatis:
2193 2295 2306 2347 cujus

1295 2355 1447 2398 amoris
1475 2356 1560 2398 laus
1594 2387 1606 2407 ‚
1651 2369 1821 2398 mutatis
1845 2372 1927 2408 jam
1954 2371 2048 2398 cum
2078 2354 2305 2408 Republica

1297 2414 1500 2466 moribus,
1533 2413 1577 2456 in
1612 2412 1831 2456 infamiam
1859 2444 1870 2463 ,
1904 2412 2008 2465 apud
2039 2412 2152 2467 vulgi
2188 2411 2304 2455 volu-

1295 2471 1499 2514 bilitatem
1523 2503 1535 2523 ‚
1567 2470 1776 2513 transierat
1804 2503 1811 2512 .
1845 2472 1912 2512 Ob
1940 2470 2045 2513 lianc
2070 2469 2183 2513 enim
2210 2484 2309 2512 cau-

1296 2530 1377 2572 sam
1428 2528 1562 2572 Labeo
1607 2541 1832 2572 contumax
1883 2528 2105 2572 habebatur
2137 2559 2149 2582 ,
2198 2526 2306 2628 qud

2262 2600 2308 2627 u-

1289 2709 1380 2731 catu
1448 2701 1488 2731 Et
1515 2708 1604 2732 certe
1633 2701 1743 2742 imago
1774 2698 1883 2733 Α’-ἷεηί
1917 2711 1956 2732 ex
1986 2710 2026 2732 eo
2059 2706 2175 2739 genere
2209 2705 2309 2728 com-

1290 2721 1404 2777 menti.
1433 2743 1492 2776 esse
1521 2744 1676 2781 videtur,
1703 2756 1769 2788 quo
1796 2745 1944 2778 Patavini
1979 2744 2080 2776 statua
2099 2739 2233 2779 Paulli,
2262 2740 2301 2772 de

1288 2800 1352 2833 qua
1391 2787 1552 2821 videndus
1590 2766 1815 2830 schiiltinoius
1841 2790 1882 2822 ad
1909 2789 2017 2821 vitam
2038 2786 2149 2818 Paulli
2175 2786 2302 2823 initio,

1288 2842 1344 2868 aut
1368 2832 1574 2886 sepulchrum
1606 2835 1693 2867 Livii
1719 2834 1949 2867 exhibebant.
1978 2831 2016 2863 de
2046 2842 2110 2873 quo
2129 2830 2299 2863 adeundus

1291 2879 1456 2912 sertorius
1480 2879 1516 2910 in
1541 2877 1752 2911 marmoribus
1776 2879 1917 2911 eruditis
1947 2875 2043 2919 Epist
2059 2880 2077 2909 8
2116 2884 2145 2924 p
2169 2886 2243 2915 244.

1333 2924 1437 2966 (⁴³)
1465 2925 1540 2956 Imo
1570 2923 1767 2965 parcendum
1795 2923 1878 2955 saevo
1906 2922 2020 2958 ferro,
2063 2922 2135 2958 Ca}
2130 2932 2200 2963 que
2228 2931 2306 2963 prae,

1291 2981 1415 3002 nomen
1443 2967 1633 3002 addendum
1663 2968 1749 3001 Aulo
1785 2968 1925 3007 offiiio
1953 2976 1987 3000 ut
2006 2967 2135 3001 dicatur
2153 2971 2187 3000 C.
2207 2967 2311 3000 Aulus

1288 3015 1448 3053 Offilius,
1486 3013 1574 3056 quod
1615 3013 1789 3046 novissime
1828 3013 1986 3055 probavit
2029 3013 2203 3047 Cornelius
2244 3021 2309 3043 van

1289 3059 1531 3101 Bynkershoek
1559 3061 1593 3091 in
1619 3067 1655 3101 pr
1643 3069 1714 3091 reaet
1722 3059 1843 3102 rmiffis
1866 3067 1896 3101 p
1918 3071 1972 3100 77

1332 3105 1403 3146 (b)
1431 3107 1466 3137 L
1489 3114 1520 3142 5
1550 3103 1934 3148 §.J-ffcommodmlz
1966 3106 2043 3146 §6
2073 3101 2253 3145 ff-deaqu.
2270 3100 2310 3132 (β’

1285 3162 1335 3195 aq
1362 3152 1455 3195 pluv.
1474 3161 1537 3185 arc.
1636 3156 1645 3193 (
1669 3150 1715 3189 c)
1742 3153 1826 3194 App.
1862 3149 1919 3184 lib.
1937 3160 1968 3189 4.
2007 3150 2046 3183 de
2063 3150 2151 3182 Bell.
2169 3147 2262 3182 civil
