2596 3479
227 80 329 132 282

219 161 337 199 {laxus
372 149 695 198 controversiam
734 164 933 194 moveant
964 167 974 192 :
1020 149 1084 194 vel
1112 163 1255 194 contra

217 212 374 256 tabulas
403 211 605 254 bonorum
630 208 910 266 possessionem
937 220 1077 262 petant
1105 225 1115 249 τ
1165 211 1252 261 (a)

216 270 285 314 vel
330 284 476 314 uxores
511 281 656 313 contra
681 268 786 322 leges
809 266 1002 309 duxerint
1035 282 1044 307 ε
1090 266 1140 309 ab
1171 265 1257 318 ejus

219 329 334 373 enim
360 327 547 371 mulieris
572 325 792 369 hereditate
812 322 1178 378 obturpitudinem
1193 339 1257 367 ar-

217 399 361 431 centur
391 402 404 440 3
453 389 469 437 (
492 387 552 436 b)
582 383 645 426 vel
673 380 865 437 capitales
889 380 1134 424 inimicitias
1159 397 1256 425 cum

216 446 407 489 testatore
445 441 687 498 sulceperint
719 472 732 494 ,
779 440 897 496 eique
933 438 1258 493 maledixerint3

214 505 273 555 (c)
305 502 366 546 vel
393 500 478 552 ejus
503 514 675 543 uxorem
701 498 978 550 vitiaverint3
1010 496 1074 541 vel
1101 497 1260 541 heredi-

217 575 346 604 tatem
373 556 692 613 cornpilaverint
721 573 734 610 3
768 571 856 612 pars
887 554 1001 599 enirn
1034 555 1260 611 compilata

219 619 314 662 filco
343 616 499 660 accedit
531 647 543 668 ,
595 614 710 658 nulla
750 630 820 670 per
858 612 1049 657 heredem
1083 612 1260 656 detraeia

219 675 425 727 Falcidia,
457 675 523 725 (d)
548 673 610 717 vel
640 671 825 715 festinata
852 671 1036 726 improbe
1066 671 1158 725 spe,
1192 671 1258 714 bo-

224 749 274 777 na
312 732 382 775 sibi
417 747 466 774 ex
506 732 697 787 legitima
741 730 979 773 successione
1018 736 1261 783 perventura

226 790 497 834 donaverint:
521 802 636 844 turpe
661 788 714 832 est
740 787 856 832 enim
879 799 1056 843 cognato
1078 788 1262 830 nondum

223 862 390 893 mortuo
408 880 421 901 ,
464 863 533 900 per
557 862 606 890 aes
637 847 680 890 ἃ
707 845 852 889 libram
880 845 989 887 illius
1014 844 1119 887 bona
1146 859 1266 887 man-

223 907 358 962 cipare
382 923 393 957 ς
426 907 493 962 qui
523 905 621 947 ritus
641 937 653 957 ‚
686 918 727 947 ut
747 903 928 946 diximus
955 903 1059 946 libro
1087 902 1264 961 superio-

224 965 258 1008 ri
282 997 295 1018 ‚
337 964 605 1008 adhibebatur
630 976 723 1005 ante
750 960 1027 1013 justinianum
1055 960 1100 1002 in
1123 960 1268 1016 quavis

227 1022 494 1065 translatione
527 1020 702 1063 domimi
732 1051 742 1062 .
785 1020 879 1062 Nec
904 1033 1068 1061 tantum
1096 1019 1142 1061 ad
1178 1033 1262 1072 par-

813 77 954 128 DE
1036 65 1650 150 LEGIBU‘S,

1305 153 1499 209 posterius
1527 155 1690 199 nullum
1716 155 1794 200 fuit
1827 187 1840 210 ,
1888 168 2029 214 utpote
2054 156 2101 203 in
2127 175 2211 217 quo
2239 161 2354 207 inca-

1306 226 1383 275 pax
1409 211 1634 257 instituitur
1655 246 1667 268 ‚
1709 214 1752 258 δε
1781 215 1821 258 S.
1848 215 1902 258 C.
1929 217 1976 259 ad
2005 216 2227 262 Pertinacis
2257 236 2354 264 ora-

1306 280 1468 313 tionem
1496 269 1649 322 adjee’to
1667 303 1681 324 ,
1713 285 1880 316 cautum
1903 274 1958 317 est
1986 305 1997 324 ,
2031 290 2081 318 ne
2114 275 2267 329 priores
2290 290 2353 322 ta-

1307 325 1410 388 bulae
1436 341 1683 382 rumpantur
1708 361 1721 384 ‚
1763 330 1835 374 nisi
1868 347 1890 374 a
1924 332 2208 387 posterioribus
2241 335 2347 378 vali-

1307 383 1393 447 dis.
1426 385 1491 436 (h)
1517 385 1616 430 Alia
1640 386 1705 430 via
1732 388 1909 443 populo,
1939 389 2003 432 vel
2030 389 2124 433 fisco
2152 391 2283 446 patuit
2306 393 2356 437 ad

1310 440 1445 504 aliena
1475 444 1582 498 bona
1604 459 1674 501 per
1696 459 1816 499 caput
1843 446 1943 489 illud
1968 447 2067 502 legis
2096 448 2252 502 Papiae,
2273 464 2369 505 quo¹

1309 499 1598 563 constituitur,
1629 515 1672 546 ut
1699 502 1726 545 si
1753 503 1866 547 heres
1889 504 2053 548 decedat
2078 518 2173 548 ante
2201 507 2363 550 aditam.

1311 557 1580 603 hereditatem
1610 593 1622 614 ,
1668 559 1868 604 hereditas
1892 563 1934 604 in
1961 563 2178 617 aerarium,
2212 564 2275 607 vel
2309 564 2353 608 in

1311 614 1451 659 fiscum
1482 617 1596 660 cadat
1643 617 1717 671 [i]
1747 620 1858 662 Nam
1886 618 1969 670 jure
1996 620 2168 676 antiquo
2196 620 2357 665 heredi-

1295 685 1370 716 tas
1392 704 1406 726 ‚
1448 674 1661 719 deficiente
1689 677 1830 720 herede
1857 677 2163 720 testamentario
2197 710 2210 731 ,
2251 677 2361 722 defe-

1313 731 1473 774 rebatur
1500 734 1548 776 ad
1577 732 1782 789 legitimos
1816 765 1828 786 ‚
1873 733 1953 776 sine
1979 734 2172 777 oneribus
2205 751 2214 777 :
2261 751 2357 780 cum

1315 788 1398 838 jure
1427 789 1494 833 suo
1519 823 1531 844 ‚
1566 791 1643 834 sive
1672 791 1871 833 beneficio
1897 790 2000 846 legis
2028 791 2201 835 transeat
2229 823 2242 845 ,
2277 809 2362 837 non

1315 846 1527 892 voluntate
1553 849 1773 892 testatoris.
1795 849 1864 900 (k)
1892 847 2109 892 Hereditas
2134 850 2247 892 enim
2271 866 2358 894 non

1314 905 1421 947 adita
1448 905 1493 948 in
1529 906 1690 949 heredes
1717 906 1873 949 heredis
1901 906 2076 950 minime
2110 906 2367 952 transmitti:

1315 974 1382 1005 tur
1414 994 1426 1015 ‚
1461 963 1534 1006 nisi
1567 963 1770 1019 aliquibus
1803 964 1954 1007 casibus
1985 996 2000 1018 ‚
2045 978 2139 1018 puta
2175 964 2199 1007 fi
2233 982 2256 1008 a
2290 982 2364 1020 pa-

1316 1021 1496 1064 rentibus
1519 1053 1530 1072 ‚
1564 1021 1640 1064 sive
1676 1023 1882 1076 maribus,
1916 1021 1995 1065 sive
2029 1021 2214 1066 foeminis
2244 1023 2361 1067 liberi

225 1094 309 1124 tem
335 1080 449 1123 alteri
477 1079 669 1120 donatam
698 1078 810 1122 fileus
836 1092 1035 1129 vocatur,
1059 1076 1117 1119 sed
1137 1076 1185 1118 ad
1207 1091 1266 1119 re-
1286 1062 1295 1142 l
1318 1077 1394 1121 sint
1426 1077 1631 1131 instituti,
1666 1079 1742 1122 five
1771 1078 1856 1133 sui,
1875 1079 1964 1123 five
1985 1081 2268 1135 emancipati,
2301 1094 2367 1124 at·

225 1138 335 1193 liqua
371 1138 476 1180 bona
496 1136 685 1179 donatori
717 1135 900 1191 legitima
931 1135 1170 1178 succeffione
1193 1135 1247 1177 ob

224 1208 398 1239 ventura
434 1211 446 1246 ς
477 1193 689 1249 denegatis
725 1192 822 1237 huic
856 1193 1084 1236 senonibus
1111 1192 1268 1235 heredi-

225 1253 339 1296 tariis
371 1285 380 1295 .
423 1255 504 1304 (e)
543 1251 743 1296 Ausertur
775 1263 916 1294 autem
953 1251 1155 1294 duntaxat
1194 1251 1269 1304 id,

227 1311 333 1368 quod
367 1311 469 1360 apud
503 1309 696 1354 heredem
730 1322 1013 1365 permaneret,
1046 1324 1129 1351 non
1163 1310 1268 1364 quod

224 1373 272 1413 ad
302 1368 557 1411 substitutum
591 1400 603 1420 ‚
655 1367 718 1411 vel
756 1373 932 1409 alterurn
968 1383 1036 1422 per
1062 1367 1251 1410 fideicom

220 1427 392 1470 missum
419 1425 651 1481 perveniret
676 1457 685 1468 .
713 1422 798 1478 (f)
826 1425 922 1467 Huc
953 1425 1196 1478 pertinetvS.
1217 1425 1269 1467 C.

224 1485 272 1527 de
299 1499 347 1527 eo
368 1515 381 1535 ‚
422 1483 492 1539 qui
524 1485 633 1538 prius
657 1484 947 1526 testamentum
977 1483 1136 1525 utiliter
1165 1480 1267 1525 fece-

228 1554 291 1585 rat
313 1557 326 1594 3
357 1541 500 1584 deinde
526 1540 634 1584 aliud
650 1573 662 1593 ‚
682 1556 764 1597 quo
790 1539 1018 1583 instituerat
1042 1554 1110 1582 eos
1128 1572 1140 1592 ,
1172 1554 1273 1595 quos

229 1615 315 1642 non
351 1598 534 1652 licebat3
583 1599 681 1641 adeo
727 1610 769 1640 ut
802 1597 845 1640 in
879 1597 1013 1652 priore
1046 1596 1272 1640 instituerit

230 1672 323 1700 eum
341 1688 352 1708 ‚
383 1671 504 1711 quem
530 1656 611 1710 ipse
644 1656 807 1698 testator
834 1655 963 1710 postea
988 1654 1184 1706 judicavit
1210 1654 1274 1697 in-

229 1715 406 1770 dignum
429 1729 442 1766 3
475 1714 517 1756 in
541 1713 756 1768 posteriore
779 1729 874 1757 eum
897 1745 909 1765 ‚
941 1729 1064 1768 quem
1091 1711 1276 1755 institue·

234 1787 276 1814 re
303 1786 385 1813 non
414 1783 570 1825 poterat
604 1804 618 1824 ‚
667 1784 809 1824 utpote
840 1787 889 1814 ex
920 1770 1079 1825 legibus
1104 1770 1272 1824 incapa-

232 1844 322 1872 cem
346 1860 357 1879 ‚
388 1829 458 1884 qui
484 1828 615 1872 differt
641 1829 690 1872 ab
715 1829 919 1885 indign0;
952 1843 1076 1884 quem
1103 1844 1186 1871 non
1215 1826 1268 1869 so-

236 1885 326 1929 lum
349 1885 530 1929 excludit
557 1886 648 1940 lex3
683 1886 742 1929 sed
758 1886 978 1942 aliquando
992 1885 1272 1930 etiamodium

241 1944 442 1987 testatoris
468 1975 481 1997 ‚
528 1946 544 1995 (
570 1946 590 1967 '⁶
616 1948 632 1995 )
656 1944 801 1999 cuique
832 1946 939 1987 bona
964 1945 1016 1986 ob
1044 1945 1080 1987 id
1108 1945 1157 1987 ab
1186 1942 1278 1985 fisco

239 2001 474 2057 eripiuntur
497 2033 505 2043 .
554 2004 698 2058 Itaque
726 2002 770 2044 in
797 2001 873 2046 hac
900 2002 1025 2058 specie
1050 2005 1136 2058 (g)
1162 2004 1201 2042 S.
1225 2001 1274 2042 C.

244 2059 457 2102 decretum
480 2059 535 2102 est
558 2092 571 2110 ‚
601 2059 868 2105 auferendam
896 2076 964 2115 per
992 2060 1133 2104 fiscum
1164 2059 1275 2102 here·

235 2117 409 2160 ditatem
434 2117 569 2161 heredi
599 2115 747 2173 lcripto
771 2118 816 2161 in
845 2118 977 2175 priore
1004 2118 1245 2162 testamento
1266 2148 1278 2170 ,

237 2191 362 2230 quem
387 2176 550 2219 testator
575 2188 806 2219 mutaturus
827 2176 1040 2231 posteriore
1063 2177 1276 2219 testamen-

239 2244 285 2274 to
311 2232 577 2275 voluntatem.
594 2232 789 2284 judicavit
813 2234 1031 2289 indignum
1051 2251 1061 2281 ς
1095 2236 1201 2289 prius
1223 2247 1279 2276 ta-

240 2304 340 2332 men
366 2291 653 2334 testamentum
681 2305 847 2346 ruptum
876 2307 961 2334 non
986 2290 1097 2336 fuiffe
1134 2324 1154 2346 ‚.
1186 2293 1281 2348 quia

289 2466 338 2505 (a
355 2464 374 2500 3
398 2464 434 2496 Ι..
453 2474 471 2496 2
501 2461 537 2506 ff.
556 2466 593 2496 de
617 2466 693 2505 hisi,
721 2476 787 2508 que
800 2476 839 2499 ur
851 2466 984 2509 indign.

287 2509 346 2550 (b)
374 2512 412 2541 L.
431 2521 448 2541 2
479 2508 514 2550 ff.
531 2511 595 2543 eod.

284 2558 300 2593 (
319 2555 356 2586 cl
389 2558 422 2587 1..
443 2555 466 2588 [ἱ
484 2557 673 2588 inimicitia
692 2553 727 2598 ff
743 2556 780 2588 de
797 2557 846 2589 bis
859 2580 867 2596 ,
898 2550 964 2600 qisae
979 2566 1017 2588 ur
1035 2557 1164 2597 indign.

287 2600 374 2640 (d)
404 2603 440 2632 L·
472 2602 672 2640 rescriptum.
700 2605 731 2633 6.
757 2599 796 2646 ff
823 2603 860 2634 de
885 2603 934 2634 his
950 2613 1015 2644 que
1030 2613 1067 2633 ur
1083 2603 1212 2644 indign.
1229 2600 1300 2634 ubi⁴

246 2643 357 2681 Cui-c.
385 2646 428 2677 aa
450 2647 462 2677 1
490 2648 621 2688 quidam
638 2643 748 2691 3οέΗῖ
766 2649 803 2680 de
817 2649 926 2681 donar.
940 2647 1011 2690 sive
1024 2648 1067 2680 ad
1080 2646 1127 2680 tib
1158 2659 1208 2679 ιο.
1237 2659 1284 2680 re-

240 2691 348 2732 sponsi
371 2691 484 2732 Papiri.

291 2739 328 2774 (e
369 2735 402 2765 L.
433 2736 565 2768 donam
583 2739 638 2769 vel
670 2738 691 2768 Ι.
707 2737 834 2781 quidem
852 2749 902 2777 30.
919 2732 975 2770 ubi
989 2735 1152 2782 Cuiam-ff.
1170 2738 1209 2770 de
1228 2739 1280 2772 do-

248 2789 309 2813 nar
335 2778 399 2819 live
412 2780 453 2811 ad
472 2783 587 2823 Papia.
606 2782 664 2814 lib.
686 2790 735 2812 ro.
756 2783 835 2823 resp.
870 2783 872 2787 ”

295 2827 314 2864 (
327 2826 375 2866 f)
402 2825 438 2854 L·
456 2828 486 2858 8.
505 2827 523 2868 §
552 2825 730 2868 meminiffi·
744 2825 778 2867 ΠΣ
794 2821 832 2860 aa
844 2821 935 2871 'inoff
955 2826 1081 2865 reliam.

1315 1150 1393 1191 que
1424 1135 1480 1179 ita
1506 1136 1689 1191 {exilitati
1724 1137 1966 1192 susceperint
2001 1137 2172 1181 liberos:
2206 1141 2254 1181 ad
2283 1138 2355 1181 lios

1316 1195 1429 1236 enim
1477 1193 1675 1239 hereditas
1708 1196 1940 1252 parentibus
1974 1195 2114 1239 reliSta
2148 1196 2368 1238 transmit-

1319 1251 1443 1295 titur..
1476 1254 1550 1305 (l)
1577 1254 1772 1297 Praeterea
1800 1253 1824 1296 fi
1852 1252 1966 1297 heres
1990 1267 2211 1297 extraneus
2235 1253 2368 1296 deces-

1321 1309 1414 1353 serit
1439 1310 1547 1354 intra
1576 1327 1732 1355 annum
1763 1311 1917 1367 legibus
1940 1311 1988 1354 ad
2018 1311 2276 1354 liberandum
2296 1311 2367 1354 da-

1321 1381 1409 1410 tum
1433 1400 1445 1421 ,
1477 1370 1555 1421 (m)
1591 1370 1632 1413 &
1665 1370 1759 1412 sciat
1789 1369 2054 1412 hereditatem
2077 1369 2146 1411 fibi
2165 1368 2361 1420 delatam-13

1323 1426 1524 1469 hereditas
1551 1459 1563 1479 ‚
1595 1426 1668 1470 ets1
1703 1427 1888 1470 nondum
1921 1427 2028 1469 adita
2054 1457 2066 1479 ,
2101 1425 2368 1468 trasmittitur

1322 1483 1363 1526 in
1399 1482 1590 1526 heredem
1622 1483 1887 1527 deliberantis
1909 1517 1920 1536 ,
1964 1499 2042 1526 una
2076 1498 2170 1526 curn
2193 1481 2277 1534 jure
2300 1483 2368 1526 de-

1324 1539 1523 1583 liberandi
1553 1544 1642 1593 (n)
1678 1556 1746 1596 per
1779 1544 1975 1587 tem-noris
1999 1540 2227 1584 residuum.
2263 1541 2370 1583 Itern

1324 1596 1460 1640 infans
1491 1599 1540 1640 ab
1571 1612 1769 1642 extraneo
1805 1599 2010 1641 institutus
2038 1629 2050 1650 ,
2094 1597 2120 1640 fi
2155 1597 2197 1640 in
2232 1597 2369 1639 infan-

1324 1655 1380 1697 tia
1422 1655 1589 1698 decedat
1615 1687 1628 1709 ‚
1673 1655 1917 1698 transmittit
1966 1655 2010 1698 iu
2054 1666 2213 1710 patrem
2245 1685 2259 1708 ‚
2301 1653 2373 1709 qui

1324 1711 1407 1764 ejus
1456 1714 1626 1756 nomine
1671 1713 1780 1756 adire
1801 1751 1803 1753 .
1825 1729 1920 1757 curn
1956 1712 2084 1768 posset
2110 1743 2123 1765 ‚
2168 1727 2254 1755 non
2286 1711 2378 1754 adi-

1327 1771 1384 1812 vit
1414 1803 1421 1812 .
1454 1772 1534 1822 (o)
1566 1772 1668 1823 (¹⁹⁵)
1701 1771 1893 1814 Tandem
1927 1770 1952 1813 fi
1985 1771 2024 1812 S.
2059 1770 2111 1812 C.
2142 1770 2373 1823 Silaniano,

1325 1843 1406 1883 quo
1436 1827 1563 1871 aditio
1597 1860 1610 1881 ,
1651 1828 1693 1871 ἃ
1723 1841 1910 1882 apertura
1944 1826 2175 1870 tabularum
2210 1839 2368 1879 protra-

1327 1885 1498 1929 hebatur
1525 1917 1538 1938 ,
1570 1885 1700 1928 donec
1731 1885 1778 1928 de
1812 1884 1974 1928 familia
2005 1884 2169 1940 quaestio
2203 1883 2370 1928 habere·

1328 1956 1394 1986 tur
1419 1975 1431 1996 ,
1479 1942 1595 1985 heres
1623 1943 1732 1987 adire
1765 1943 1983 1998 impeditus
2015 1940 2229 1985 decessisset
2261 1957 2270 1982 ε
2317 1956 2370 1988 ne

1329 2001 1424 2044 huic
1450 2002 1488 2042 S.
1505 2000 1556 2043 C.
1571 2001 1668 2044 esset
1684 2001 1811 2044 fraudi
1827 2033 1841 2053 ‚
1862 1999 2054 2043 Scaevolae
2069 1998 2219 2052 placuit
2239 1998 2372 2041 trans-

1330 2059 1440 2102 mitti
1470 2059 1737 2101 hereditatem
1760 2091 1769 2099 .
1801 2060 1866 2113 (p)
1901 2059 1998 2100 Dies
2019 2072 2114 2101 vero
2137 2055 2371 2112 legatorum

1329 2133 1414 2160 non
1442 2117 1536 2159 nist
1578 2117 1629 2159 ab
1671 2129 1860 2172 apertura
1892 2115 2127 2159 tabularum
2158 2113 2325 2158 cedebat
2356 2144 2371 2168 ‚

1328 2176 1371 2218 ἃ
1418 2174 1443 2217 si
1488 2176 1705 2230 legatarius
1736 2187 1833 2218 ante
1865 2175 2055 2230 agnitum
2091 2172 2270 2228 legatum
2302 2170 2374 2214 de·-

1328 2233 1487 2277 cederet
1509 2265 1521 2285 ,
1556 2232 1734 2288 legatum
1769 2233 1811 2275 in
1834 2232 1972 2274 fiscum
1995 2227 2275 2285 redigebatur.
2306 2227 2374 2282 (q)

1329 2291 1510 2345 exceptis
1543 2290 1691 2346 legatis
1724 2305 1793 2345 per
1824 2289 2150 2332 vindicationem
2183 2317 2196 2339 ,
2225 2286 2241 2339 [
2268 2285 2330 2308 *⁴*
2355 2284 2372 2338 ]

2013 2357 2017 2361 ·
2284 2357 2372 2399 quae

1377 2466 1397 2505 (
1413 2465 1457 2504 b)
1483 2462 1595 2502 cujac.
1623 2464 1666 2496 ad
1692 2465 1748 2496 tir.
1773 2465 1807 2495 C.
1835 2463 1876 2496 de
1901 2463 2008 2496 cadue.
2038 2461 2170 2494 tollenti.
2198 2468 2270 2503 pag.
2292 2460 2372 2498 803.

1296 2516 1298 2521 '
1331 2511 1384 2544 lit.
1411 2521 1440 2541 a.

1378 2562 1386 2591 (
1407 2553 1456 2594 1)
1483 2558 1519 2588 L.
1547 2555 1644 2588 unica
1674 2556 1708 2586 C.
1730 2554 1768 2586 de
1783 2554 1857 2592 his,
1885 2553 1941 2596 qui
1964 2562 2040 2585 anre
2064 2558 2164 2594 apert
2185 2549 2250 2583 rab.
2268 2548 2372 2582 hered-

1333 2601 1432 2639 trans'.
1452 2600 1508 2632 ubi·
1521 2599 1636 2638 Cuiac.
1653 2601 1695 2632 ad
1709 2601 1731 2631 Ι.
1751 2600 1836 2631 unic.
1855 2602 1889 2632 C.
1906 2599 1944 2631 de
1958 2599 2066 2631 eaduc.
2084 2597 2217 2630 rolland.

1377 2645 1448 2685 (m)
1476 2649 1515 2678 L.
1535 2653 1605 2678 cu'm
1620 2645 1657 2678 in
1670 2643 1912 2687 antiquioribus
1929 2646 1964 2676 C.
1980 2644 2017 2677 de
2028 2642 2099 2684 jure
2117 2639 2220 2675 dem.

1377 2690 1437 2732 (n)
1469 2694 1514 2723 D.
1539 2691 1572 2721 L.
1588 2702 1659 2723 eum
1674 2691 1711 2722 in
1725 2691 1903 2734 antiquior.

1377 2736 1432 2776 (ο)
1459 2736 1494 2766 L.
1510 2735 1537 2776 [ἰ
1551 2736 1672 2778 infant.
1691 2735 1756 2767 eod.
2249 2774 2256 2780 .

1380 2782 1449 2820 θ’)
1472 2781 1617 2814 Omiffus
1647 2780 1691 2812 est
1719 2779 1807 2812 casus
1834 2773 2047 2815 (uniendis,
2071 2775 2126 2819 qui
2142 2772 2368 2808 hereditatem

1331 2827 1431 2860 etiarn
1448 2835 1514 2858 non
1529 2825 1654 2859 aditam
1667 2823 1707 2857 ad
1722 2823 1856 2857 heredes
1867 2823 1996 2866 quosvis
2011 2819 2211 2855 transmittit
2231 2842 2243 2859 ‚
2271 2823 2310 2852 L.
2335 2831 2371 2863 7.

295 2871 354 2911 (⁴¹)
381 2870 515 2904 Veluti.
545 2871 565 2903 fi
599 2871 690 2903 heres
720 2872 752 2903 in
780 2873 881 2914 priori
906 2873 1102 2906 testamento
1119 2873 1282 2913 serimus,
1304 2900 1310 2911 ,
1332 2872 1360 2914 §.
1380 2882 1391 2903 ι
1425 2875 1467 2903 D.
1487 2872 1523 2903 de
1538 2875 1658 2913 acquir.
1677 2869 1778 2901 hena.

252 2914 417 2950 testatoris
443 2916 541 2949 status
567 2917 824 2950 controversiam
852 2918 1002 2950 movisset
1020 2942 1030 2958 ‚
1055 2927 1110 2950 aut
1130 2920 1286 2961 capitales

253 2972 328 2995 curn
343 2971 381 2993 eo
394 2959 573 2998 susceniffet
588 2961 782 2995 inimicitias
796 2986 807 3003 ,
832 2970 888 2996 aut
912 2962 1069 3004 posterius
1095 2974 1170 2996 eum
1190 2966 1281 2998 testa-

256 3015 405 3040 mentum
419 3005 524 3040 facere
540 3007 751 3050 prohibuisset

303 3051 366 3093 (g)
393 3053 429 3083 L.
446 3064 515 3085 cum
529 3053 660 3096 quidam
677 3062 725 3085 12.
738 3051 777 3097 ff
796 3053 834 3084 da
849 3053 900 3086 bis
914 3074 925 3094 ,
951 3064 1018 3096 quae
1030 3063 1070 3086 ur
1083 3055 1213 3098 indign.
1229 3054 1285 3088 ubi

256 3095 367 3134 cujac.
388 3099 422 3129 in
439 3096 630 3140 P'apin.1ib.
654 3097 700 3130 16‘.
719 3097 822 3147 ques*-

304 3142 360 3183 1k)
385 3143 450 3184 Jul.
468 3143 575 3185 Capit.
592 3145 628 3177 in
650 3145 773 3178 Pcdu'n.
794 3143 919 3181 sub‘tie.
937 3141 1054 3185 qui'bur
1069 3145 1150 3176 mod.
1172 3146 1241 3184 rell.

301 3190 322 3229 (
334 3187 380 3228 i)
405 3192 446 3223 L.
462 3190 559 3225 unica
576 3192 604 3233 §.
620 3192 654 3225 in
668 3190 839 3234 noviffimo
856 3199 889 3230 5.
921 3191 958 3222 C.
972 3190 1010 3224 de
1025 3191 1133 3224 caduc.
1150 3191 1288 3226 rollend.

1382 2915 1445 2957 (t)
1472 2919 1507 2948 L.
1522 2915 1550 2957 si
1563 2917 1635 2959 quis
1654 2925 1684 2953 3·
1701 2915 1719 2956 §
1747 2916 1828 2956 eleg.
1847 2911 1887 2956 ff.
1902 2913 1939 2944 de
1953 2914 1991 2944 s.
2007 2914 2042 2942 C.
2059 2911 2232 2943 sitoniam

1377 2965 1396 3003 (
1409 2961 1460 3005 q]
1488 2964 1524 2994 L·
1554 2962 1640 2994 unic.
1670 2961 1698 3002 §.
1732 2959 1768 2991 in
1781 2958 1951 3003 noviffirno
1962 2960 1996 2989 C.
2016 2957 2053 2989 de
2066 2958 2172 2990 caduc.
2193 2957 2263 2989 roll.
2281 2953 2321 2988 (5
2339 2955 2373 2999 §-

1333 3019 1404 3042 cum
1422 3007 1529 3041 izu'nu
1543 3028 1553 3038 .

1379 3052 1475 3091 (*”*)
1503 3053 1574 3085 Hoc
1591 3048 1680 3084 enim
1697 3047 1857 3092 legatario
1869 3048 1973 3080 etiam
1993 3048 2058 3081 fine
2077 3046 2245 3089 agnitione
2261 3042 2372 3088 aequi-

1336 3090 1469 3132 rebatur
1484 3118 1494 3137 ‚
1524 3090 1656 3130 Paullus
1670 3097 1765 3128 Sem.
1782 3094 1839 3128 tib.
1861 3096 1932 3126 ΠΙ.
1952 3095 1996 3126 eie
2023 3098 2053 3126 6.
2074 3096 2092 3138 §
2121 3106 2153 3134 7.
2180 3091 2257 3136 quia
2270 3089 2372 3126 testa-

1336 3151 1415 3181 to·,
1441 3141 1519 3175 dum
1550 3143 1597 3175 ita
1624 3141 1776 3185 legabat,
1803 3142 1891 3177 Dc),
1919 3140 2066 3178 LEGO,
2093 3137 2281 3173 dominium
2293 3145 2376 3171 wn-

1336 3188 1443 3226 festim
1460 3189 1495 3224 in
1508 3188 1704 3233 legatarium
1719 3184 1941 3221 transmittere
1957 3183 2131 3220 videbatur
2144 3206 2155 3217 .
