2596 3479
606 74 755 131 ET
830 71 980 127 XII.
1058 64 1909 135 TABUL'ARUM2

264 150 463 210 DesunHo
492 152 679 196 creditore
702 181 714 206 ‚
746 149 813 193 vel
840 147 1038 213 flebit-ore,
1069 150 1163 214 ejus·
1182 150 1246 194 he-

212 215 320 257 n'edes
345 223 416 267 pro
442 211 690 266 portionibus
718 205 968 250 hereditams
997 222 1203 250 conventre
1233 240 1247 263 ,

964 263 1122 320 ipsoque
1163 265 1246 315 iure

941 322 1004 363 At
1034 333 1245 365 ceterarum

207 399 361 435 rerun,
389 382 424 436 fi
454 384 586 426 volent
603 410 616 433 ‚
648 378 803 420 heredes
832 375 1065 430 divisionem
1084 378 1246 432 faciun-

203 451 241 482 το
268 457 283 481 .·
326 441 381 483 ad
410 455 497 484 eam
525 434 764 491 divtfionem
795 435 942 478 Praetor
971 447 1050 478 tres
1078 437 1246 480 arbitros

209 270 266 314 ff
294 271 496 311 conveniri
528 280 681 310 tantum
706 260 864 319 palliant
898 278 913 303 :

205 327 310 370 inter
339 342 400 369 eos
432 325 621 381 obligatio
650 322 857 364 dividitur
888 350 898 362 .

203 497 296 542 dato
315 529 325 539 .

286 556 445 610 Ere-la
466 549 617 622 cita)
677 585 831 627 magna
886 570 940 614 est
991 571 1060 634 de·

203 646 355 674 vocum
386 630 545 685 origine
598 642 645 670 ac
687 627 982 682 significatione
1025 629 1241 674 dissentio.

201 687 336 732 Festus
366 688 478 731 enirn
513 685 638 728 verbo
670 688 814 728 eretum
846 716 858 738 ‚
902 697 1016 740 putat
1047 687 1188 730 erciam
1220 703 1242 731 a

201 746 400 787 coercendo
432 743 584 786 dietum
612 757 622 783 z
664 744 785 784 citwn
827 758 849 784 a
890 743 1026 784 ciendo
1065 773 1074 783 .
1124 745 1240 788 Ciere

200 814 338 845 autem
367 803 553 843 Donatus
576 798 622 841 ad
648 799 759 841 VIII.
785 800 948 842 AEneid.
980 799 1158 854 explicat
1176 802 1238 844 di-

201 859 338 901 videre
355 888 368 912 ,
397 858 502 901 unde
523 857 644 898 citum
662 855 800 909 dtvzsu
816 872 840 895 n
865 872 914 899 ex
937 855 1014 899 illo
1036 855 1209 912 Virgilii
1228 874 1238 899 ε

435 915 520 956 citae
548 913 729 955 Matium
776 913 819 955 in
849 913 1011 968 diversa
1041 915 1240 971 quadrigae

494 970 558 1013 Di
574 969 746 1011 iulerant
760 1001 769 1011 .

257 1028 358 1072 Inde
374 974 851 1079 JacobusJGothofredus
874 1027 1043 1081 eruum,
1076 1026 1153 1072 five
1177 1045 1216 1072 co

197 1085 359 1127 ercitum
387 1085 539 1137 accipit
567 1098 636 1136 pro
661 1083 837 1136 indivtfi
854 1115 862 1125 .
884 1084 997 1128 M1hi
1021 1083 1124 1127 olim
1150 1085 1234 1140 pla-

195 1142 280 1185 cuit
304 1142 490 1185 erciscere
515 1140 708 1182 deducere
733 1140 781 1182 ab
806 1139 955 1193 ἐρκίζειν
972 1172 984 1193 ,
1005 1140 1083 1184 five
1107 1141 1234 1194 ἒρκιον,

192 1199 302 1242 ouod
325 1199 379 1241 est
406 1197 513 1254 quafi
542 1198 696 1250 septum
727 1227 740 1248 ,
791 1206 835 1238 ut
859 1195 1236 1258 fignificetlseptum

192 1243 378 1298 dividere
415 1285 425 1295 .
485 1254 560 1295 Sed
596 1267 690 1294 cum
727 1264 882 1294 veteres
907 1255 1124 1295 habuerint
1147 1256 1235 1297 hor-

191 1312 295 1355 &um
316 1342 328 1362 ,
372 1310 479 1366 quod
509 1309 562 1352 est
594 1308 734 1350 bonum
758 1308 939 1362 >suspicor
962 1325 981 1349 o
1012 1310 1055 1351 in
1087 1324 1107 1351 e
1132 1340 1144 1363 ‚
1190 1322 1233 1352 ut

190 1368 290 1422 saepe
315 1379 476 1409 mutata
508 1396 520 1418 ‚
573 1376 715 1407 natum
742 1364 816 1407 effe
838 1365 1007 1407 hev-§lum
1043 1381 1089 1427 ,J
1111 1368 1232 1411 citum

191 1437 313 1467 antea
346 1440 367 1467 a
393 1426 475 1475 cio,
507 1422 614 1477 quod
638 1421 691 1464 est
717 1421 881 1483 divido,
914 1436 937 1464 a
964 1433 1091 1465 veteri
1118 1423 1231 1477 σχ“ο,

191 1481 296 1524 unde
321 1480 456 1534 σχίζειν
486 1479 621 1522 divido
653 1509 664 1520 .
698 1478 798 1520 Inde
823 1477 1046 1532 composita
1071 1479 1125 1522 est
1151 1496 1230 1523 vox

189 1539 367 1592 erciscere
388 1569 401 1590 ,
434 1535 544 1592 quasi
574 1535 716 1578 erffun
741 1566 753 1588 ‚
784 1534 866 1578 sive
899 1536 999 1577 bona
1028 1535 1226 1580 dividere.

359 1650 402 1694 C
460 1649 500 1692 A
562 1649 593 1692 P
651 1649 696 1690 U
756 1649 800 1689 T
886 1649 1053 1693 XLIII.

515 1763 585 1807 De
612 1761 873 1806 Statulibert‘s
887 1792 898 1804 .

282 1874 396 1920 Uiffe
428 1874 607 1920 creditur
637 1875 681 1918 δὲ
713 1875 756 1918 in
781 1876 888 1919 XII.
938 1875 1066 1920 tabul.
1091 1874 1223 1933 legem

231 1960 241 1968 ι
301 1934 349 1977 de
382 1931 660 1976 statuliberis:
707 1931 821 1983 cujus
865 1948 960 1976 cum
1010 1932 1134 1976 nullae
1178 1935 1224 1976 ad

186 2005 262 2032 nos
294 1989 474 2044 reliquiae
509 1988 770 2042 pervenerint
795 2020 807 2041 ‚
863 1989 952 2031 satis
984 1988 1104 2032 fuerit
1137 1990 1221 2032 sen-

186 2046 366 2090 tentiam
400 2045 509 2088 illius
540 2059 589 2086 ex
621 2046 918 2088 Hottomanno
948 2045 1187 2099 depromere
1215 2078 1226 2099 ‚

184 2103 254 2159 qui
290 2117 382 2145 eam
414 2116 464 2144 ex
497 2100 619 2143 variis
650 2099 747 2151 juris
777 2101 1007 2144 auctoribus
1033 2102 1222 2157 collegit.

184 2158 442 2204 Continebat
473 2171 611 2200 autem
642 2171 690 2200 ea
721 2158 786 2201 lex
809 2188 821 2210 ,
855 2170 898 2201 ut
931 2159 1091 2212 quando
1115 2159 1226 2202 testa·

184 2228 251 2259 tor
285 2215 443 2258 servum
477 2214 657 2269 aliquem
686 2245 698 2268 ‚
732 2229 826 2257 cum
858 2214 890 2257 is
921 2227 1075 2259 certam
1110 2214 1223 2259 here-

185 2272 227 2316 di
260 2271 476 2329 pecuniam
507 2270 617 2313 dabit
651 2301 665 2326 ‚
708 2270 885 2315 liberum
915 2270 989 2315 effe
1019 2271 1178 2323 jussis-set
1212 2303 1226 2336 .’

186 2329 216 2372 fi
247 2344 343 2373 eum
376 2328 490 2372 heres
521 2326 771 2372 abalienaret
796 2343 809 2381 ς
842 2340 979 2372 tamen
1013 2327 1040 2370 sl
1071 2341 1220 2386 emtori

186 2401 280 2429 eam
313 2385 534 2440 pecuniam
568 2384 700 2429 servus
729 2385 842 2428 daret
876 2417 889 2438 ‚
939 2384 1040 2428 liber
1081 2383 1178 2429 ess‘et
1212 2417 1223 2428 .

185 2443 206 2493 (
231 2459 256 2483 a
282 2441 300 2492 )
343 2441 625 2493 Quamobrem
661 2441 794 2498 legem
824 2457 915 2486 eam
945 2441 1224 2485 Gotbofredus

187 2498 245 2541 ita
270 2496 455 2551 concipit
476 2513 486 2538 τ

226 2556 554 2685 stStatuliber
616 2558 806 2612 emtori
869 2556 1036 2611 dando
1095 2557 1226 2612 liber

191 2651 220 2687 e
264 2652 330 2688 0.

667 2813 769 2828 -——

239 2846 296 2884 (α)
322 2845 488 2888 L.stam1.
502 2851 555 2881 28.
578 2845 618 2892 ff.
634 2849 671 2881 de
680 2826 841 2887 Banu-lib.
857 2849 937 2893 Ulp.
955 2848 1058 2891 instit.
1076 2850 1168 2882 sinz.
1184 2851 1222 2883 de

197 2886 311 2973 βῗῖξ.
323 2935 414 2967 Boet.
431 2936 468 2967 u'n
483 2936 578 2978 topic.
598 2938 662 2970 cic.
681 2947 714 2977 3.

238 2977 302 3017 ζ’)
326 2977 423 3011 Unde
436 2988 546 3013 autem
561 2981 668 3015 dictus
682 2982 726 3014 est
737 2984 862 3017 nexus?
890 2985 996 3017 Varro
1009 2986 1046 3016 L.
1054 2984 1172 3024 VLeap
1188 2992 1217 3022 ς.

190 3031 212 3054 ε.
244 3020 388 3053 formula
420 3033 495 3055 eum
524 3027 576 3057 Ni
604 3026 684 3068 quid
706 3028 804 3067 suum
821 3026 868 3068 fit
882 3050 893 3067 ‚
921 3026 1048 3061 dictum
1087 3027 1194 3061 censet
1207 3051 1217 3068 ‚

2215 56 2364 146 151*

1469 208 1510 253 c
1570 209 1611 253 A
1674 207 1705 251 P
1764 209 1810 251 u
1869 206 1915 250 T
2000 207 2171 253 XLtv.

1565 325 1633 369 De
1664 321 2038 380 Mancipationibus
2054 354 2067 366 .

1427 407 1527 451 Une
1556 423 1577 450 a
1605 409 1860 453 testamentis
1885 410 1932 453 ad
1957 411 2187 455 contractus
2217 418 2330 455 tran·

1444 462 1597 508 scamus
1618 496 1631 519 ,
1661 466 1704 508 ἃ
1730 466 1864 521 primo
1889 468 1937 511 ad
1963 484 2030 513 eos
2061 501 2075 524 ,
2117 470 2187 525 qui
2211 485 2330 512 man·

1292 518 1499 573 cipatione
1531 537 1577 565 ac
1620 537 1730 565 nexu
1775 522 1987 569 inibantur
2017 557 2028 570 .
2074 527 2175 583 Quae
2208 527 2329 570 verba

1094 571 1242 616 harum
1293 575 1382 619 satis
1415 578 1612 631 patebunt
1643 610 1657 632 ‚
1700 579 1728 621 fi
1764 578 1808 622 in
1840 583 2088 627 memoriam
2121 584 2329 627 redeamus

1289 648 1432 676 eorum
1468 666 1481 689 ‚
1528 651 1616 691 qure
1663 635 1883 680 attulimus
1931 640 1979 683 de
2019 641 2328 697 usucapionibus

1289 704 1483 745 agentes.
1516 692 1766 737 Uberiorem
1799 710 1895 738 vero
1927 697 2124 742 notitiam
2156 699 2199 742 in
2224 698 2325 741 affi-

1291 746 1362 792 bus
1405 748 1654 793 solemnibus
1685 749 1857 795 inferius
1888 754 2143 809 explicandis
2173 754 2327 799 adfere-

1289 820 1380 848 mus
1400 837 1409 848 .
1444 808 1510 851 Ad
1543 808 1581 850 id
1611 820 1750 852 autem
1771 840 1784 862 ‚
1814 810 1920 866 quod
1954 811 2150 856 habemus
2173 811 2218 856 in
2236 828 2326 856 mae

1289 876 1343 904 nu
1366 893 1378 914 ‚
1411 863 1500 908 satis
1527 862 1649 908 fuerit
1675 865 1782 910 nosse
1807 868 2129 925 mancipationis
2154 869 2327 914 nomine

1290 918 1429 964 venire
1462 921 1749 967 venditionem.
1778 938 1919 969 earum
1952 941 2087 971 rerum
2106 958 2120 980 ‚
2150 941 2328 984 quarum

1288 975 1330 1018 in
1376 977 1563 1021 dominio
1595 979 1730 1023 nostro
1763 982 2053 1037 proprietatem
2086 984 2283 1028 habemus
2314 1015 2328 1039 ,

1287 1049 1375 1088 quae
1409 1050 1470 1078 res
1501 1035 1683 1092 mancipi
1718 1051 2013 1094 nuncupantur
2032 1072 2046 1095 ‚
2078 1053 2123 1085 ut
2154 1040 2328 1100 mobilia

1287 1091 1379 1133 lunt
1426 1091 1469 1134 ἃ
1511 1092 1647 1147 predia
1695 1094 1885 1139 Italica:
1931 1112 2015 1140 non
2061 1111 2200 1142 autern
2234 1113 2326 1153 pro-

1288 1146 1488 1190 vincialia
1520 1148 1669 1202 praedia
1700 1180 1713 1202 ,
1758 1165 1846 1206 quae
1877 1164 2041 1198 tantum
2075 1155 2326 1212 possessiones

1287 1203 1549 1257 appellantur
1581 1220 1594 1258 3
1636 1206 1743 1261 quod
1776 1208 1953 1261 possessio
1985 1225 2149 1256 tantum
2179 1228 2326 1257 eorum

1286 1259 1390 1313 apud
1444 1259 1625 1314 privatos
1661 1294 1674 1315 ,
1721 1263 1957 1311 dominium
2014 1284 2111 1312 vero
2160 1279 2329 1313 maneat

1287 1315 1390 1369 apud
1434 1317 1532 1371 Pop.
1565 1319 1690 1360 Rom.
1725 1320 1814 1371 (b)
1844 1323 1990 1366 Nexus
2021 1340 2119 1369 vero
2147 1337 2234 1368 erat
2267 1324 2328 1370 le-

1285 1371 1435 1427 gitima
1478 1373 1658 1416 dominii
1700 1389 1749 1418 ex
1792 1375 1878 1428 jure
1908 1379 2022 1423 civili
2053 1380 2326 1426 transferendi

1280 1429 1412 1483 ratio,
1442 1429 1524 1474 fine
1554 1447 1633 1486 qua
1665 1431 1771 1475 nihil
1803 1433 1847 1477 in
1879 1435 2118 1486 dominium
2148 1437 2316 1483 tranfire

1283 1498 1439 1542 poterat
1482 1487 1652 1539 alicujus
1688 1520 1698 1531 .
1748 1492 1900 1536 Emtor
1929 1494 2046 1540 enim
2072 1526 2084 1546 ,
2133 1496 2202 1551 qui
2236 1495 2319 1539 fine

1282 1558 1388 1587 nexu
1413 1575 1425 1596 ‚
1458 1546 1534 1597 (⁴)
1567 1545 1644 1588 hoc
1674 1546 1728 1589 est
1759 1562 1845 1591 non
1876 1550 2060 1595 adhibito
2092 1551 2319 1608 libripende

1280 1600 1322 1643 &
1353 1602 1533 1657 quinque
1569 1601 1760 1657 testibus,
1805 1621 1891 1649 rem
1923 1620 2135 1663 acceperat
2169 1641 2183 1662 ‚
2232 1625 2326 1665 per·

1283 1658 1458 1712 cipiebat
1499 1659 1665 1714 quidem
1710 1661 1767 1703 rei
1800 1662 1974 1707 venditae
2004 1664 2234 1709 utilitatem
2265 1682 2316 1711 ex

1283 1714 1473 1757 consensu
1507 1715 1733 1759 venditoris
1760 1733 1773 1771 ς
1804 1719 1981 1764 minime
2015 1734 2154 1767 tamen
2174 1722 2229 1766 rei
2249 1722 2322 1766 do-

1283 1771 1463 1815 minium
1508 1772 1743 1828 adquirebat
1780 1807 1789 1817 .
1842 1777 1938 1820 Ideo
1981 1779 2171 1822 venditor
2202 1778 2273 1824 ille
2303 1810 2319 1834 ,

1281 1827 1375 1883 quia
1418 1829 1653 1873 dominium
1695 1846 1743 1874 ex
1788 1830 1873 1884 jure
1906 1833 2138 1889 Quiritium
2170 1836 2320 1881 retine-

1281 1897 1340 1927 ret
1369 1916 1382 1938 ‚
1414 1886 1663 1940 Quiritarius
1694 1888 1887 1933 dominus
1913 1907 1927 1944 3
1956 1904 2091 1935 emtor
2121 1908 2221 1936 vero
2246 1894 2318 1937 boa

1284 1941 1456 1984 nitarius
1487 1942 1768 1997 appellabatur
1791 1977 1803 1998 ‚
1833 1947 2226 2002 quod‘venditorum
2248 1951 2320 1994 bo-

1283 2013 1431 2040 norum
1463 1998 1689 2042 utilitatem
1722 2002 1857 2055 potius
1878 2034 1898 2056 ‚.
1921 2019 2047 2059 quam
2078 2005 2316 2050 dominium

1281 2053 1578 2109 affequeretur.
1613 2056 1736 2100 Unde
1768 2059 2024 2114 mancipatio
2055 2093 2067 2115 ‚
2099 2077 2186 2117 quae
2218 2078 2318 2108 ven-

1283 2110 1386 2153 ditio
1417 2112 1470 2154 est
1503 2126 1612 2160 nexu
1643 2114 1848 2158 contracta
1885 2148 1898 2169 ,
1949 2117 2055 2161 inter
2088 2134 2214 2162 nexus
2247 2135 2319 2171 ge-

1282 2183 1378 2211 nera
1411 2168 1582 2212 refertur
1607 2186 1617 2211 :
1665 2185 1759 2215 cum
1790 2172 1862 2215 alii
1894 2189 2053 2230 quoque
2084 2176 2319 2220 conti-aelus

1279 2224 1322 2267 δι
1354 2224 1479 2269 etiam
1514 2226 1751 2271 testamenta
1777 2259 1790 2282 ‚
1834 2229 1900 2272 ubi
1944 2232 2092 2275 eaedem
2126 2232 2321 2277 solemni-

1280 2292 1383 2325 tates
1426 2281 1725 2327 adhibebantur
1751 2317 1763 2338 ,
1807 2301 1935 2331 nexus
1974 2304 2135 2344 quoque
2178 2291 2319 2335 nomi-

1279 2354 1329 2381 ne
1363 2339 1568 2393 veniant3
1601 2343 1684 2384 Res
1715 2358 1811 2387 vero
1836 2374 1848 2397 ‚
1881 2358 1985 2400 *quae
2015 2346 2199 2401 mancipi
2231 2363 2317 2393 non

1277 2395 1402 2438 effent
1426 2428 1439 2449 ,
1473 2397 1543 2440 sub
1575 2412 1730 2442 nexum
1763 2415 1848 2443 non
1874 2402 2070 2446 cadebant
2090 2435 2103 2456 ‚
2135 2404 2225 2447 ideo
2243 2405 2317 2449 do-

1281 2452 1460 2496 minium
1518 2469 1660 2498 eorum
1703 2457 2018 2502 transferebatur
2060 2475 2129 2514 per
2176 2462 2315 2513 celsio-

1280 2523 1376 2552 nem
1408 2509 1452 2552 in
1484 2509 1599 2564 jure3
1630 2511 1677 2555 de
1707 2528 1786 2569 qua
1818 2515 1862 2557 in
1894 2515 2046 2559 affitibus
2078 2515 2275 2572 legitimis
2298 2549 2309 2562 .

1280 2566 1408 2610 Nunc
1451 2567 1799 2613 Decemvirorum
1845 2571 1975 2615 sensus
2018 2572 2063 2615 in
2106 2573 2311 2618 venditio-

1275 2622 1392 2665 nibus
1426 2637 1562 2667 rerum
1594 2625 1805 2681 mancipi,
1839 2628 2060 2685 ceterisque
2091 2631 2312 2675 contracti-

1274 2679 1344 2723 bus
1389 2678 1568 2725 formam
1617 2681 1712 2734 juris
1742 2683 1878 2728 civilis
1908 2685 2151 2731 habentibus
2175 2719 2188 2742 ,
2229 2688 2310 2733 sive

2261 2761 2310 2790 m

1771 2814 2310 2835 ‘—-———.—-———-—-

1272 2857 1353 2879 xum
1379 2847 1418 2881 de
1435 2848 1527 2882 librae
1545 2850 1649 2893 pensss
1665 2852 1848 2895 intelligit,
1876 2855 1907 2887 ἃ
1927 2876 1937 2891 ‚
1968 2855 2059 2899 quod
2081 2858 2218 2893 minime
2246 2864 2306 2896 ob-

1272 2891 1363 2924 vium
1392 2893 1437 2925 est
1459 2915 1470 2933 ,
1496 2894 1574 2927 satis
1606 2905 1724 2929 notum
1750 2897 1831 2931 dicit
1860 2922 1869 2930 .
1897 2900 2051 2943 Figurate
2075 2903 2306 2942 arctitudinem

1483 2813 1662 2830 ..ω-Ῥ

1269 2936 1394 2969 vinculi
1415 2947 1503 2970 nexu
1519 2939 1677 2983 designari
1694 2962 1704 2978 ‚
1724 2951 1822 2974 nemo
1833 2941 1990 2979 dubitet:
2006 2944 2056 2978 sed
2070 2945 2203 2983 forfitan
2215 2952 2306 2992 sym.

1268 2981 1376 3015 boiice
1393 2981 1546 3017 adhibita
1570 2985 1721 3028 alligatio
1744 2987 1893 3028 quaedam
1911 2999 1985 3022 curn
2003 2999 2088 3025 nexu
2101 3015 2112 3032 ‚
2137 3002 2173 3026 ut
2186 2997 2304 3029 memi-

1270 3026 1362 3059 niffet
1385 3026 1424 3060 de
1439 3027 1527 3061 bitoi-
1543 3051 1555 3068 ,
1577 3029 1646 3063 fore
1663 3051 1673 3069 ‚
1700 3039 1736 3064 ut
1748 3041 1793 3063 ex
1813 3033 1916 3066 veteri
1952 3042 2046 3067 more
2059 3046 2157 3071 nexus
2172 3040 2301 3074 vinctus

199 3065 276 3106 quia
289 3066 332 3098 ufi
350 3065 412 3097 fint
437 3076 475 3098 ea
490 3068 676 3102 venditores
700 3070 836 3114 duplum
852 3073 1107 3114 promittentes,
1133 3072 1155 3104 fi
1170 3083 1220 3106 res
1265 3071 1340 3104 esset
1359 3091 1368 3109 ‚
1396 3073 1419 3105 fi
1459 3072 1558 3106 fidem
1589 3073 1739 3107 falleret.
1768 3076 1849 3109 Ecce
1878 3077 1966 3110 enim
1991 3079 2152 3121 aligando
2174 3094 2302 3127 quoque

192 3110 338 3153 emptori
363 3110 569 3148 evinceretur
594 3121 754 3158 tanquam
779 3115 891 3152 aliem
915 3139 926 3151 .
963 3116 1138 3154 Manilius
1161 3126 1220 3151 ne·
1267 3116 1435 3162 obligatio
1464 3116 1588 3154 dicitur
1603 3141 1616 3162 ‚
1642 3119 1673 3154 δι
1693 3119 1788 3164 ligati
1806 3121 1971 3157 veteribus
1995 3124 2072 3160 nexi
2085 3124 2294 3164 dicebantur.
