2596 3479
255 112 282 146 2
332 107 358 143 2

251 110 349 222 τεῇ).
386 167 588 207 conducat
616 191 628 214 ,
672 173 797 215 quam
843 156 1071 200 liberorum
1107 167 1294 214 procrea-

253 225 311 268 tio
348 238 361 276 ;
411 221 502 264 ideo
544 220 618 262 hac
653 217 740 273 lege
773 215 831 266 jus
865 223 1105 269 patronatus
1138 209 1292 252 adime-

257 283 373 325 batur
405 279 474 332 ei,
509 278 576 333 qui
612 274 872 328 stipulatione
904 301 916 324 ‚
970 268 1032 312 vel
1067 266 1298 319 jurejuran-

250 340 300 383 do
335 339 528 382 libertum
556 367 568 387 ‚
614 334 856 375 libertamve
888 325 1158 370 obstrinxisset
1188 357 1201 377 ,
1248 339 1299 368 ne

254 392 424 442 nuberd
444 427 456 447 ‚
491 407 591 435 neve
619 390 765 432 liberos
791 386 956 429 tolleret
978 417 990 438 ‚
1023 385 1086 436 (a)
1118 383 1190 425 nisi
1212 397 1296 425 non

256 467 494 512 perpetuam
542 448 785 490 viduitatem
823 455 1018 499 patronus
1046 472 1055 489 .
1105 441 1165 483 sed
1210 455 1297 484 ma-

257 515 318 569 gis
360 525 500 554 curam
547 505 820 559 susceptorum
856 501 937 552 jam
972 500 1198 561 liberorum
1231 498 1296 540 in-

254 569 423 624 junxisse
457 564 666 608 videatur.
715 561 781 613 (b)
816 559 978 602 Verum
1013 557 1039 600 si
1072 571 1296 607 jurejuran-

258 629 308 670 do
343 637 535 680 patronus
567 619 755 675 adegerit
788 648 802 670 ‚
848 632 898 659 ne
929 631 1101 659 uxorem
1135 614 1252 656 ducat
1283 645 1295 665 ‚

258 684 447 728 libertum
475 712 487 733 ‚
520 679 589 734 qui
617 674 963 731 suscipiendorum
986 674 1209 716 liberorum
1232 670 1294 724 spe

254 741 487 784 destituatur
508 767 520 789 ,
555 733 681 777 veluti
715 732 932 777 castratum
963 762 974 782 ‚
1020 742 1126 773 certe
1161 728 1203 770 in
1238 727 1290 770 le-

254 814 350 855 gem
384 810 468 839 non
502 793 681 836 incidet:
719 804 847 845 neque
881 788 907 830 si
942 788 1133 829 libertam
1162 798 1294 840 patro-

255 872 330 899 nus
362 851 543 910 adegerit
562 882 574 902 ,
607 862 650 892 ut
679 847 747 890 sibi
777 858 947 900 patrono
977 845 1103 886 nubat
1131 874 1144 894 ,
1175 843 1292 885 dum-

256 913 380 957 modo
403 926 454 954 ex
485 909 627 952 animo
660 902 980 947 matrimonium
1009 912 1203 955 expetat.
1256 904 1293 948 c)

259 972 363 1014 Erat
413 969 455 1010 δι
490 965 596 1009 aliud
625 962 742 1013 hujus
769 959 870 1016 legis
902 970 1023 1012 caput
1055 975 1075 1000 a
1103 956 1294 1008 Iustinia-

257 1043 311 1070 no
337 1032 711 1070 commemoratum
738 1018 781 1060 in
811 1015 1004 1059 Novellis
1027 1046 1039 1067 ,
1065 1030 1146 1070 quo
1167 1014 1294 1056 dona-

256 1086 368 1128 tione
394 1080 497 1124 faeta
525 1079 631 1121 inter
655 1075 791 1119 virum
810 1105 823 1127 ‚
855 1074 898 1116 ἃ
927 1087 1099 1116 uxorem
1121 1087 1133 1124 3
1169 1072 1211 1114 ὃς
1235 1070 1294 1112 vi-

255 1157 298 1184 ro
337 1150 500 1183 mortuo
536 1147 758 1189 antequam
803 1146 890 1174 rem
929 1130 1125 1172 donatam
1165 1127 1289 1171 trade-

256 1211 347 1252 ret,
381 1196 596 1239 vetabatur
621 1189 775 1234 mulier
801 1203 895 1232 eam
928 1186 1136 1230 vindicare
1175 1202 1186 1239 3
1233 1185 1293 1228 sed

252 1256 278 1300 fi
317 1253 453 1297 mariti
487 1250 652 1295 heredes
682 1262 773 1292 eam
810 1260 897 1289 rem
929 1261 951 1286 a
983 1243 1154 1286 muliere
1184 1255 1290 1297 pete-

252 1324 342 1356 rent
364 1343 376 1364 ,
408 1308 605 1360 mulieri,
639 1305 664 1349 si
691 1319 777 1348 non
804 1301 1013 1357 possideret
1041 1332 1053 1353 ,
1084 1302 1166 1352 (*)
1201 1313 1289 1342 tan-

249 1383 338 1413 tum
374 1365 664 1421 exceptionem
697 1372 840 1405 contra
869 1359 1059 1414 petitores
1085 1372 1292 1413 opponere

251 1425 568 1485 permittebatur
585 1453 594 1464 .
628 1420 693 1473 (d)

457 1539 498 1582 C
558 1538 598 1580 A
661 1534 691 1576 Ρ
751 1535 795 1576 U
858 1532 902 1572 T
989 1531 1089 1574 XX.

411 1626 478 1670 De
508 1623 612 1679 Lege
636 1620 752 1673 Julia
785 1614 1097 1672 manumiffionis
1116 1644 1127 1659 0

414 1706 711 1755 Anumiffionis
760 1718 919 1762 quoque
970 1701 1102 1758 legem
1149 1702 1289 1756 Augu·

431 1768 506 1810 stus
555 1764 741 1810 condidit
791 1759 1093 1816 amplificandis
1141 1758 1294 1810 juribus

259 1824 478 1878 majestatis
500 1856 509 1865 .
542 1822 699 1865 Noluit
731 1819 847 1863 euim
869 1850 882 1871 ,
914 1817 1143 1872 principem
1176 1816 1292 1857 liber-

266 1896 395 1927 tatem
441 1883 607 1924 dantem
653 1877 780 1923 teneri
828 1875 984 1930 legibus
1015 1873 1296 1916 manumissio-

263 1941 323 1984 nis
354 1956 366 1994 5
404 1939 463 1983 sed
497 1937 576 1980 sine
610 1936 692 1980 ulla
725 1933 981 1978 solemnitate
1003 1964 1015 1986 ‚
1049 1931 1127 1974 five
1161 1929 1291 1972 vindi-

860 2059 1297 2072 ——-.-——

257 2069 610 2081 ———

304 2101 366 2140 (a)
395 2103 431 2132 L.
448 2104 480 2130 6.
497 2096 534 2141 ff.
550 2098 587 2129 de
603 2097 670 2135 jure
682 2103 810 2139 patron.
829 2097 865 2127 L.
883 2095 1007 2135 penult.
1025 2092 1063 2122 (3·
1078 2092 1139 2123 ult.
1157 2088 1192 2133 ff
1214 2091 1270 2132 qui
1286 2111 1296 2127 ,

260 2146 298 2178 {9⁸
317 2157 335 2178 a
352 2143 436 2187 quib.
458 2147 483 2176 L
511 2143 671 2174 communi
690 2164 699 2179 ,
726 2151 770 2178 24
797 2137 832 2182 ff.
850 2139 888 2171 de
903 2137 973 2170 bnn.
991 2135 1100 2171 libert.

307 2190 365 2230 (b)
394 2192 430 2221 Ι..
448 2190 572 2230 penult·
591 2185 628 2229 ff.
650 2187 728 2229 qui,
759 2185 798 2217 Θ·
812 2196 830 2217 a
851 2182 938 2227 quib.

308 2236 360 2274 (ι)
387 2237 425 2266 L.
442 2238 478 2264 6.
492 2231 526 2275 ff.
548 2234 583 2264 de
598 2233 662 2270 jur.
680 2239 808 2272 patron.

305 2278 360 2319 ζ’)
393 2282 462 2310 [mo
478 2278 498 2309 si
521 2276 691 2318 possideret
705 2297 716 2312 ‚
743 2272 831 2316 quod
859 2280 970 2306 tamen
986 2278 1083 2311 caput
1101 2267 1202 2306 mazis
1221 2269 1299 2311 legis

265 2324 412 2360 Cinciae,
440 2333 537 2365 quam
565 2321 685 2352 Sentiae
713 2318 803 2351 fuisse
829 2317 983 2349 videtur.
1015 2319 1124 2357 Quare
1155 2314 1183 2344 81
1214 2314 1287 2347 Cin-

264 2371 322 2402 ciae
353 2378 476 2400 nomen
508 2365 597 2398 iliius
629 2365 702 2396 loco
727 2361 1055 2396 Novellisinsettum
1070 2360 1104 2392 in
1119 2358 1297 2392 noviffimis

267 2413 472 2446 «ditionibus
488 2411 636 2453 corporis
660 2408 740 2446 juris
758 2432 766 2439 .

306 2459 367 2499 (d)
394 2460 551 2489 Hortom.
573 2457 631 2487 hac
645 2457 709 2496 leg·
728 2455 762 2484 in
779 2453 856 2491 serie
870 2454 932 2492 leg.
954 2453 1049 2483 Rom.

307 2504 362 2543 (e)
388 2505 424 2534 1..
444 2502 531 2543 apud
549 2512 617 2532 eum
631 2498 669 2542 ff
684 2501 723 2531 de
736 2495 916 2541 manumiff
937 2497 964 2539 §
987 2507 1015 2526 1.

307 2550 385 2589 (⁶⁴)
413 2547 601 2587 Principem
619 2546 683 2578 sine
699 2542 843 2577 vindicta
860 2540 1098 2573 manumittere
1114 2539 1209 2581 posse,
1230 2538 1299 2579 lege

262 2593 395 2635 Augusti
411 2601 544 2624 caurum
563 2590 644 2623 dicit
662 2590 792 2621 Paullus
811 2588 883 2620 loco
899 2586 1031 2618 laudato
1046 2605 1055 2620 .
1083 2585 1135 2617 sed
1156 2585 1239 2617 hanc
1256 2584 1301 2616 le-

264 2649 339 2682 gem
358 2638 479 2678 Julizm
498 2637 534 2667 de
551 2633 855 2668 manumissionibus
868 2631 990 2664 distam
1004 2630 1062 2663 effe
1079 2653 1088 2668 ‚
1108 2640 1173 2662 non
1189 2629 1270 2662 dicit
1292 2652 1299 2659 .

311 2681 395 2723 (f)
421 2683 455 2712 L.
474 2692 527 2719 24.
540 2679 576 2723 ff.
594 2682 630 2712 de
645 2677 832 2720 manumiss.
853 2677 945 2709 Paul.
961 2675 1056 2714 ‘'b-4·
1069 2676 1296 2717 sem.12.§,5.

270 2762 274 2765 ¹
309 2726 370 2767 (g)
397 2727 432 2756 1..
453 2726 670 2757 circumcidere
690 2735 740 2756 ii.
759 2722 794 2765 ff.
817 2722 859 2754 ad
873 2724 894 2753 Ι.
915 2725 1007 2754 Com.
1027 2721 1065 2752 de
1081 2720 1150 2751 sic.

313 2771 409 2811 (⁴⁸³)
437 2769 534 2802 Aliud
562 2769 666 2801 visum
681 2770 729 2801 cl.
750 2766 958 2800 Noordkcik
975 2766 1008 2796 in
1024 2764 1252 2807 disquisitione
1265 2764 1303 2796 de

272 2819 340 2858 lige
360 2815 512 2847 Paionia
526 2825 549 2845 e.
569 2825 596 2845 2.
615 2814 670 2855 qui
685 2814 790 2854 legem
806 2811 844 2843 de
862 2811 993 2851 paribus
1011 2807 1156 2847 judicum
1171 2809 1298 2842 senten-

271 2861 329 2894 tiis
361 2859 450 2902 Julio
481 2858 596 2891 Caesari
624 2866 792 2898 acceptam
819 2857 880 2888 effe
895 2855 1038 2892 maluit.
1069 2854 1219 2894 &legem
1244 2856 1300 2895 Ju-

269 2907 348 2938 liam
385 2913 601 2946 patronorum
623 2901 747 2934 dietam
773 2900 888 2939 fuisse,
913 2899 1043 2932 censet.
1073 2898 1163 2931 idem
1192 2899 1300 2939 legem

270 2949 466 2983 Petroniam
480 2947 518 2980 de
534 2947 631 2979 servis
660 2956 725 2978 non
739 2945 880 2987 amplius
896 2943 1037 2976 arbitrio
1050 2942 1177 2975 domini
1192 2943 1232 2975 ad
1250 2944 1303 2976 be·
1351 2939 1464 2973 iisdem
1488 2938 1622 2972 circiter
1646 2934 1852 2977 temporibus
1877 2933 1952 2965 l'atae
1984 2955 1992 2963 .

271 2995 345 3028 stias
364 2991 595 3036 depugnandas
610 2990 740 3029 dandis,
757 2989 886 3022 erudite
903 2989 932 3020 &
949 2988 1112 3028 ingeniose
1130 2988 1219 3020 aetati
1238 2991 1300 3021 Au-

915 81 1058 133 DE
1142 79 1758 151 LEG13u3‚

1349 155 1438 219 ela,
1472 155 1634 213 soloque
1667 170 1773 201 nutu
1803 156 2021 213 perducere
2054 161 2156 215 posse
2179 161 2313 207 servos
2337 162 2387 206 ad

1351 212 1584 257 libertatem
1618 215 1751 259 voluit
1779 231 1791 267 3
1835 230 1922 270 quae
1954 215 2018 259 lex
2049 217 2158 269 Julia
2189 219 2294 264 dif'ta
2326 220 2381 263 est

1349 270 1812 333 demanumiffionibus
1839 304 1850 326 ‚
1882 288 2054 330 eamque
2087 277 2270 333 Augusto
2309 277 2384 321 tri-

1353 327 1441 370 buit
1475 327 1638 372 Paullus
1659 360 1669 373 .
1700 332 1786 382 (e)
1817 331 1923 385 (¹⁵⁸)

1538 442 1579 486 C
1639 444 1678 486 A
1740 444 1771 488 P
1828 446 1873 488 U
1934 445 1978 488 T
2065 448 2190 492 XXI.

1548 530 1614 573 De
1634 529 1735 587 Lege
1754 531 1944 575 Petronia
1963 532 2012 575 de
2030 533 2175 576 Servis·
2191 564 2201 575 .

1444 616 1546 678 Ayit
1591 631 1751 680 quoque
1793 618 2180 663 manumissionibus
2215 619 2277 663 lex
2313 621 2384 671 Ju-

1374 727 1379 734 Ι
1460 687 1526 715 nia
1561 673 1774 726 Petronia,
1807 691 1885 730 qua
1919 677 2187 720 constitutum
2220 677 2301 727 est,
2335 689 2379 720 ut

1344 726 1615 790 discrepantes
1660 746 1771 786 pares
1803 732 1995 781 Judicum
2030 732 2240 775 sententiae
2272 733 2385 777 servo

1345 784 1575 830 libertatem
1601 788 1790 841 pariant:
1812 787 1889 840 [f]
1925 789 2122 832 sententia
2149 789 2262 832 enim
2291 789 2392 833 sem-

1345 858 1414 897 per
1444 844 1496 886 est
1530 844 1777 899 praeferenda
1808 844 2057 890 clementior
2094 877 2104 887 .
2148 845 2246 888 Alia
2279 847 2392 901 'quo-

1342 916 1418 954 que
1454 901 1572 964 lege.
1604 901 1681 943 five
1703 932 1714 952 ,
1750 912 1793 942 ut
1825 917 1900 957 ego
1935 902 2108 958 suspicor
2135 933 2147 954 ,
2195 900 2278 944 alio
2305 901 2394 953 eju-

1345 958 1451 1001 sdem
1496 959 1595 1012 legis
1645 958 1843 1002 Petroniae
1882 959 2016 1014 capite
2062 960 2303 1002 subventum
2334 958 2389 1002 est

1344 1013 1494 1067 servis,
1533 1030 1583 1057 ne
1616 1015 1785 1057 arbitrio
1818 1016 1976 1059 domini
2008 1015 2057 1058 ad
2092 1016 2229 1059 bestias
2260 1015 2386 1070 depu-

1341 1072 1522 1127 gnandas
1554 1072 1794 1125 tradantur,
1830 1073 1889 1115 sed
1915 1090 1937 1116 a
1961 1072 2092 1124 judice
2111 1105 2123 1126 ,
2155 1072 2268 1116 causa
2283 1072 2389 1127 apud

1341 1144 1435 1172 eum
1464 1129 1630 1184 probata
1653 1161 1662 1171 .
1694 1131 1780 1185 (g)
1813 1130 2036 1174 Au&orem
2062 1130 2261 1172 Petroniae
2289 1128 2388 1182 legis

1343 1188 1655 1229 Hottomannus
1678 1185 1777 1229 facit
1793 1186 1943 1238 Caium
1959 1188 2129 1239 Junium
2147 1185 2386 1229 Caesonium

1345 1244 1498 1286 Psetum
1530 1275 1542 1296 ,
1589 1244 1632 1286 &
1662 1245 1899 1286 Petronium
1923 1244 2245 1301 Turpillianum
2275 1241 2385 1286 Coss.

1342 1316 1409 1344 an.
1433 1303 1532 1355 813·
1558 1303 1610 1343 A.
1639 1301 1695 1343 U.
1717 1301 1769 1343 C.
1793 1301 1920 1355 [W‘]

1517 1414 1557 1457 C
1619 1416 1659 1457 A
1721 1416 1750 1458 P
1811 1417 1855 1457 U
1916 1416 1960 1457 T
2061 1416 2216 1480 XXII.

1344 1530 1408 1572 De
1429 1530 1529 1584 Lege
1548 1529 1677 1582 Junia
1703 1529 1896 1572 Norbana
1912 1560 1925 1583 ‚
1955 1527 2010 1572 (9¹
2029 1530 2071 1571 δ’.
2087 1528 2355 1583 C.Largiano
2376 1557 2384 1569 .

1462 1641 1608 1697 Ugusti
1653 1641 1827 1686 studium
1871 1641 2138 1685 emendandae
2169 1639 2349 1685 civitatis
2374 1669 2387 1694 ,

1405 1755 1411 1761 Ι
1479 1714 1524 1761 ac
1559 1698 1766 1743 servilium
1798 1699 1974 1743 sordium
1994 1699 2260 1742 eluendarum
2281 1728 2293 1750 ,
2325 1697 2389 1739 vi-

1345 1769 1434 1818 gui-t
1467 1768 1595 1800 etiam
1628 1757 1670 1800 in
1702 1757 1884 1800 Tiberio
1913 1789 1927 1809 ‚
1971 1755 2083 1808 cujus
2125 1758 2272 1811 quinto
2306 1753 2384 1796 im-

1345 1812 1444 1863 perii
1495 1829 1605 1855 anno
1642 1816 1691 1856 A.
1726 1814 1782 1855 U.
1815 1814 1867 1855 C.
1903 1810 2188 1856 DCCLXXI.
2223 1812 2304 1853 lata
2335 1810 2389 1852 est

1347 1869 1408 1912 lex
1443 1870 1564 1919 Junia
1602 1872 1799 1912 Norbana
1832 1886 1854 1911 a
1887 1871 2096 1919 M.Jur1i0
2119 1869 2275 1922 Sylano
2299 1897 2310 1917 ‚
2340 1867 2385 1908 L.

1346 1928 1546 1970 Norbano
1566 1927 1622 1970 Ba
1643 1928 1691 1969 bo
1716 1925 1828 1970 Coss.
1851 1925 1866 1979 [
1887 1926 1971 1948 ’Μ’
1990 1927 2006 1979 ]
2040 1927 2178 1982 anue
2204 1921 2390 1968 medium

2261 1995 2391 2036 quen-

2050 2055 2172 2064 -—-—

1344 2095 1411 2118 tam
1426 2096 1518 2128 putat
1536 2109 1545 2123 ,
1561 2097 1626 2129 quo
1642 2086 1708 2119 haee
1721 2085 1760 2119 de
1777 2085 1875 2118 servis
1891 2096 1958 2118 non
1970 2093 2096 2119 temere
2111 2083 2152 2117 ad
2170 2084 2283 2121 bestias
2300 2088 2381 2122 dan.

1345 2132 1393 2164 dis
1415 2134 1513 2172 vu¹go
1531 2132 1596 2163 lata
1614 2130 1721 2164 fertur
1735 2154 1743 2162 .

1389 2179 1504 2216 (⁴⁰⁸³)
1533 2176 1657 2209 Maluit
1673 2176 1756 2209 hanc
1771 2175 1876 2219 legem
1893 2186 1934 2208 no
1943 2174 2070 2208 vissime
2089 2177 2238 2216 C-Junio
2256 2178 2387 2211 Norba·

1346 2233 1388 2253 no
1418 2222 1519 2254 Balbo
1550 2230 1719 2264 acceptam
1749 2220 1833 2253 ferre
1862 2224 1899 2254 C.
1917 2220 2150 2257 Noordkerk,
2179 2223 2324 2263 quicum
2346 2225 2383 2254 L.

1345 2267 1500 2300 Cornelio
1517 2266 1668 2308 Scipione
1683 2266 1797 2298 consul
1817 2264 1915 2297 fuerit
1930 2287 1941 2304 ,
1969 2269 2008 2297 A.
2041 2265 2078 2295 V.
2100 2268 2175 2302 671.
2201 2267 2384 2304 caussatur,

1346 2312 1428 2344 hanc
1455 2312 1559 2354 legem
1575 2333 1586 2348 ‚
1609 2320 1674 2352 qua
1700 2311 1819 2342 melior
1841 2308 1928 2342 faeta
1953 2309 1992 2341 sit
2018 2307 2170 2340 conditio
2189 2311 2386 2344 libertorum

1345 2356 1452 2389 modis
1480 2355 1587 2387 minus
1615 2355 1814 2387 solemnibus
1840 2352 2113 2386 manumifforum
2147 2374 2157 2390 ‚
2185 2364 2220 2388 uz
2249 2365 2385 2398 apparet

1344 2411 1386 2434 ex
1414 2399 1608 2443 fragmentis
1636 2400 1756 2431 veteris
1783 2397 2014 2438 Jurisconsulti
2042 2416 2053 2434 ,
2096 2398 2181 2438 apud
2209 2401 2387 2433 Schultiri-

1346 2447 1434 2489 gium
1465 2454 1493 2486 p.
1514 2448 1590 2478 808.
1613 2445 1678 2485 seq.
1708 2454 1774 2476 non
1799 2443 1978 2475 convenire
2003 2441 2100 2482 genio
2127 2445 2259 2485 Augusti
2281 2465 2292 2483 ‚
2320 2446 2384 2477 ser-

1348 2493 1396 2524 vis
1426 2489 1540 2523 infensi
1561 2510 1570 2527 ,
1599 2489 1767 2532 multoque
1793 2488 1905 2520 minus
1930 2486 2082 2518 moribus
2098 2489 2260 2530 Tiberii,
2288 2489 2386 2523 hostis

1346 2536 1476 2580 generis
1502 2534 1666 2572 humani,
1695 2544 1752 2566 nec
1777 2541 1929 2574 tempore
1956 2531 2089 2573 Augusti
2119 2534 2248 2567 Latinis
2264 2535 2385 2576 Junia-

1351 2593 1408 2615 nos
1433 2579 1627 2623 aequiparari
1652 2578 1788 2620 potuisse
1817 2597 1827 2614 ι,
1867 2576 1946 2620 quia
1971 2575 2003 2608 hi
2032 2574 2112 2613 iuris
2138 2576 2207 2615 jam
2235 2579 2378 2613 Romani

1350 2626 1472 2659 fuerint
1498 2624 1673 2668 participes
1693 2647 1700 2655 .
1735 2626 1857 2655 Verum
1886 2641 1896 2660 ‚
1924 2630 1999 2654 utut
2027 2620 2095 2654 haec
2120 2622 2260 2665 speciosa
2284 2624 2346 2656 fint
2371 2644 2385 2662 ‚

1348 2682 1459 2705 tamen
1486 2681 1552 2703 non
1577 2670 1645 2706 est,
1672 2679 1729 2701 cur
1755 2677 1880 2701 temere
1904 2665 2133 2700 vadimonium
2162 2676 2300 2709 recepte
2317 2667 2388 2700 sen-

1348 2716 1460 2749 tentiae
1485 2714 1669 2748 deseramus
1685 2736 1693 2745 .
1721 2717 1934 2755 Quamquam
1959 2711 2050 2743 enim
2076 2711 2137 2743 hoe
2163 2712 2288 2744 intuitu
2322 2711 2389 2744 ser-

1350 2762 1397 2793 vis
1425 2761 1565 2802 benigna
1589 2759 1713 2791 estrrlex
1730 2781 1739 2795 ,
1767 2757 1855 2798 quod
1880 2758 1984 2788 etiam
2011 2755 2119 2788 minus
2145 2754 2284 2788 solemni
2318 2767 2389 2789 mo-

1348 2806 1390 2837 do
1417 2804 1600 2837 manumiffi
1625 2804 1658 2836 in
1685 2802 1878 2835 servitutem
1899 2809 2022 2832 temere
2043 2799 2189 2832 revocari
2209 2809 2390 2843 nequeant,

1349 2851 1411 2884 alia
1439 2858 1552 2882 tamen
1576 2857 1619 2879 ex
1648 2856 1740 2889 pai-te
1766 2845 1829 2877 has
1856 2845 2025 2877 libertates
2049 2842 2186 2877 cohibet
2203 2866 2214 2881 ,
2243 2845 2379 2887 pei-inde

1349 2906 1386 2928 ac
1428 2894 1511 2938 leges
1549 2892 1639 2927 AElia
1678 2890 1788 2924 Sentia
1814 2890 1844 2921 8(
1870 2888 1963 2924 Fufia
1987 2888 2132 2921 Caninia
2157 2889 2385 2925 indubitanter

2034 2933 2163 2967 Liberti
2202 2934 2293 2966 enim
2319 2938 2386 2976 Ju-

2020 2978 2115 3010 bonis
2155 2989 2270 3012 eorum
2313 2978 2382 3016 jure

1352 2985 1440 3018 niani
1492 2982 1722 3015 moriebantur
1772 2989 1807 3012 ut
1858 2977 1940 3010 servi
1968 2999 1979 3015 ‚

268 3040 351 3084 gusti
371 3061 382 3076 ‚
408 3038 505 3071 latori
522 3041 560 3070 P.
575 3035 731 3069 Petronio
747 3034 957 3075 Turpilliano
971 3032 1151 3065 vindicavit
1174 3045 1180 3065 :
1200 3028 1330 3076 legeml
1353 3029 1470 3072 peculii
1511 3025 1598 3068 apud
1635 3025 1810 3058 dominum
1843 3023 2089 3055 remanentibus
2127 3024 2154 3064 §.
2198 3036 2232 3064 4.
2267 3025 2306 3064 J.
2346 3025 2386 3056 de

269 3087 383 3118 autem
399 3084 592 3116 Petroniam
606 3081 645 3113 de
667 3079 907 3114 abolitionibus
929 3100 938 3113 ,
963 3088 1032 3120 que
1059 3077 1136 3110 dein
1151 3078 1185 3110 in
1205 3081 1303 3111 Sena·
1344 3077 1433 3117 succ·
1458 3072 1515 3109 lib.
1531 3080 1580 3116 pr.
1596 3071 1635 3105 <⁴5
1653 3073 1681 3114 §.
1700 3072 1762 3104 ule.
1779 3072 1817 3103 L.
1835 3080 1890 3103 un.
1909 3071 1944 3101 C·
1962 3068 1999 3101 de
2015 3070 2091 3102 Lar.
2112 3067 2172 3103 lib.
2192 3070 2265 3104 toll·
2286 3067 2385 3111 Quod

271 3128 512 3166 tusconl‘ultum
529 3126 778 3171 Turpillianum
796 3123 958 3159 transsusa
972 3145 982 3164 2
1010 3123 1126 3158 eodem
1150 3133 1238 3157 anno
1255 3124 1299 3157 la·
