2596 3479
540 94 669 148 ET
730 83 1907 147 SENATUSCONSULTIS.

839 167 944 222 quod
976 166 1182 223 originem
1204 170 1209 209 ἱ

1203 211 1209 261 l
1234 233 1298 263 tur
1322 237 1332 262 ε
1367 220 1441 264 nisi
1468 235 1579 276 quae,
1612 232 1657 269 ut
1683 217 1789 261 hanc
1817 215 1953 272 legem
1979 214 2198 270 effugeret,
2229 215 2273 259 &

149 168 224 212 haec
245 176 393 210 metuat
410 167 495 211 doti
518 167 750 223 deprehenfiz
781 182 792 208 τ

147 225 260 268 ducit
278 241 327 269 ex
343 226 470 269 veteri
494 225 642 277 judicio
662 255 674 277 ‚
706 223 812 279 quod
836 225 883 267 de
911 224 1093 268 moribus
1116 238 1187 286 ap-

147 281 375 336 pellabatur
407 299 420 336 3
468 296 625 338 quoque
656 296 759 323 uxor
789 281 842 323 ob
869 280 1068 325 dete&am
1101 262 1209 358 ejus}

147 340 445 393 turpitudinem
479 341 586 382 sexta
617 337 720 380 dotis
755 349 865 391 parte
897 338 1148 381 multabatur
1170 369 1206 400 ,ι

145 397 232 447 (a)
261 396 325 439 vel
348 397 489 440 03ava
523 425 535 447 ‚
587 394 612 436 fi
641 394 848 447 turpitudo
879 394 973 437 esset
1004 395 1134 438 levior
1168 411 1180 447 3

143 467 233 508 quae
262 453 367 497 affio
397 451 490 507 quia
515 466 584 505 per
611 450 708 505 legis
738 451 855 502 Juliae
879 450 1073 502 judicium
1096 451 1179 495 file-

143 508 212 552 bat
249 541 261 562 ‚
310 509 399 551 ideo
440 523 606 563 poenam
641 508 752 550 illius
783 508 825 551 in
859 508 991 564 legem
1024 508 1199 561 juliam,

142 565 442 619 conjecerunt3
476 581 559 608 non
592 564 707 607 enim
740 577 908 620 utroque
941 597 953 618 ,
987 566 1046 608 sed
1078 564 1202 613 alte-i

141 637 188 665 ro
220 623 368 667 horum
399 622 644 673 judiciorum
678 622 825 665 licebat
856 622 1030 676 experiri
1063 654 1072 664 .
1115 623 1202 675 (ὁ)

141 680 457 723 Recentioribus
489 696 584 722 vero
618 679 971 722 constitutionibus
994 711 1006 732 ‚
1039 678 1175 733 praeci-

139 751 216 791 pue
249 736 445 780 Novellis
475 736 690 788 Justiniani
710 768 721 782 ,
751 747 967 779 extenuata
992 736 1045 779 est
1065 734 1173 779 adul-

137 794 233 836 terii
267 809 381 850 paeua
417 811 426 835 :
462 793 566 837 unde
598 793 746 836 mulier
778 793 986 836 verberata
1018 792 1059 834 in
1086 808 1173 835 mo-

139 851 363 893 nasterium
391 851 648 901 detruditur,
691 862 736 892 ut
767 866 788 892 a
821 849 910 892 viro
931 880 943 902 ‚
975 848 1002 891 fi
1036 848 1138 892 velit
1161 879 1173 900 ‚

138 906 248 950 intra
282 907 497 950 biennium
532 918 765 962 repetatur3
796 922 844 949 eo
876 921 972 949 vero
1005 921 1086 949 non
1115 921 1176 948 re-

137 977 302 1018 petente
335 964 444 1007 intra
479 964 693 1007 biennium
726 995 738 1016 ‚
783 975 851 1006 aut
884 975 1048 1006 mortuo
1075 994 1086 1015 ,
1120 962 1174 1005 ibi

133 1032 304 1063 maneat
349 1022 504 1076 privata
547 1021 651 1064 dotis
693 1020 913 1063 commodo
939 1051 951 1072 ‚
993 1036 1039 1063 ac
1076 1019 1173 1062 lucri

134 1077 282 1121 dotalis
309 1109 321 1131 ‚
353 1080 431 1130 (²⁶)
460 1077 772 1132 donationisque
798 1089 958 1132 propter
984 1076 1172 1131 nuptias;

133 1134 179 1177 δε
210 1134 413 1178 translatis
443 1136 592 1178 duabus
623 1135 804 1189 partibus
823 1166 836 1186 ‚
870 1134 948 1177 sive
974 1133 1076 1177 besse
1104 1134 1170 1175 bo-

133 1206 285 1235 norum
319 1192 364 1235 in
399 1192 582 1244 liberos;
626 1206 736 1247 parte
770 1207 865 1234 vero
898 1191 1013 1233 tertia
1041 1222 1053 1243 ‚
1095 1190 1172 1233 five

134 1250 285 1292 triente
331 1249 374 1293 in
408 1249 734 1301 monasterium;
784 1247 848 1291 vel
882 1247 906 1290 fi
941 1247 1056 1291 liberi
1088 1262 1171 1289 non

134 1319 315 1359 extent,
368 1307 559 1361 supersint
590 1322 687 1349 vero
721 1318 905 1360 parentes
938 1336 949 1356 ‚
991 1304 1061 1360 qui
1095 1304 1167 1346 cri—⁷

132 1364 241 1405 mini
275 1378 359 1405 non
392 1364 665 1406 consenserint
691 1394 703 1416 ‚
747 1363 832 1404 duae
865 1375 998 1416 partes
1029 1361 1172 1404 cadent

134 1418 178 1461 in
230 1420 570 1473 monasterium3
621 1420 662 1462 in
720 1432 906 1471 parentes
949 1432 1044 1460 vero
1092 1430 1164 1460 ter-

133 1477 191 1519 tia
217 1507 226 1518 .
260 1476 402 1519 Nullis
434 1492 574 1520 autern
608 1476 875 1530 superstitibus
909 1474 1137 1528 parentibus
1159 1506 1169 1526 ,

132 1533 182 1576 ad
224 1535 514 1576 monasterium
560 1533 773 1577 substantia
817 1532 1002 1575 universa
1033 1531 1167 1574 devol-

131 1603 254 1633 vetur
289 1621 302 1642 ‚
346 1590 507 1633 servatis
550 1606 646 1633 vero
690 1590 843 1642 semper
875 1588 1072 1630 dotalium
1106 1587 1166 1630 in-

132 1648 454 1691 strumentorum
501 1648 623 1701 paffls
660 1679 668 1689 .
712 1648 770 1697 (c
796 1648 812 1695 )
845 1647 902 1688 At
933 1646 985 1687 ob
1016 1644 1167 1687 adulte-

133 1704 244 1747 rium
280 1704 354 1746 viri
397 1737 409 1757 ‚
458 1704 607 1747 mulier
641 1704 750 1746 suam
785 1702 925 1752 recipit
958 1703 1094 1744 dotem
1126 1703 1167 1744 ἃ

133 1760 373 1804 donationes
406 1774 568 1817 propter
600 1761 760 1816 nuptias
788 1792 801 1813 ,
850 1760 893 1802 ὅ(
926 1759 1090 1814 reliquis
1121 1759 1167 1800 de

132 1818 251 1861 bonis
282 1831 448 1861 tantum
480 1851 492 1871 ‚
540 1832 741 1873 quantum
788 1830 903 1871 patet.
931 1831 1017 1869 pars
1052 1816 1165 1859 tertia

134 1875 368 1918 donationis
423 1888 586 1931 propter
628 1874 829 1929 nuptias:
878 1873 1080 1928 reliquum
1122 1872 1158 1914 fi-

131 1932 196 1975 sco
240 1932 508 1986 vindicatur,
551 1931 623 1976 nifi
668 1931 795 1974 adsint
844 1930 1126 1973 descendentes
1156 1960 1168 1980 ,

130 1989 176 2032 δε
227 1989 274 2032 ad
329 1992 499 2032 tertium
544 1990 713 2045 gradum
758 1987 1013 2030 ascendentes
1043 2019 1055 2039 ‚
1098 1986 1165 2042 qui

131 2047 274 2088 fiscum
305 2046 528 2089 excludunt
562 2079 571 2088 .
613 2047 700 2097 (d)
734 2047 862 2087 Nunc
895 2045 937 2086 in
967 2059 1034 2087 eos
1054 2075 1066 2096 ,
1098 2042 1167 2099 qui

132 2102 210 2146 hac
262 2101 348 2157 lege
398 2116 590 2147 tenentur
621 2135 634 2157 ,
685 2103 944 2157 inquiramus
971 2132 980 2143 .
1029 2103 1168 2155 Atque

131 2160 183 2202 ab
232 2174 278 2202 ea
327 2160 525 2204 eximitur
557 2161 705 2215 ‚quae
753 2157 974 2202 inhonestis
1014 2158 1168 2200 artibus

130 2216 263 2259 vitam
320 2217 505 2271 transigit
539 2235 554 2258 .·
613 2217 831 2260 honestatis
878 2217 991 2258 enim
1042 2215 1168 2258 custos

130 2273 187 2317 est
231 2272 296 2317 lex
343 2274 446 2317 ista:
493 2275 597 2318 unde
643 2274 797 2329 prorsus
843 2272 1018 2327 negligit
1057 2287 1123 2315 eas
1155 2304 1167 2325 ‚

126 2345 220 2386 quae
269 2332 375 2386 turpi
421 2331 659 2386 professione
705 2330 787 2382 jam
837 2331 1032 2385 pudorem
1076 2344 1166 2384 pro-

130 2387 350 2439 jecerunt.
393 2391 473 2439 (e)
516 2389 610 2432 Ideo
655 2404 728 2431 nec
760 2403 806 2431 ea
839 2419 852 2439 ,
900 2402 987 2441 quae
1019 2402 1166 2440 caupo-

133 2443 298 2487 nariam
338 2457 502 2489 exercet
542 2477 556 2499 ,
595 2458 664 2489 aut
708 2444 878 2489 ludicras
910 2456 1012 2487 artes
1037 2474 1049 2496 ‚
1092 2458 1166 2487 nec

137 2578 237 2588 —-
616 2580 730 2588 ...-
737 2575 1166 2589 ·--—-—-—-—=-·z-=-—

180 2612 240 2652 (a)
266 2613 335 2654 Uip
365 2612 399 2645 t‘n
409 2611 531 2655 Jragm.
549 2614 605 2645 tir.
626 2617 657 2645 6.
674 2614 711 2644 de
726 2613 790 2644 dor.
810 2614 838 2654 §.
858 2623 1003 2656 τησνιιννιἰ

180 2655 239 2696 (b)
265 2660 303 2690 L·
319 2658 413 2690 miles
426 2657 452 2698 §
467 2659 563 2697 socer.
577 2655 617 2701 ff
637 2658 678 2689 ad
693 2659 790 2698 l.]ul.
805 2658 842 2689 de
856 2657 960 2689 adult.
979 2654 1034 2689 ubt'
1051 2655 1164 2693 Cuiac.

179 2748 238 2787 (⁴⁸)
275 2748 417 2779 Lucrum
443 2758 483 2780 ex
507 2747 584 2780 dote
611 2747 643 2778 in
663 2750 698 2779 L.
720 2749 765 2779 11.
795 2748 822 2789 §.
841 2757 870 2785 3.
896 2747 1165 2791 D.ad1.·g.Jut.

139 2791 179 2824 ae
201 2791 309 2824 adult.
336 2800 498 2826 vocantur
521 2793 612 2825 sexta
638 2793 667 2824 Bt
693 2790 808 2824 ostava
834 2802 909 2834 pars
934 2792 1022 2826 dctis
1054 2816 1065 2834 ‚
1091 2805 1168 2836 quas

134 2835 189 2868 lex
229 2836 315 2876 Julia
340 2838 370 2869 &
400 2838 494 2879 Papia
520 2836 643 2870 marito
667 2847 805 2869 uxorem
832 2837 1017 2879 repudianti
1044 2840 1164 2872 retine-

134 2889 172 2912 re
198 2881 362 2921 permittit
393 2895 404 2922 ,-
441 2881 502 2915 hoc
539 2883 614 2914 loeo
640 2890 750 2914 autem
779 2881 906 2915 lucrum
932 2883 1041 2917 dotale
1063 2883 1164 2916 dona-

137 2923 263 2957 tionem
318 2935 455 2968 propter
493 2927 624 2969 nuPtias
659 2925 825 2968 designare
866 2926 1002 2961 videtur
1027 2952 1038 2966 ,
1077 2928 1169 2966 euius

134 2701 174 2736 ἔοι
194 2703 313 2743 Papin-
332 2702 388 2735 ribi
408 2713 438 2733 2.
453 2704 489 2735 de
508 2704 614 2735 adult.
629 2703 691 2743 teg.
707 2702 745 2733 (9·
766 2703 792 2744 §.
810 2702 915 2733 eodem
931 2725 940 2733 .
1182 2607 1196 2818 'l

2203 100 2222 134 1
2243 101 2262 136 Ι

1232 179 1320 220 quae
1351 162 1396 206 in
1433 163 1546 207 scena
1577 175 1745 217 operam
1777 158 1885 202 locat
1899 146 1931 211 ‚’
1945 156 2032 211 lege
2064 156 2134 201 ista
2160 100 2276 202 Ξεηε-

1233 278 1400 333 impune
1437 276 1678 332 pudicitiam
1715 273 1860 318 alienis
1898 270 1997 315 viris
2033 271 2226 322 objiceret
2256 302 2272 326 ,

1231 333 1504 378 matronalem
1527 334 1671 376 stolam
1689 332 1861 376 exuisset
1883 362 1897 384 ‚
1928 328 2036 385 quod
2054 340 2171 373 aetate
2189 329 2273 372 Ti-

1231 392 1328 435 berii
1357 392 1590 447 frequenter
1613 389 1902 433 usuveniebat.
1935 384 2014 440 (f)
2041 385 2126 430 Cui
2153 386 2272 429 dolo-

1232 450 1269 492 so
1314 449 1605 503 teterrimoque
1646 446 1817 490 consilio
1853 443 2061 501 puniendo
2089 442 2270 505 S.C.·in

1226 521 1318 549 eam
1364 505 1606 548 sententiam
1640 503 1690 546 ad
1731 503 1867 557 legem
1901 500 2057 554 Juliam
2081 500 2136 544 est
2159 500 2266 552 adie-

1225 564 1337 606 &um
1375 594 1384 604 .
1435 563 1541 617 (g)
1571 564 1676 604 Item
1710 575 1785 604 nec
1815 575 1862 604 ea
1883 557 2062 603 elabitur
2091 557 2224 612 legem
2251 591 2264 611 ‚

1226 635 1313 675 quae
1345 619 1534 674 quamvis
1565 617 1818 673 impudicam
1859 615 2145 672 professionem
2181 614 2267 658 edi-

1225 676 1341 719 disset
1367 691 1378 729 ;
1423 676 1553 730 postea
1585 688 1725 718 tamen
1752 674 1919 718 honesto
1943 672 2151 716 connubio
2178 683 2262 715 tur-

1227 733 1454 788 pitudinem
1479 733 1727 777 emendasset
1762 762 1773 782 ‚
1823 743 1868 774 ut
1904 730 2100 785 sapientes
2129 729 2267 773 existi«

1224 802 1391 833 marunt
1418 822 1426 832 .
1459 791 1522 841 (h)
1553 792 1640 833 Has
1671 802 1811 833 autem
1840 802 1983 831 uxores
2011 817 2023 841 ‚
2055 801 2143 843 quae
2173 802 2268 830 ma-

1225 847 1425 890 trimonio
1455 859 1571 890 vetus
1602 846 1770 890 dedecus
1800 844 2008 888 diluerant
2034 875 2048 898 ,
2090 858 2158 887 eas
2189 844 2265 888 esse

1222 904 1396 947 arbitror
1420 935 1433 957 ,
1465 919 1551 959 quae
1582 920 1603 947 a
1635 901 1935 956 jurisconsultis
1965 916 2101 944 uxores
2119 902 2266 957 vulga-

1223 977 1281 1003 res
1319 960 1614 1015 appellantur3
1662 961 1745 1012 (i)
1786 960 1843 1003 ait
1875 957 1990 1002 enim
2015 957 2227 1013 Ulpianus
2251 989 2266 1013 ‚

1222 1035 1296 1073 que
1327 1018 1508 1073 vulgaris
1532 1016 1657 1070 fuerit
1683 1035 1693 1058 ε
1739 1017 1890 1061 scilicet
1920 1027 2014 1059 ante
2041 1015 2259 1059 matrimo-

1224 1076 1339 1117 nium
1377 1106 1389 1128 ‚
1437 1090 1518 1131 quo
1545 1074 1654 1118 sensu
1681 1089 1765 1116 non
1795 1085 1948 1129 pugnat
1977 1088 2073 1116 cum
2103 1071 2260 1129 legibus

1222 1131 1389 1174 Codicis
1410 1163 1422 1183 ‚
1465 1132 1527 1182 (k)
1558 1147 1654 1188 quas
1686 1131 1804 1174 credo
1836 1131 2038 1186 pertinere
2069 1129 2118 1173 ad
2148 1145 2214 1173 eas
2247 1161 2260 1183 ‚

1221 1204 1308 1244 quae
1349 1189 1479 1232 adhuc
1512 1190 1553 1232 in
1586 1189 1794 1232 connubio
1828 1191 2006 1242 priorem
2040 1186 2259 1243 impudici-

1222 1247 1288 1287 tiae
1322 1246 1606 1299 professionem
1631 1245 1895 1298 retinebant3
1929 1235 2096 1300 ideoqhe
2122 1243 2257 1286 diver-

1222 1302 1266 1344 sae
1297 1303 1346 1344 ab
1378 1302 1461 1346 illis
1488 1334 1500 1356 ,
1533 1318 1620 1358 quae
1651 1302 1860 1346 honestam
1892 1302 2025 1344 vitam
2057 1301 2256 1352 nubentes

1221 1359 1398 1401 inierant
1424 1391 1436 1412 ,
1455 1359 1666 1415 ·quamvis
1696 1371 1790 1402 ante
1823 1357 1986 1401 fuissent
2022 1357 2211 1413 vulgares
2244 1374 2255 1399 ι

1220 1416 1324 1459 uude
1356 1431 1438 1459 non
1473 1418 1652 1469 mirum,
1688 1415 1712 1458 fi
1745 1414 1806 1458 hae
1837 1415 2026 1471 vulgares
2046 1444 2058 1466 ,
2091 1415 2138 1457 de
2165 1413 2259 1470 qui·

1221 1473 1291 1516 bus
1336 1471 1518 1529 loquitur
1559 1473 1767 1528 Ulpianus
1798 1504 1811 1526 ‚
1860 1473 1901 1515 in
1936 1472 2071 1528 legem
2104 1471 2265 1523 Iuliam

1221 1529 1403 1573 incident
1436 1546 1448 1582 3
1480 1529 1654 1574 minime
1687 1545 1784 1574 vero
1816 1529 1896 1572 illae
1923 1561 1934 1583 ‚
1978 1543 2066 1585 quae
2098 1529 2143 1573 in
2175 1532 2265 1577 Go-

1219 1587 1305 1629 dice
1338 1601 1621 1630 memorantur
1652 1619 1659 1629 .
1690 1588 1708 1638 (
1738 1589 1791 1638 l)
1823 1587 1986 1629 Uxores
2018 1586 2150 1634 etiam
2182 1590 2267 1633 Ul-

1220 1644 1360 1697 pianus
1407 1643 1501 1687 huic
1542 1644 1622 1699 legi
1670 1643 1931 1695 subjiciendas
1961 1646 2123 1691 censuit
2154 1647 2264 1700 inju-

1220 1702 1288 1742 stas
1320 1732 1331 1753 ‚
1383 1716 1531 1755 nempe
1563 1701 1698 1744 dufi’tas
1729 1713 1872 1744 contra
1908 1701 2017 1760 leges
2044 1736 2056 1758 ‚
2087 1705 2131 1749 &
2163 1721 2260 1749 cum

1217 1758 1361 1813 quibus
1393 1758 1501 1815 leges
1531 1758 1787 1801 connubium
1815 1758 2145 1816 interdixerant3
2177 1777 2266 1817 quae

1219 1826 1429 1869 propterea
1473 1831 1557 1858 non
1609 1814 1692 1867 jure
1730 1847 1742 1868 ‚
1787 1815 1850 1858 sed
1896 1819 1970 1862 usu
2011 1819 2268 1864 habebantur

1217 1887 1360 1914 uxores
1396 1889 1410 1913 :
1444 1875 1557 1924 (m)
1589 1872 1727 1925 quales
1757 1887 1879 1917 erant
1913 1879 2070 1933 nuptiae
2099 1894 2122 1920 a
2155 1876 2270 1920 filiis-

1217 1928 1396 1971 familias
1437 1930 1655 1973 contraS'ffie
1698 1929 1840 1974 invito
1887 1948 2037 1989 patre,
2091 1933 2155 1977 vel
2190 1949 2269 1978 nu-

1218 1985 1310 2038 ptiae
1353 1987 1568 2048 contra5tae
1611 1987 1718 2030 inter
1751 1990 1890 2035 civem
1921 1995 2170 2036 Romanum
2220 1991 2266 2034 &

1218 2057 1476 2106 peregrinam
1503 2059 1517 2096 3
1559 2060 1639 2098 quo
1673 2044 1796 2088 refert
1827 2047 2031 2101 Gujacius
2061 2050 2148 2102 (n)
2182 2047 2264 2090 Ul-

1216 2114 1332 2163 pianr
1358 2101 1477 2143 verba
1511 2131 1520 2142 .
1564 2103 1616 2144 In
1665 2102 1816 2158 quibus,
1848 2120 1954 2151 certe
1985 2106 2177 2148 omnibus
2207 2105 2261 2148 est

1215 2158 1529 2221 matrimonium
1558 2188 1569 2211 ,
1601 2159 1699 2214 quia
1732 2163 1911 2208 muliere
1945 2163 2011 2206 vir
2040 2179 2088 2206 ea
2122 2178 2193 2218 pro
2213 2178 2260 2205 u-

1213 2229 1311 2256 xore
1354 2227 1528 2277 utitur}
1569 2215 1631 2259 sed
1678 2233 1766 2265 non
1811 2220 2068 2264 connubium
2102 2251 2114 2273 ,
2154 2219 2263 2276 quod

1216 2270 1296 2334 fine
1359 2272 1696 2323 solemnitatibus
1744 2279 1789 2322 δε
1833 2278 2012 2322 formula
2055 2276 2139 2329 jure
2184 2276 2267 2320 mi-

1214 2343 1326 2391 nime
1369 2329 1546 2392 consistit
1578 2361 1591 2375 t
1636 2335 1720 2389 (o)
1765 2337 1888 2379 Porro
1936 2334 2133 2392 quoniam
2178 2350 2265 2378 non

1214 2400 1454 2443 COnIUglum
1488 2399 1657 2437 tantum
1678 2425 1690 2447 ‚
1737 2392 1798 2436 sed
1831 2393 1913 2448 spes
1944 2393 2024 2448 ipsa
2056 2391 2169 2435 illius
2196 2391 2261 2434 di-

1212 2458 1292 2499 gna
1323 2442 1378 2488 est
1398 2444 1569 2494 honesto
1595 2450 1738 2505 cultu3
1772 2462 1984 2507 propterea
2005 2464 2099 2494 cum
2123 2449 2260 2504 sponsa

2160 2521 2263 2560 quo-

2154 2579 2261 2594 αι..

1602 2585 1923 2595 --ι--...--

1262 2616 1311 2657 fd>
1337 2618 1489 2651 Gudelin.
1506 2620 1542 2651 de
1555 2617 1624 2656 jure
1641 2617 1757 2661 noviffi
1774 2617 1847 2651 libr.
1868 2628 1897 2656 ς.
1911 2626 1978 2659 cap.
2002 2620 2050 2649 18.

1262 2663 1318 2701 (e)
1346 2664 1398 2695 Ad
1415 2666 1435 2696 Ι.
1458 2675 1505 2703 19.
1523 2667 1555 2695 C.
1571 2664 1613 2696 ad
1627 2666 1648 2694 Ι.
1660 2666 1737 2706 Jul.
1758 2665 1794 2696 de
1807 2664 1912 2696 adult.
1931 2662 1986 2695 ubi
2002 2660 2116 2699 Cuiaca

1261 2707 1340 2747 (f)
1365 2708 1472 2741 Tacit.
1490 2720 1519 2740 2.
1535 2712 1651 2741 annal.

1265 2751 1317 2790 [g]
1346 2755 1383 2784 L.
1402 2763 1573 2786 matemo.
1593 2755 1621 2796 §.
1637 2751 1800 2795 mallerff.
1818 2754 1860 2786 ad
1876 2755 1940 2795 ‹leg-
1954 2754 2033 2794 Jul.
2048 2752 2205 2785 deaedzslt-

1261 2797 1321 2834 (h)
1346 2800 1384 2829 L.
1396 2797 1426 2838 si
1441 2809 1516 2830 uxor
1533 2801 1559 2840 ᾗ,
1579 2808 1607 2829 2.
1621 2796 1661 2842 ff.
1676 2799 1717 2830 ad
1732 2800 1885 2841 leg-Jul-
1903 2799 1941 2830 de
1954 2798 2059 2830 adult.

1261 2840 1338 2879 (i)
1365 2843 1576 2884 D.l.siuxor
1593 2845 1619 2885 §.
1638 2854 1669 2874 2.

1262 2885 1322 2923 (k)
1348 2890 1384 2918 L.
1402 2899 1454 2919 22.
1473 2888 1510 2919 Θ·
1525 2899 1576 2927 29.
1593 2891 1629 2920 C.
1647 2888 1689 2920 ael
1702 2889 1854 2930 leg-sul.
1873 2888 1910 2920 de
1921 2888 2029 2920 adult.

1259 2930 1310 2970 (l)
1335 2931 1411 2964 Bud.
1431 2933 1468 2964 e'n
1481 2934 1504 2964 l.
1519 2932 1544 2971 [ἰ
1559 2943 1635 2966 uxor
1649 2930 1684 2974 ff:
1710 2935 1764 2964 hac
1780 2934 1834 2965 tit.
1853 2933 1973 2965 Alciat.
1989 2939 2113 2974 pererg.
2130 2941 2162 2969 4·
2182 2932 2248 2964 Cd-

1228 2581 1274 2589 μ
1277 2580 1386 2593 -ῥ-

136 2970 266 3001 mentio
290 2981 369 3003 mox
393 2972 539 3015 sequitur
553 2995 565 3011 ‚
590 2982 688 3015 quare
716 2972 787 3014 lego
803 2993 813 3012 ‚
840 2972 1067 3006 donationisve
1093 2984 1166 3016 pro·
1214 2971 1274 3011 jac.
1293 2976 1327 3006 C.
1342 2978 1385 3008 ad
1397 2979 1461 3019 leg.
1470 2976 1500 3017 J
1504 2980 1547 3009 ul.
1563 2979 1601 3010 de
1614 2978 1719 3010 adure.
1735 2979 1770 3009 in
1786 2985 1890 3019 parat.

135 3020 210 3056 pter
237 3014 367 3055 nuptias
390 3027 457 3057 arg·
484 3020 575 3050 Nov.
608 3027 681 3055 134·
706 3024 774 3059 cap.
806 3029 857 3051 ιο.
896 3029 956 3061 pro
970 3041 980 3059 ‚
1007 3020 1167 3052 Donatio-

136 3059 252 3100 nisque
264 3066 390 3101 propter
404 3063 541 3103 nuptias
553 3085 563 3101 ‚
589 3061 676 3104 quod
700 3061 844 3105 sequitur
862 3084 870 3093 .

181 3102 237 3143 (c)
263 3105 363 3136 Aah.
390 3106 446 3144 sed
476 3107 564 3139 hodie
580 3110 614 3140 c.
631 3107 669 3140 de
683 3108 791 3141 adult.
807 3110 945 3141 Novell.
966 3119 1039 3149 134.
1062 3110 1163 3153 capit.

146 3158 197 3180 ,ΟΔ
213 3147 250 3183 &¹
267 3150 402 3189 mvello
424 3160 436 3184 Ῐ
447 3161 498 3194 171
512 3158 581 3196 ‘apt
600 3155 649 3188 18·
665 3155 690 3191 10
705 3154 856 3199 ἶθῖψῖζῐα
869 3155 904 3187 c·
916 3155 954 3191 ά.
967 3156 1075 3200 reputit

1259 3019 1330 3060 (m)
1355 3024 1392 3054 L.
1411 3022 1443 3064 fi
1466 3032 1542 3055 uxor
1562 3021 1603 3067 ff.
1628 3024 1670 3056 ad
1698 3024 1721 3056 ἱ.
1734 3024 1766 3065 J
1770 3025 1803 3056 ul
1822 3023 1866 3055 de
1878 3018 2111 3057 adult-*Cuiam
2128 3018 2191 3062 obs.
2208 3025 2242 3053 ὁ.

1214 3068 1416 3150 maffia&-
1436 3121 1465 3150 3.
1481 3110 1544 3153 obj:
1561 3121 1593 3150 3,

1260 3155 1316 3196 (θ’)
1342 3156 1490 3191 Raevard.
1509 3158 1628 3192 varior.
1648 3155 1707 3192 zib.
1725 3168 1757 3197 4·
1774 3162 1841 3201 cap.
1863 3159 1913 3191 16.
1925 3162 2002 3200 pag·
2016 3158 2095 3197 614.
