2524 3479
757 115 1096 191 JURIS
1176 116 1686 175 CIVILIS.

183 203 353 250 ptorum
405 190 621 250 generibus
675 192 1066 246 Jurisconsultorum
1122 193 1190 236 d00

181 252 315 295 &rina
346 251 624 308 proferebatur
644 282 655 294 .
689 251 802 293 Nam
835 251 959 293 initio
991 250 1193 307 Jurispru-

180 307 322 352 denna
366 311 410 353 in
446 310 691 354 Pontificum
722 309 908 351 Sacrario
941 309 1070 352 latens
1105 310 1189 351 san—

179 365 247 410 eta
276 382 362 411 erat
404 367 448 411 ὃς
482 367 628 410 secreta
657 365 869 421 disciplina
902 397 914 419 ,
945 382 1032 422 quae
1067 366 1193 410 nullis

180 423 316 468 adhuc
369 424 559 468 mandata
617 420 774 478 scriptis
817 438 968 466 arcano
1012 427 1189 468 tradeba-

181 492 249 525 tur
279 516 288 525 .
335 483 500 524 Promta
550 480 639 524 sane
668 493 823 535 erant,
866 479 911 523 &
953 483 1190 536 pervulgata

179 538 340 583 civibus
370 538 458 591 jura
482 570 495 593 ,
538 551 682 594 utpote
727 537 842 582 brevi
873 540 1059 583 oratione
1091 556 1190 583 con-

181 596 315 649 clusa,
346 597 390 640 δε
423 595 597 651 publicis
630 596 851 652 proscripta
884 595 1031 639 tabulis
1058 615 1066 638 ε
1102 598 1190 641 usus

176 663 319 698 tamen
353 654 493 711 legum
524 687 537 708 ,
588 654 788 698 sententia
828 651 998 698 illarum
1039 655 1192 699 abstru-

176 710 258 755 fior
281 744 293 765 ‚
324 728 546 769 earumque
578 711 978 769 interpretandarum
1010 745 1022 766 ‚
1072 726 1190 769 atque

177 769 486 813 trafflandarum
520 770 649 823 ratio,
681 786 770 826 quae
800 785 886 813 non
920 781 1005 813 tam
1038 786 1086 813 ex
1119 787 1187 813 au-

179 826 372 871 &oritate
404 828 564 884 publica
590 845 602 882 ;
644 844 769 885 quam
798 843 849 871 ex
881 839 1085 871 certorum
1119 827 1193 870 ho-

173 884 345 928 minum
377 885 549 939 ingenio
578 886 790 929 deducitur
815 917 828 939 ‚
870 901 1036 942 quaeque
1080 884 1190 936 juris-

177 942 395 997 prudentia
418 956 706 998 nuncupatur,
737 955 824 987 erat
850 943 895 986 in
919 943 1102 999 ipsorum
1128 943 1195 987 in-

176 1012 405 1055 terpretum
433 1002 650 1056 potestate.

182 1072 203 1084 ⁵
354 1086 396 1133 c
458 1090 498 1131 A
559 1089 589 1130 P
648 1091 694 1131 o·
751 1090 797 1131 T
884 1090 1018 1133 XLI.

440 1147 508 1190 De
535 1146 801 1203 disputatione
825 1144 938 1200 fori.

299 1233 407 1276 ΠΜ
456 1233 571 1276 enim
618 1233 865 1288 ambiguitas
913 1231 1051 1287 aliqua
1094 1230 1193 1282 juris

309 1303 589 1344 occurreret,
639 1291 854 1346 prudentes
906 1289 986 1331 viri
1039 1304 1189 1331 conve-

177 1345 342 1392 nientes
367 1380 379 1401 ‚
408 1345 464 1391 ²&
498 1349 606 1391 inter
638 1349 673 1391 se
705 1347 952 1402 disputantes
981 1345 1190 1389 occultam

177 1400 320 1459 legum
364 1403 452 1448 vim
497 1404 834 1449 contentionibus
862 1416 1055 1448 vexatam
1092 1435 1104 1457 ‚
1149 1403 1193 1447 δε

176 1474 200 1505 e
242 1461 446 1517 profundo
478 1463 553 1506 suae
593 1463 846 1506 obscuritatis
887 1461 1092 1506 excussam
1122 1477 1190 1505 ex-

177 1518 417 1574 primebant
449 1552 461 1574 ‚
511 1522 799 1578 tradebantque
843 1519 994 1577 populo
1038 1519 1192 1564 sensum

176 1592 203 1620 a
236 1576 380 1628 majori
413 1591 524 1633 parte
557 1581 871 1634 comprobatum
905 1611 915 1622 .
958 1580 1060 1630 (a)
1092 1578 1194 1632 Quae

176 1633 398 1684 disputatio
430 1635 507 1678 fori
540 1637 819 1691 appellabatur
858 1668 867 1678 .
918 1637 1060 1690 anue
1092 1636 1194 1677 ratio

175 1692 378 1736 trafi‘tandi
411 1692 508 1744 juris
539 1693 673 1737 civilis
705 1694 848 1750 absque
883 1693 1030 1748 scripto
1066 1724 1079 1746 ‚
1129 1708 1190 1735 ea·

174 1764 256 1805 que
299 1751 546 1804 prudentum
588 1752 805 1795 au&oritas
847 1751 896 1794 ad
938 1750 1035 1802 juris
1067 1750 1189 1794 inter-

177 1807 458 1863 pretationem
490 1808 673 1852 instituta
698 1841 710 1861 ‚
758 1808 914 1865 peperit
955 1807 1015 1859 jus
1048 1806 1149 1850 illud
1182 1839 1193 1860 ‚

177 1866 287 1920 quod
330 1865 412 1909 fine
447 1865 601 1921 scriptis
633 1867 772 1911 venire
803 1866 954 1909 dicitur
980 1897 989 1908 .
1035 1866 1190 1917 Quam-

178 1922 244 1965 vis
299 1923 430 1973 postea
488 1924 697 1967 sententiae
736 1941 760 1967 a
801 1923 881 1967 fori
923 1922 1193 1979 disputatione

285 1980 390 2034 Jani
418 1983 610 2025 Gravinae
636 1985 754 2025 Tom.
769 1984 805 2025 Ι.

172 2050 285 2065 .—

399 2055 523 2066 -—

221 2084 305 2123 (a)
334 2087 445 2125 Pomp.
473 2087 496 2116 1.
514 2095 544 2115 2.
576 2086 602 2127 §.
628 2095 657 2118 2.
686 2086 724 2117 de
752 2086 833 2124 orig.
859 2082 921 2121 jur.
952 2082 1010 2114 ubi
1039 2081 1192 2120 Cujacius

175 2129 375 2170 Exemplum
412 2127 562 2161 habemus
602 2128 777 2170 Justiniani
806 2132 841 2159 C.
858 2129 895 2160 de
911 2138 977 2161 vet.
1005 2126 1067 2166 jur.
1086 2130 1188 2161 enucl.

223 2175 244 2214 (
260 2172 310 2212 b)
334 2171 447 2211 cujac.
478 2174 521 2205 ad
547 2176 560 2206 t
587 2185 618 2205 2·
656 2176 686 2216 ᾗ.
703 2171 786 2217 :aff
815 2175 853 2206 de
868 2174 947 2214 orig.
968 2172 1031 2212 jur.

224 2221 245 2260 ζ
261 2218 306 2258 c)
334 2218 403 2251 cic.
431 2219 467 2251 in
497 2220 581 2261 Top.
608 2218 647 2251 <9⁶
660 2230 692 2252 2.
708 2219 746 2252 de
761 2221 898 2252 lavem.
914 2216 1064 2252 Raevard.
1081 2219 1119 2251 de
1136 2229 1189 2251 au.

176 2261 253 2297 flor.
278 2264 371 2306 prud.
399 2275 424 2297 c.
447 2274 497 2304 ¹4-

222 2309 307 2350 (d)
333 2312 401 2351 Leg
429 2319 459 2340 2·
490 2311 518 2353 §.
534 2320 591 2351 47.
620 2309 659 2342 Θ·
689 2319 728 2343 m
753 2308 857 2343 obiter
878 2308 918 2354 ff.
946 2310 984 2342 de
1012 2309 1092 2352 orig.
1127 2307 1189 2348 ίαν.

177 2354 360 2387 Brissonius
387 2355 425 2386 de
436 2355 533 2396 form.
549 2354 606 2387 lib.
628 2365 657 2394 3.
684 2355 721 2388 in
730 2355 799 2397 fine
815 2378 823 2388 .

224 2400 307 2441 ζ’)
332 2399 430 2433 Unde
465 2400 504 2432 ad
536 2399 798 2442 disputationem
825 2400 889 2433 fori
921 2398 1041 2433 referri
1071 2399 1191 2433 debent

174 2442 257 2483 im,
294 2444 381 2488 quod
419 2443 541 2479 dicitur
584 2455 753 2489 receptum
771 2470 783 2486 ‚
830 2455 968 2488 receptae
993 2457 1064 2489 quae
1079 2445 1192 2478 dicun-

175 2497 234 2523 tur
261 2490 453 2523 sententiae.
480 2490 634 2528 Eiusdem
674 2493 802 2534 generis
826 2494 870 2525 est
897 2490 948 2528 jus
967 2514 977 2529 ‚
1003 2490 1092 2532 quod
1120 2492 1187 2532 post

175 2536 301 2568 multas
329 2536 504 2569 va·ietates
529 2537 702 2570 obtinuisse
727 2537 849 2570 dicitur
876 2537 910 2569 in
941 2539 978 2568 L.
997 2546 1049 2574 32.
1080 2539 1125 2568 D.
1154 2536 1193 2567 de

178 2581 218 2613 0.
236 2580 275 2612 <¹5⁰
293 2587 333 2614 Α.
363 2582 393 2613 &
420 2582 552 2624 paffim.
582 2587 672 2615 Nota
699 2586 741 2625 Q.
761 2583 866 2615 Mucii
895 2582 924 2613 8:
941 2581 1100 2624 supplicii
1117 2591 1193 2614 eon—

178 2627 342 2659 troverfia
368 2626 408 2659 de
423 2627 576 2660 societate
592 2628 744 2671 inaequali
771 2628 805 2659 in
832 2628 922 2660 lucro
950 2627 1164 2668 percipiendo
1181 2648 1190 2662 ,

178 2670 302 2705 damno
328 2672 490 2714 pensando
504 2697 513 2708 ,
541 2671 633 2710 cuius
648 2673 776 2706 mentio
792 2673 826 2705 in
843 2677 878 2705 L·
902 2683 955 2711 30·
973 2676 1020 2704 D.
1049 2681 1105 2711 pro
1130 2674 1187 2704 so-

182 2719 256 2755 tio,
284 2717 323 2750 (9⁸
351 2719 386 2749 in
405 2721 433 2763 §.
449 2721 529 2761 2.J.
559 2720 597 2751 de
614 2721 783 2751 Societate
798 2742 807 2751 .
837 2722 906 2751 Nec
925 2718 1034 2750 minus
1051 2718 1192 2751 celebris

181 2762 340 2805 quaestio,
377 2775 419 2798 an
445 2773 556 2807 partus
580 2765 707 2798 ancillae
733 2764 766 2797 in
792 2762 959 2797 usufruCtu
984 2764 1049 2802 sit,
1090 2764 1193 2808 agita-

180 2812 217 2839 ta
262 2809 348 2842 inter
375 2813 426 2843 M.
454 2810 637 2843 Manilium
671 2811 700 2842 8<
731 2811 869 2843 Laelium
899 2813 1064 2849 Brutum,
1103 2809 1193 2847 cuius

182 2859 303 2893 praeter
337 2855 531 2889 Ciceronem
566 2856 722 2889 meminit
746 2856 911 2899 Ulpianus
950 2855 985 2888 in
1010 2858 1118 2887 L.68.
1145 2863 1190 2898 pr,

191 2898 238 2929 D.
267 2900 303 2930 de
315 2902 417 2943 usufr.

224 2943 252 2995 ι(
265 2944 314 2993 θ.)
336 2945 449 2985 Cuiac.
479 2948 522 2981 ad
534 2949 557 2982 1.
575 2959 604 2980 2·
637 2951 666 2992 §.
685 2959 740 2990 47.
767 2948 849 2990 vers.
883 2947 973 2981 &ue
987 2944 1140 2990 obiterff
1157 2947 1194 2979 dc

180 2997 261 3029 umg-
277 2998 340 3026 yur.

232 3033 312 3074 (f)
333 3038 415 3083 ‚Isg-
433 3037 514 3081 aff-
536 3040 576 3072 de
593 3040 674 3081 orig.
691 3039 753 3079 jur.
776 3042 863 3083 §.47.
890 3041 949 3072 l-z.
977 3042 1015 3070 C.
1029 3038 1067 3070 de
1081 3038 1191 3069 advoc.

189 3075 309 3117 divers:
324 3080 395 3117 Jud-
411 3080 449 3112 (9·
461 3085 519 3123 1-7.
538 3085 575 3116 de
588 3084 715 3128 profess.
734 3084 772 3117 Θ·
786 3085 868 3118 med.
882 3087 917 3117 C.
934 3083 991 3119 lib·
1014 3095 1063 3116 10.
1083 3083 1121 3116 (9⁶
1134 3085 1191 3117 !.1.

190 3127 228 3158 c.
246 3123 400 3164 Theodofi
416 3126 452 3157 de
465 3129 545 3168 resp.
559 3131 651 3170 prud,

2196 133 2235 187 ἐξ

1242 194 1503 248 procedentes
1552 192 1848 235 mandarentur
1899 187 2053 251 scriptis
2080 222 2089 233 .
2140 137 2272 237 Hinc3

1243 251 1448 307 Ulpianus
1469 283 1480 304 ,
1516 248 1741 300 Venuleius
1763 280 1774 301 ,
1808 247 2099 302 Triphoninus
2126 280 2136 301 ,
2169 252 2263 294 alii..

1242 325 1318 364 que
1372 308 1651 360 jurisconsulti
1682 339 1694 360 ‚
1751 305 1876 348 libros
1930 305 2256 359 disputationum

1242 366 1562 420 inscripserunt:
1597 365 1744 421 quibus
1787 362 2165 418 compleS'tebantur
2197 363 2257 415 jus

1241 440 1262 466 a
1296 423 1559 477 prudentibus
1591 422 1756 465 illatum
1781 452 1794 474 ‚
1843 434 1962 475 atque
1992 452 2003 472 ,
2050 434 2092 463 ut
2125 422 2258 465 Gellii

1242 482 1373 524 ver'ois
1422 496 1513 524 utar
1538 513 1550 533 ‚
1600 478 1727 522 tacito
1786 478 1830 520 &
1875 478 2070 521 illiterato
2121 479 2259 523 homi--

1243 554 1342 581 num
1368 538 1591 590 consensu,
1625 535 1883 591 moribusque
1910 549 2116 590 receptum
2147 554 2156 578 t
2192 539 2257 588 (b)

1240 613 1320 652 quo
1351 596 1641 639 continebatur
1675 593 1762 637 usus
1788 625 1800 646 ‚
1846 605 1965 647 atque
2012 594 2156 637 tritura
2194 594 2259 637 fo⁴

1242 656 1273 697 ri
1299 686 1311 707 ‚
1342 654 1386 697 ὃς
1418 654 1637 702 ευὲῖῳῑίῑεῑε
1670 650 2059 703 Jurisconsultorum
2096 669 2106 693 t
2150 653 2168 704 (
2194 655 2257 704 c)

1241 726 1330 767 quae
1370 725 1440 755 aut
1472 710 1687 756 communi
1719 708 1825 761 Juris
1850 707 1986 751 civilis
2010 709 2257 764 appellatio-

1244 784 1294 812 ne
1330 801 1343 823 ‚
1392 782 1461 812 aut
1505 766 1698 825 peculiari
1733 765 2055 821 jurisprudentiae
2088 766 2260 811 nomine

1242 826 1553 884 appellabantur
1579 859 1587 868 .
1622 826 1735 869 Hinc
1763 824 1945 877 responsa
1967 856 1978 875 ‚
2010 839 2098 879 quae
2122 825 2261 879 priva-

1245 886 1322 928 tim
1355 897 1476 928 antea
1506 884 1706 927 dibantur
1738 881 2078 934 consulentibus,
2112 881 2176 925 vel
2209 882 2260 925 ab

1244 941 1332 997 ipsis
1366 942 1508 997 scripta
1536 940 1866 994 Jurisconsultis‚
1899 939 1964 982 vel
1989 954 2036 981 ex
2065 955 2132 982 ore
2158 940 2264 994 ipso-

1245 1016 1334 1043 rum
1366 1012 1562 1055 excepta,
1596 1000 1682 1051 (d)
1714 996 1928 1052 Judicique
1961 996 2086 1039 relata
2113 1029 2120 1038 .
2158 998 2264 1053 Qui-

1245 1059 1316 1102 bus
1366 1057 1560 1113 responsis
1609 1055 1772 1108 Judices
1826 1054 2053 1110 plurimum
2110 1054 2263 1098 tribue-

1251 1117 1383 1169 bant,
1419 1131 1503 1159 non
1536 1113 1700 1170 quidem
1728 1124 1772 1155 ut
1799 1112 1930 1167 postea
1958 1144 1970 1165 ,
2001 1110 2098 1162 jussu
2131 1112 2266 1167 publi«

1246 1189 1294 1215 co
1312 1205 1324 1226 ,
1361 1174 1500 1229 legeve
1526 1171 1610 1215 ulla
1647 1188 1656 1213 :
1693 1170 1752 1213 sed
1779 1170 1905 1213 tacito
1932 1169 2070 1225 populi
2096 1173 2266 1213 consen·

1245 1230 1285 1273 su
1306 1261 1325 1285 ,ι
1367 1230 1410 1272 ἃ
1443 1229 1619 1285 quadam
1652 1227 1895 1270 au&oritate
1926 1259 1938 1279 ‚
1986 1240 2106 1283 atque
2139 1244 2256 1270 ‹orn-

1244 1287 1507 1330 mendatione
1559 1284 1763 1340 sapientiae
1792 1315 1805 1337 ‚
1856 1283 2018 1338 longo,
2065 1284 2255 1340 re&oque

1246 1343 1510 1400 respondendi
1537 1343 1608 1386 usu
1634 1342 1791 1384 civibus
1815 1341 2091 1395 comprobatoe
2118 1373 2128 1384 .
2177 1344 2257 1396 (²⁶)

1409 1402 1451 1445 C
1513 1403 1552 1444 A
1616 1401 1645 1443 P
1706 1401 1749 1441 U
1813 1398 1856 1439 T
1946 1398 2121 1441 XL11.

1508 1461 1574 1504 De
1607 1456 1865 1513 respondendi
1892 1457 2003 1509 jure.

1320 1516 1448 1561 Nitio
1490 1517 1605 1562 enim
1648 1515 1709 1568 jus
1741 1514 1863 1558 civile
1897 1512 2139 1569 professurus
2171 1529 2266 1570 pro-

1332 1576 1514 1631 priarum
1543 1573 1695 1618 virium
1721 1572 1970 1618 confidentia
1997 1571 2260 1628 populoprae-

1246 1633 1363 1676 bebat
1397 1634 1431 1677 se
1458 1666 1468 1676 .
1500 1634 1584 1684 (e)
1618 1632 1776 1674 Primus
1810 1629 2015 1685 Augustus
2049 1629 2260 1683 publicam

1245 1690 1549 1743 Iurisconsultis
1581 1689 1725 1732 tribuit
1756 1688 2040 1731 au&0ritatem
2069 1703 2080 1740 3
2129 1686 2257 1737 jussit-2

1245 1765 1321 1805 que
1346 1782 1357 1802 ‚
1401 1761 1446 1792 ut
1477 1747 1739 1804 respondendi
1772 1744 1943 1789 facultas
1969 1759 2051 1787 non
2078 1744 2257 1799 amplius

1244 1822 1265 1850 e
1298 1807 1458 1862 privato
1490 1805 1661 1850 consilio
1681 1837 1694 1858 ‚
1743 1802 1845 1857 (f)
1879 1802 1939 1846 sed
1971 1817 2020 1845 ex
2056 1802 2258 1857 Principis

1246 1865 1443 1908 beneficio
1474 1864 1652 1920 prodiret
1687 1893 1693 1900 -
1746 1860 1867 1917 Quod
1896 1859 1941 1902 &
1971 1859 2116 1903 nostris
2149 1871 2258 1904 tem-

1247 1923 1409 1978 poribus
1442 1934 1578 1967 tenet.
1611 1919 1715 1975 (¹⁹¹⁵)
1818 1978 1858 2020 E
2139 1976 2179 2018 C
2196 1976 2233 2018 A

2156 2046 2268 2059 —ffl

1249 2053 1581 2062 ——n—

1244 2081 1277 2115 di
1304 2083 1444 2116 restituit
1471 2082 1634 2116 Adrianus
1667 2103 1679 2121 ,
1717 2080 1773 2122 qui
1812 2079 1853 2111 iis
1879 2078 2033 2112 omnibus
2061 2077 2257 2120 responden-

1243 2128 1276 2160 di
1301 2127 1494 2161 facultatem
1516 2124 1649 2163 'dedit,
1676 2126 1732 2168 qui
1759 2124 1939 2157 studiorum
1978 2125 2140 2165 pollerent
2172 2123 2255 2155 fidu-

1243 2174 1315 2206 cia.
1346 2174 1546 2214 nomponius
1576 2173 1612 2204 in
1638 2175 1673 2204 L.
1694 2182 1726 2202 2.
1754 2174 1797 2202 D.
1821 2171 1926 2213 §.edm
1955 2170 1992 2200 de
2022 2170 2053 2215 0-
2073 2171 2114 2209 J.
2149 2167 2256 2200 Hodie

1243 2228 1382 2259 contra,
1423 2227 1458 2252 ut
1494 2219 1608 2252 auetor
1633 2217 1787 2250 observat
1803 2237 1813 2253 ‚
1855 2214 2013 2256 principis
2038 2215 2106 2245 tere
2132 2213 2255 2246 benetia

1243 2265 1294 2297 cio
1320 2265 1465 2306 responsa
1490 2263 1635 2304 dantur,
1663 2263 1727 2295 sive
1754 2261 1794 2294 ab
1820 2260 1958 2304 integris
1983 2258 2143 2299 collegiis
2160 2282 2169 2297 ,
2197 2269 2255 2291 veo

1244 2310 1305 2343 luti
1331 2322 1348 2342 a
1376 2315 1461 2344 Rota
1488 2314 1639 2343 Romana
1675 2306 1876 2343 redduntur.
1916 2305 1980 2338 five
2004 2303 2255 2346 suppeditentur

1243 2367 1260 2387 a
1286 2356 1426 2396 privatis
1465 2354 1685 2388 Dostoribffi.
1727 2356 1818 2385 Nam
1844 2351 1893 2384 his
1916 2360 2045 2393 quique
2072 2349 2106 2381 in
2132 2348 2255 2382 Acade-

1244 2401 1319 2433 miis
1348 2401 1479 2444 publica
1503 2400 1701 2433 auctoritate
1727 2396 1941 2438 respondendi
1982 2395 2121 2437 potestis
2147 2404 2263 2443 conce-

1243 2447 1361 2485 ditur,
1401 2446 1458 2478 etfi
1500 2446 1631 2478 eveniat
1670 2442 1863 2478 interdum,
1905 2448 1942 2473 nt
1968 2440 2000 2472 hi
2027 2440 2183 2489 Dostores
2209 2449 2259 2489 yi-

1243 2492 1293 2523 tio
1332 2491 1435 2523 creati
1476 2489 1555 2528 juris
1596 2490 1706 2522 omnis
1731 2498 1800 2521 tam
1828 2486 1949 2528 publici
1975 2495 2073 2528 quam
2101 2491 2221 2524 privati
2246 2505 2259 2521 ‚

1243 2546 1312 2568 tam
1350 2536 1430 2569 sacr-i
1465 2546 1564 2578 quam
1603 2533 1732 2578 profani
1749 2554 1760 2571 ‚
1801 2532 1863 2564 sint
1890 2529 2037 2571 impriti
2058 2550 2065 2559 .
2093 2527 2191 2570 Quod
2217 2528 2262 2561 est

1242 2591 1285 2614 ex
1326 2582 1416 2614 malo
1454 2591 1545 2614 more
1574 2601 1584 2619 ‚
1624 2590 1689 2622 quo
1733 2588 1792 2620 pto
1828 2576 1989 2618 dignitate
2032 2573 2261 2623 Jurisconsulti

1242 2626 1372 2666 grandis
1411 2627 1522 2669 passim
1559 2625 1704 2669 pecuniae
1741 2622 1868 2655 summa
1906 2620 1987 2652 solvi
2029 2619 2130 2660 solet,
2165 2628 2260 2657 cujus

1244 2671 1406 2705 illecebris
1455 2672 1557 2704 animi
1609 2673 1842 2702 Promotorum
1884 2665 2051 2699 interdum
2089 2664 2256 2697 deliniun-

1243 2726 1323 2749 tur.
1365 2718 1528 2757 Exemplo
1563 2715 1626 2749 fuit
1663 2714 1803 2747 avaritia
1842 2712 2025 2745 Dostorum
2068 2710 2255 2761 Italorunr.

1244 2763 1340 2805 Jason
1364 2762 1455 2795 enim
1480 2764 1509 2795 8<
1537 2762 1683 2795 Alciatus
1712 2764 1748 2793 L.
1766 2759 1835 2791 imo
1859 2762 1896 2792 C.
1913 2766 2029 2789 aureos
2055 2756 2192 2804 exegisse
2207 2755 2257 2806 dff-

1243 2817 1360 2840 cuntur
1399 2818 1458 2850 pro
1501 2807 1614 2845 bulla,
1654 2814 1690 2839 ut
1732 2811 1876 2843 vocant,
1901 2801 2094 2835 postorali.
2121 2805 2260 2838 Cuyacio

1243 2864 1368 2897 quoque
1407 2863 1523 2886 manus
1540 2876 1551 2893 ‚
1592 2851 1714 2890 credo,
1752 2850 1909 2882 inauratae
1933 2855 2054 2884 erant,
2085 2857 2160 2878 tum
2185 2845 2255 2897 lau-

1245 2910 1332 2931 ream
1357 2899 1571 2932 Douoralem
1598 2895 1803 2940 Marquardo
1830 2894 1972 2928 Frehero
1991 2916 1999 2929 .
2034 2892 2091 2923 etsi
2117 2901 2255 2942 egregiae

1243 2943 1363 2977 indoliS
1389 2955 1514 2986 puero,
1542 2942 1707 2977 conferret
1732 2951 1820 2973 anno
1845 2939 1951 2972 aetatis
1974 2937 2102 2969 decimo
2127 2944 2255 2969 tertio.

1244 2990 1326 3032 Quis
1352 2990 1442 3023 enirn
1468 2989 1548 3027 juris
1575 2988 1728 3032 peritiam
1744 2986 1926 3027 expe&eta
1942 2993 2042 3033 puero
2057 2981 2253 3023 impubere?

1243 3037 1264 3068 sl
1314 3034 1429 3068 saltem
1468 3034 1634 3068 decimum
1675 3032 1853 3074 septimum
1886 3036 1992 3061 aetatis
2018 3038 2142 3077 amium
2167 3026 2258 3068 supe-

1245 3081 1339 3114 rasset
1357 3101 1367 3119 ‚
1395 3080 1549 3123 exemplo
1563 3080 1613 3113 uti
1630 3086 1759 3121 poterat
1775 3080 1895 3109 Nervae
1910 3073 2003 3113 filii,
2017 3083 2071 3121 qui
2091 3080 2141 3104 tot
2156 3081 2257 3119 anno·

1246 3138 1319 3160 rum
1343 3126 1531 3159 adolescens
1546 3148 1558 3165 ‚
1585 3133 1642 3157 aut
1658 3132 1750 3156 certe
1777 3133 1840 3153 non
1869 3119 1973 3153 multa
1999 3128 2106 3154 major
2130 3115 2167 3148 de
2184 3126 2253 3152 jure

1695 2051 1819 2062 ..-—-

231 3169 282 3209 (⁴‘
296 3169 345 3210 ’Ὁ
371 3173 526 3205 veterem
551 3181 665 3208 tamen
689 3185 818 3209 morem
842 3174 881 3209 de
909 3173 978 3213 iure
1002 3172 1197 3218 responden·
1247 3172 1374 3217 publice
1395 3171 1602 3217 reponfitaffe
1617 3168 1740 3205 dicitur
1754 3168 1789 3201 in
1805 3168 1880 3201 La·
1900 3167 1928 3208 §·
1947 3173 1980 3204 3·
2007 3166 2056 3198 D·
2079 3163 2117 3196 de
2131 3158 2252 3199 Postul-
