2524 3479
757 120 1092 198 JUR1s
1172 120 1681 175 CIVILIS.

193 294 260 340 De
282 292 557 337 Publicmione
576 286 693 343 Legis
706 318 717 338 3
749 286 967 337 concione,
999 285 1053 328 <J
1071 284 1198 328 Sorti-

366 352 469 393 tione
483 379 495 402 3
527 341 999 400 &Szffilragiisserendis
1012 374 1021 385 .

193 435 468 538 Scriptam
504 432 638 488 legem
673 429 854 483 laturus,
888 430 913 473 fi
947 430 996 472 ab
1020 429 1196 486 optirna-

293 496 403 538 tibus
441 491 556 534 staret
589 521 600 542 3
645 505 734 533 earn
790 489 836 531 ad
892 489 1088 531 Senatum
1138 504 1195 530 re-

192 552 378 598 ferebat:
424 562 468 593 ut
511 548 538 592 fi
580 564 602 591 a
645 549 797 591 Senatu
834 547 1067 600 probaretur
1093 578 1105 599 3
1139 545 1194 588 fe-

189 609 359 655 rendam
392 609 526 664 legem
558 605 700 660 opinio
733 604 956 660 prudentiae
982 619 1196 647 commen-

187 668 323 711 daret:
361 666 387 709 fi
415 664 623 722 legislator
652 662 854 718 popularis
882 663 974 705 esset
997 693 1009 716 3
1041 661 1084 704 ὃς
1117 675 1196 704 tur-

189 725 382 769 bulentus
412 755 425 776 3
469 722 728 779 rogationem
754 754 767 776 3
801 720 986 776 negieero
1020 722 1195 773 Senatu,

189 783 492 827 meditabatur.
531 784 767 835 Antequam
800 792 938 821 autem
973 778 1197 833 rogationis

190 841 307 885 causa
349 838 494 883 concio
536 838 801 881 advocaretur
831 868 843 890 3
890 835 953 879 lex
984 849 1073 879 erat
1106 850 1196 890 pro-

1252 199 1405 242 bantur
1450 195 1625 241 maximi
1660 193 1799 245 census
1832 193 2024 238 centuriae
2057 195 2099 238 in
2131 198 2265 252 prima

1246 255 1288 298 δε
1318 255 1487 299 secunda
1515 254 1629 298 claffe
1653 252 1858 308 descriptae
1884 267 1896 305 3
1928 267 2042 308 quae3
2074 255 2168 309 quia
2201 273 2264 301 re-

1246 312 1376 369 liquas
1404 327 1577 355 numero
1605 311 1911 366 exuperabant3
1945 310 2034 353 ideo
2056 310 2140 353 illis
2159 329 2260 356 con-

1247 370 1514 414 sentientibus
1546 382 1687 412 ceterae
1716 367 2041 412 omittebantur.
2074 368 2149 412 Sin
2178 370 2254 413 dis-

1247 427 1680 481 sentirent3·Ciebatur
1707 428 1827 469 tertia
1858 425 1985 469 classis
2013 439 2026 479 3
2067 425 2260 483 deinceps

1245 498 1412 541 quarta,
1446 485 1574 527 donec
1606 484 1654 526 ad
1685 483 1858 539 inopum
1887 482 2117 537 centurias,
2150 485 2260 540 quod

1247 559 1336 586 raro
1370 543 1434 586 vel
1462 557 1674 598 nunquam
1701 540 1906 596 contigit,
1940 542 2222 596 perveniretur
2246 575 2256 585 .

1246 601 1416 644 Etenim
1443 601 1538 655 saepe
1564 600 1792 655 primarum
1817 599 2098 642 centuriarum
2120 598 2261 642 suffra-

1244 659 1321 714 giis
1354 659 1572 715 negotium
1605 657 1922 702 conficiebatur.
1956 658 2123 699 Mutata
2157 672 2255 700 vero

1246 718 1500 773 sequentibus
1533 714 1784 771 temporibus
1817 714 1921 757 ratio
1952 715 2005 757 est
2032 746 2040 756 .
2084 714 2274 759 Etenim

1245 775 1477 819 institutum
1498 773 1603 828 fuit,
1636 785 1678 816 ut
1706 788 1794 829 quae
1819 773 1952 827 prima
1976 773 2160 815 centuria
2189 773 2258 816 ved

1245 833 1372 876 tribus
1402 849 1452 876 ex
1485 847 1586 876 urna
1618 831 1856 875 educeretur
1886 862 1898 883 3
1932 845 1980 873 ea
2013 829 2250 885 suffragium

190 898 414 952 mulgantla
446 928 457 949 3
503 895 580 939 sive
626 894 786 950 publice
822 893 1116 950 proponenda,
1151 906 1193 935 ut
1219 904 1337 954 ¹ante
1369 890 1467 933 alias
1499 890 1622 933 ferret
1656 921 1668 942 3
1718 888 1761 931 ὃς
1803 886 2068 944 praerogativa
2101 887 2258 929 dicere-

189 955 362 1010 fingulis
401 954 569 1008 potestas
612 952 881 1008 cognoscendi
930 952 1043 994 fieret
1071 982 1083 1003 3
1127 962 1195 992 aut
1244 960 1337 990 tur.
1371 947 1500 999 Cujus
1535 947 1779 990 sententiam
1811 944 2006 989 centuriae
2028 975 2039 996 3
2070 960 2117 987 ac
2149 945 2252 988 Tri-

190 1012 418 1067 corrigendi
456 1044 467 1065 3
518 1010 848 1065 admonendique
900 1009 1153 1065 magistratus
1186 1008 1314 1091 qbus
1347 1006 1511 1061 reliquae
1545 1005 1621 1048 suis
1650 1004 1890 1060 plerumque
1919 1001 2114 1057 suffragiis
2137 1018 2254 1045 corn-

188 1070 280 1114 Post
322 1069 347 1113 si
391 1068 554 1112 tributis
596 1068 777 1112 comitiis
810 1066 908 1109 ferri
941 1077 1147 1120 oporteret
1180 1097 1192 1118 3
1218 1062 1521 1118 iplecs’tebantur
1548 1079 1558 1117 3
1602 1077 1768 1118 quaeque
1800 1061 1927 1104 tribus
1955 1092 1966 1114 3
2009 1059 2073 1102 vel
2107 1073 2255 1103 centu-

187 1126 362 1183 populus
395 1143 416 1169 a
447 1126 639 1168 Tribuno
672 1126 714 1167 in
746 1124 883 1167 forum
910 1140 921 1176 3
954 1124 980 1166 si
1013 1140 1108 1168 vero
1130 1139 1193 1165 ro-
1218 1116 1309 1164 lriae
1343 1122 1427 1177 post
1466 1120 1777 1176 praerogativam
1814 1119 1862 1161 ad
1901 1117 2084 1173 suffragia
2106 1132 2255 1161 evoca-

186 1185 317 1241 ganda
350 1183 443 1227 esset
474 1184 655 1226 comitiis
688 1181 952 1234 centuriatis,
987 1180 1031 1224 in
1064 1181 1194 1222 Cam-
1243 1192 1407 1230 rentur,
1439 1194 1494 1221 eae
1524 1178 1609 1229 jure
1642 1190 1793 1220 vocatae
1824 1176 2086 1219 dicebantur:
2123 1187 2166 1218 ut
2191 1174 2256 1217 bi-

183 1258 285 1298 pum
330 1241 537 1285 Martium
568 1241 695 1282 Cives
725 1256 748 1282 a
781 1237 924 1289 majori
958 1237 1194 1291 magistratu
1215 1235 1221 1295 l
1242 1237 1304 1278 nis
1334 1236 1477 1278 eodem
1510 1249 1695 1289 tempore
1729 1232 1911 1276 comitiis
1943 1233 2248 1288 quodammodo

187 1300 526 1344 convocabantur
564 1314 574 1338 :

183 1357 324 1400 Scriba
350 1388 361 1408 3
396 1356 527 1411 legem
560 1354 784 1397 recitabat.
821 1352 980 1395 Deinde
1014 1350 1089 1394 nisi
1122 1367 1194 1406 pro
1243 1349 1338 1405 pulo
1372 1362 1558 1411 ageretur
1588 1366 1597 1390 :

602 1321 606 1323 *
627 1296 693 1339 ubi
747 1311 876 1351 praeco
903 1326 915 1347 3
959 1294 1193 1345 subjiciente
1217 1303 1220 1326 ²
1241 1293 1257 1345 [
1294 1292 1332 1334 id
1356 1293 1463 1348 quod
1491 1292 1692 1335 Asconius
1716 1291 1900 1332 observat
1924 1289 1939 1341 ]
1970 1290 2033 1340 (b)
2062 1304 2155 1332 cum
2179 1290 2257 1332 Po-

1652 1347 1783 1403 prima
1814 1358 1932 1391 erant
1964 1348 2254 1401 praerogativa-

182 1415 375 1471 potestate
408 1413 620 1455 Tribunus
655 1410 780 1466 plebis
811 1409 1031 1465 impediret
1060 1439 1072 1461 3
1105 1425 1191 1451 ora·
1243 1423 1361 1462 rum3
1393 1408 1519 1450 altera
1542 1421 1626 1459 jure
1651 1417 1891 1449 vocatarum
1911 1404 2130 1446 sententias
2153 1418 2255 1459 prae-

183 1472 317 1514 tiones
360 1471 407 1513 ad
442 1470 682 1513 suadendam
713 1502 725 1523 3
769 1481 842 1512 aut
889 1468 1187 1511 dissuadendam
1243 1466 1524 1519 rogativarum
1567 1464 1695 1507 ferme
1728 1462 2092 1518 comprobantium
2135 1493 2144 1503 .

183 1528 319 1583 legem
374 1528 629 1571 habebantur
671 1544 693 1570 a
735 1526 1036 1583 magistratibus
1068 1557 1080 1576 3
1127 1524 1190 1567 vel

183 1587 234 1631 ab
259 1586 341 1641 ipso
369 1585 496 1629 latore
526 1585 624 1642 legis
645 1617 656 1637 3
690 1585 755 1628 vel
774 1601 796 1627 a
818 1583 1014 1639 privatis,
1046 1583 1190 1638 quibus

183 1644 456 1688 concionandi
487 1644 653 1698 poteslas
682 1642 784 1685 faE’ta
814 1642 907 1685 effet
939 1657 961 1684 a
983 1640 1190 1696 magistra-

184 1714 228 1745 tu
250 1700 411 1757 aliquo.
445 1702 559 1743 Nam
583 1700 726 1753 iniussu
749 1700 1003 1755 magistratus
1025 1698 1192 1753 privatis

183 1759 322 1802 nullus
348 1771 432 1801 erat
456 1758 615 1802 dicendi
644 1758 753 1801 locus
779 1790 788 1800 .
823 1759 904 1811 Qui
935 1770 1033 1799 vero
1058 1756 1190 1799 suade-

182 1817 311 1870 bant,
343 1815 524 1858 auctores
559 1815 656 1871 legis
685 1815 948 1858 dicebantur.
985 1814 1068 1856 Ubi
1091 1821 1190 1858 elset

183 1886 419 1932 peroratum
446 1873 705 1927 praesentibus
727 1872 1006 1916 Sacerdotibus
1022 1904 1034 1925 3
1067 1872 1109 1914 ἃ
1129 1871 1182 1912 di-

183 1933 282 1975 vina
315 1932 623 1986 procurantibus
656 1963 668 1984 3
720 1931 930 1985 postquam
973 1930 1019 1973 de
1063 1929 1188 1972 Coelo

186 1989 391 2033 servatum
423 1990 543 2040 esset3
576 1990 634 2040 (¹⁶
658 1989 888 2043 >auspiciis
920 1987 1047 2041 captis
1074 2019 1086 2038 3
1122 2003 1186 2029 ur-

181 2062 236 2090 na
267 2046 331 2088 vel
366 2045 491 2088 sitella
524 2043 808 2096 deferebatur3
840 2061 918 2100 qua
950 2044 1190 2098 exciperen-

183 2117 251 2148 tur
284 2105 458 2145 nomina
489 2103 699 2146 Tribuum
721 2135 733 2156 3
768 2102 793 2144 s1
828 2103 1012 2144 tributa:
1047 2115 1191 2145 centu-

182 2162 336 2205 riarum
358 2192 370 2213 3
405 2160 432 2203 sl
465 2173 693 2203 centuriata
725 2155 896 2203 comitia
918 2159 1042 2202 essent
1072 2175 1084 2209 ς
1126 2175 1172 2203 ea

184 2235 260 2276 que
277 2234 376 2262 urna
394 2217 537 2261 leviter
553 2221 809 2270 versabatur,
844 2230 886 2259 ut
915 2216 1037 2260 sortes
1064 2232 1191 2273 aequa-

183 2289 353 2328 rentur3
389 2291 439 2319 ne
472 2275 556 2317 ulla
588 2275 777 2321 exiliret,
810 2288 880 2318 aut
917 2273 1187 2317 subsultaret.

184 2334 371 2391 ffiquatis
400 2334 595 2385 sortibus3
630 2332 787 2375 sortitio
818 2333 936 2375 fiebat
964 2365 975 2385 3
1009 2332 1051 2375 &
1072 2349 1194 2388 quem

2195 1465 2252 1505 Et

1240 1524 1436 1579 quoniam
1464 1521 1773 1577 procedentibus
1799 1519 2053 1576 temporibus
2071 1551 2082 1572 3
2115 1531 2159 1562 ut
2191 1519 2253 1562 di-

1241 1583 1402 1633 ximus,
1435 1581 1629 1623 centuriae
1653 1579 1838 1622 tribubus
1868 1578 1959 1621 sunt
1984 1577 2149 1620 inclusae
2172 1592 2183 1630 3
2216 1577 2252 1619 i-

1240 1640 1313 1682 deo
1339 1640 1473 1694 primo
1494 1638 1676 1682 tribuum
1694 1669 1705 1690 3
1738 1637 1822 1692 post
1842 1635 1924 1688 ejus
1940 1634 2065 1678 tribus
2080 1667 2091 1688 3
2125 1650 2251 1691 quam

1242 1695 1323 1738 fors
1353 1696 1518 1740 dedisset
1549 1729 1561 1751 3
1596 1696 1716 1740 fiebat
1748 1694 1903 1738 sortitio
1935 1694 2214 1737 centuriarum
2235 1724 2248 1746 3

1240 1767 1284 1798 ur
1316 1768 1495 1809 pateret3
1527 1770 1640 1810 qur,
1672 1768 1801 1810 quave
1827 1753 1874 1795 de
1900 1751 2011 1795 tribu
2036 1750 2133 1795 esset
2155 1765 2254 1805 prae-

1241 1813 1423 1868 rogativa
1446 1814 1628 1855 centuria
1662 1843 1671 1855 .
1715 1811 1839 1853 Unde
1862 1825 1950 1866 quae
1976 1808 2107 1862 prima
2133 1823 2153 1851 e
2179 1807 2254 1852 tri-

1242 1872 1367 1913 bubus
1399 1870 1543 1913 exisset
1569 1903 1582 1924 3
1624 1868 1832 1913 dicebatur
1880 1865 2147 1923 praerogativa
2177 1865 2254 1908 tri-

1242 1929 1310 1970 bus
1338 1944 1350 1981 3
1399 1944 1486 1985 quae
1517 1944 1565 1971 ex
1602 1928 1742 1970 eadem
1769 1926 1876 1968 tribu
1905 1924 2088 1968 centuria
2113 1922 2255 1967 exisset

1242 1987 1372 2039 prima
1400 2017 1411 2037 3
1455 1985 1721 2041 praerogativa
1763 1983 1948 2027 centuria
1990 1981 2210 2024 vocabatur
2243 2012 2254 2024 .

1245 2044 1365 2084 Porro
1390 2042 1499 2097 ejus,
1530 2059 1596 2098 qui
1621 2042 1666 2085 de
1690 2042 1952 2097 praerogativa
1965 2039 2075 2082 tribu
2096 2053 2257 2093 rogare*

1241 2112 1304 2142 tur
1330 2100 1486 2154 primus
1509 2099 1816 2154 a'magistratu3
1850 2096 1981 2148 major
2010 2108 2095 2140 erat
2118 2095 2254 2139 existi·

1243 2159 1398 2211 matio,
1429 2158 1472 2201 δι
1500 2157 1712 2211 splendor3
1745 2156 1851 2199 unde
1878 2155 1946 2198 ille
1972 2153 2140 2197 honoris
2164 2169 2256 2209 gra-

1243 2217 1301 2258 tia
1332 2216 1539 2259 dicebatur
1567 2215 1725 2257 Primus
1741 2246 1750 2256 .
1785 2215 1933 2269 Neque
1955 2211 2070 2256 enirn
2087 2210 2257 2254 cuilibet

1245 2274 1374 2316 honos
1400 2273 1467 2316 hic
1495 2273 1717 2316 habebatur
1740 2288 1752 2325 3
1804 2272 1864 2315 sed
1890 2269 2143 2327 gravioribus
2168 2281 2261 2311 tan-

1244 2346 1336 2374 tum
1363 2331 1567 2374 Civibus.
1594 2333 1706 2373 Dum
1731 2342 1868 2373 autem
1894 2328 2062 2372 comitia
2084 2326 2263 2370 celebra-

190 2393 271 2436 sors
302 2391 463 2436 dederat
494 2391 683 2433 ordinem
715 2390 869 2433 Tribus
903 2390 966 2432 vel
1001 2392 1195 2434 centuriae
1221 2378 1387 2432 ⁸rentur
1413 2421 1425 2441 3
1458 2389 1578 2432 initio
1603 2389 1769 2445 quidem
1797 2386 1928 2430 fuerat
1956 2385 2222 2431 constitutum
2248 2414 2261 2438 3

187 2450 383 2493 tenebant
415 2482 424 2491 .

185 2507 256 2563 qui
292 2519 335 2549 ut
367 2505 570 2550 centurias
598 2538 610 2558 3
643 2506 698 2550 ita
729 2506 772 2549 &
805 2504 1032 2548 centuriata
1069 2521 1195 2560 corni·
1248 2505 1378 2546 dirent
1414 2520 1423 2545 ε

471 2449 578 2501 (a)
621 2450 724 2492 Sane
760 2450 827 2491 sub
860 2447 1005 2490 Tullio
1040 2449 1196 2512 Rege-3
1247 2460 1292 2490 ut
1333 2446 1490 2502 aliquot
1523 2447 1630 2489 intra
1662 2447 1803 2489 urbem
1837 2443 1983 2487 armati
2019 2443 2104 2485 vias
2134 2443 2264 2484 custo-

1477 2505 1559 2559 post
1604 2516 1647 2546 ut
1690 2518 1899 2546 armorum
1953 2500 2180 2556 periculum
2211 2513 2263 2542 ex

188 2563 452 2627 tialinstituit
478 2596 491 2619 3
543 2564 684 2620 primae
728 2564 776 2607 ad
810 2563 1042 2618 suffragium
1078 2577 1194 2606 voca-
1247 2563 1344 2605 urbe
1389 2573 1649 2605 removerent
1680 2592 1693 2615 3
1749 2559 1975 2603 exercitum
2033 2557 2214 2613 aliquem
2247 2588 2261 2610 ‚

989 2700 1096 2709 —-—

231 2737 288 2777 β)
315 2739 376 2769 Seu
403 2758 413 2774 3
442 2736 611 2778 postquam
637 2735 846 2768 observatum
872 2735 975 2772 esset,
1003 2745 1044 2766 an
1071 2734 1197 2776 signum
1249 2743 1325 2764 vare
1351 2730 1523 2773 constituit
1553 2754 1560 2762 .

1828 2617 1868 2659 C
1931 2632 1953 2659 z
2162 2630 2260 2657 cum

1590 2734 1698 2772 Quare
1722 2729 1850 2761 fallitur
1876 2729 2047 2761 Manutius
2073 2750 2084 2767 3
2126 2737 2202 2759 cum
2227 2725 2262 2758 in

190 2779 230 2812 de
257 2781 342 2814 coelo
366 2780 494 2814 infausti
519 2780 644 2824 aliquid
670 2779 884 2822 portenderet
911 2803 920 2812 .
947 2780 1000 2813 Sic
1030 2783 1111 2822 Jove
1136 2778 1196 2811 fut-
1224 2773 1401 2820 lQi-‘aesitis
1440 2787 1496 2819 per
1521 2777 1691 2818 epistolam
1728 2776 1762 2807 in
1786 2775 1922 2807 Gruteri
1949 2777 2061 2816 Lamp.
2098 2772 2180 2805 Crit.
2214 2773 2259 2803 T.

186 2835 326 2875 gurante
351 2837 427 2859 cum
453 2827 575 2869 populo
598 2827 650 2869 agi
677 2825 766 2859 nefas
791 2835 863 2858 erat
890 2847 902 2865 3

192 2879 245 2919 1¹¹}
280 2871 462 2905 habebatur
500 2873 648 2905 occursus
671 2872 742 2905 avis
765 2871 875 2905 invisae
911 2892 920 2909 3
963 2871 1069 2903 veluti
1097 2871 1197 2902 bubo-

182 2923 270 2956 ,¹¹¹⁵-
296 2918 431 2950 Servare
455 2926 565 2950 autem
593 2928 654 2961 pro
679 2918 849 2950 observare
891 2916 1076 2958 aruspicum
1103 2926 1197 2948 voca-

195 2957 276 3008 ¹²9¹?
299 2959 422 3011 ditstum
450 2985 460 3001 3
489 2963 519 2998 ἃ
547 2986 558 3003 ,
587 2962 752 3006 quamdiu
795 2963 835 2995 de
860 2962 946 2996 coelo
971 2962 1159 2994 servabatur
1187 2985 1196 3000 3

192 3001 277 3035 n1h11
300 3014 350 3046 agi
375 3015 503 3046 poterat
533 3021 543 3048 3
581 3009 735 3052 quicquid
774 3008 883 3042 astum
909 3008 985 3042 esset
1014 3030 1026 3044 3
1063 3005 1195 3039 irritum

168 3092 171 3093 ⁷
193 3056 264 3081 erat
289 3067 298 3084 s
332 3048 436 3099 §onec
460 3062 631 3095 appareret
656 3077 666 3092 3
708 3054 952 3088 obnuntiationi
979 3051 1197 3093 auspiciorum

195 3100 438 3145 contrariorum
463 3097 572 3131 locum
598 3110 663 3132 non
688 3099 747 3132 effe
777 3123 785 3131 .
811 3099 879 3133 Cic.
910 3099 1034 3141 Philip.
1063 3100 1113 3129 II.
1143 3107 1193 3135 32«

195 3139 406 3190 QWsqu-Wh
432 3151 470 3172 πθ
497 3164 508 3181 ,
535 3142 667 3185 inquit,
694 3146 844 3177 divinare
868 3142 968 3187 potest
994 3169 1001 3178 3
1042 3144 1119 3186 quid
1145 3144 1194 3175 vi-

198 3192 242 3218 m
266 3194 303 3218 m
323 3185 480 3228 auspiciis
505 3187 660 3228 'futurum
680 3189 726 3232 fin
749 3211 761 3231 ‚
799 3189 861 3231 onst
897 3190 953 3233 qui
976 3189 1014 3223 de
1038 3192 1112 3223 coelo
1129 3188 1197 3230 ser-

952 2825 980 2856 &
1008 2825 1090 2857 mali
1117 2824 1201 2857 emi-
1225 2825 1305 2854 11V‚
1338 2829 1415 2865 pag.
1446 2833 1521 2861 213.
1549 2821 1709 2857 comitia,
1736 2821 1770 2853 in
1795 2821 1912 2862 quibus
1950 2818 1989 2852 de
2029 2818 2117 2851 coelo
2154 2817 2261 2849 serva-

1248 2877 1319 2901 tum
1344 2870 1420 2902 effer
1448 2889 1458 2906 3
1500 2867 1595 2910 plane
1636 2867 1725 2899 nulla
1762 2864 1853 2899 fuisse
1898 2865 2005 2898 censet
2032 2886 2041 2896 .
2086 2862 2118 2896 Si
2167 2860 2257 2894 enim

1247 2913 1407 2946 servando
1453 2913 1492 2947 de
1517 2914 1603 2946 coelo
1628 2912 1769 2952 intelligi
1793 2912 1891 2944 debet
1918 2931 1928 2949 3
1971 2918 2082 2942 utrum
2105 2906 2257 2949 auspiciis

1226 2959 1373 3001 :aliquid
1399 2959 1475 2992 vitii
1502 2959 1576 2992 infit
1597 2979 1607 2997 3
1636 2958 1746 3000 utique
1773 2956 1882 2989 valida
1905 2963 2002 2990 erunt
2027 2953 2164 2987 comitia
2183 2972 2192 2989 3
2219 2950 2255 2982 in

1222 3001 1364 3048 ¹quibus
1388 3005 1427 3038 de
1452 3004 1538 3039 coelo
1561 3004 1769 3038 servantibus
1794 3002 1879 3037 nihil
1921 3000 2078 3036 vitiosum
2105 3006 2255 3032 occurre-

1245 3058 1353 3135 ntia)
1377 3095 1514 3137 Dionys.
1541 3094 1598 3128 tib.
1616 3105 1647 3131 4.

1275 3141 1348 3189 (b)
1376 3145 1452 3186 Cap.
1477 3153 1507 3175 2.
1534 3142 1570 3176 in
1594 3141 1680 3174 Verr-
