2524 3479
185 100 342 140 xv111
826 76 870 150 J.
948 68 1711 129 V.GRAV1NAE

185 178 260 225 que
303 157 444 216 studio
487 155 730 215 facultatem
781 151 1074 215 comparaverit
1121 149 1377 211 intelligendi
1412 149 1556 211 optime
1591 165 1638 192 ac
1659 142 1868 204 scribendi
1906 145 2182 193 mediocriter:
2219 161 2264 194 ut
2290 149 2359 206 st

185 241 321 274 ornate
355 239 477 287 atque
510 225 709 286 eleganter
742 234 907 283 nequeat
942 254 955 275 ,
1008 218 1223 264 barbarum
1258 229 1391 260 tamen
1426 214 1598 276 effugiat
1634 213 1691 256 (²9⁴
1727 211 1985 258 inconditum
2001 214 2159 260 dicendi
2169 233 2332 279 genus.

131 285 134 288 ⁴
254 293 448 340 Rationis
513 290 689 353 regendae
740 302 861 350 atque
912 285 1165 331 emendandae
1217 283 1361 327 mentis
1394 295 1523 326 artem
1542 315 1555 336 ,
1593 296 1715 341 quam
1752 280 1926 342 Logicen
1961 281 2170 343 appellant
2204 317 2217 339 ,
2255 301 2337 328 om.

187 363 301 408 nium
338 377 424 406 cum
459 372 640 404 veterum
661 391 673 413 ,
711 369 798 399 tum
833 354 1087 398 recentiorum
1123 351 1266 413 optime
1296 348 1568 409 facillimeque
1601 347 1796 390 traditam
1835 348 2024 392 habemus
2059 347 2102 392 in
2119 348 2256 394 libello
2272 349 2336 395 in.

185 430 332 492 scripto
383 429 474 473 Ars
524 420 794 488 cogitandi:
848 420 980 482 Cujus
1015 418 1178 463 letlione
1215 434 1289 461 non
1327 414 1437 462 modo
1473 432 1493 459 e
1527 412 1797 462 communibus
1833 428 1987 460 naturae
2024 416 2195 461 tenebris
2227 433 2336 463 mens

196 498 438 556 exolvetur3
480 493 554 554 sed
606 491 727 535 etiam
774 487 1052 546 labyrinthum
1106 485 1272 547 effiagiet
1307 480 1547 544 vulgarium
1585 479 1907 526 Dialet‘licarum
1927 517 1939 538 ‚
1977 499 1997 526 e
2032 483 2179 543 quibus
2214 484 2336 545 longa

190 564 457 622 diuturnaqae
484 557 711 621 jaHatione
729 591 741 612 ,
777 555 1017 616 affiduisque
1044 551 1203 614 jurgiis
1221 586 1233 606 ‚
1273 567 1346 594 non
1382 548 1502 594 aliud
1535 547 1615 603 nifi
1643 547 1789 606 fallere
1817 547 1994 610 fallique
2009 550 2199 610 discimus
2217 584 2227 595 .
2264 552 2337 596 Ex

191 646 238 674 ea
269 645 417 690 quoque
452 625 616 670 lebitone
649 624 806 668 lumina
838 621 1093 682 excipiuntur
1125 617 1182 663 ad
1215 633 1345 662 omnes
1374 614 1459 673 fere
1467 615 1688 676 scientias,
1727 633 1894 677 quarum
1903 615 2061 676 femina
2073 616 2161 661 illic
2168 619 2266 678 sunt
2282 615 2340 674 ef-

185 697 317 755 fusa:
369 707 415 739 ut
464 707 693 753 quacunqae
734 687 902 751 fleHete
951 686 1040 748 quis
1089 685 1269 730 volverit
1288 718 1301 739 ,
1341 681 1487 728 rettam
1518 696 1592 744 per
1619 682 1704 743 sese
1740 683 1842 727 inire
1877 683 2019 727 valeat
2050 683 2191 728 viam.
2230 684 2340 728 Hinc

190 751 313 806 etiarn
365 761 498 805 tollere
541 757 686 821 poterit
748 755 966 816 adolescens
1017 751 1214 812 quidquid
1241 748 1508 812 pbilofhpbiae
1542 763 1637 810 opus
1665 747 1792 805 fuerit
1830 748 1982 794 bomini
2018 750 2243 812 negotioso,
2281 749 2338 794 (9-

184 827 362 892 publicis
413 826 643 870 muneribus
690 836 872 884 occupato
892 856 904 877 ,
956 835 1071 881 quem
1122 830 1271 879 oportet
1323 816 1483 878 quidem
1527 815 1803 878 philosophari
1837 851 1851 873 ,
1882 816 1958 877 sed
1985 816 2160 877 paucis,
2199 829 2245 860 ut
2280 816 2342 860 ait

193 895 358 940 Ennius
381 927 392 938 .
431 895 576 936 Cetera
612 908 684 952 que
721 890 790 934 hoc
825 890 867 932 in
898 903 1037 949 genere
1073 885 1233 947 vulgo;
1267 897 1408 945 argute
1444 900 1491 926 ne
1527 883 1661 928 dicam
1680 917 1692 939 ‚
1730 899 1783 927 an
1811 883 2152 944 intemperanter,
2189 883 2243 927 Θ·
2267 883 2343 928 ab·

185 963 309 1024 fiirde
359 957 647 1020 disputantur?
691 957 783 1016 jam
821 956 895 999 hac
929 952 1059 999 (etatis
1094 949 1231 1006 nostrae
1267 951 1381 1007 luce,
1420 950 1540 1011 inque
1576 962 1693 993 tanta
1727 949 1981 994 inventorum
2016 950 2229 1006 novitate,
2268 967 2344 995 non

197 1029 308 1074 modo
345 1027 581 1088 ignorantur
613 1024 797 1077 utiliter,
829 1021 904 1081 sed
937 1019 1056 1064 etiarn
1093 1017 1358 1062 laudabiliter
1392 1029 1692 1061 contemnuntur
1714 1049 1725 1059 .
1864 1063 1870 1068 ,

261 1093 522 1138 Rhetoricam
559 1109 636 1134 non
671 1089 935 1150 adjungimus
954 1121 968 1142 ‚
1008 1097 1140 1148 utpote
1175 1085 1306 1145 magis
1340 1084 1395 1128 ad
1430 1100 1580 1128 morum
1615 1082 1672 1126 ξφ
1695 1082 1950 1144 publicarum
1991 1099 2120 1127 rerum
2129 1082 2346 1144 scientiam

199 1161 370 1213 utilem,
409 1175 527 1220 quam
563 1158 621 1201 ad
651 1155 851 1217 scribendi
887 1155 998 1214 usum
1019 1186 1031 1208 ‚
1070 1152 1138 1213 qui
1175 1150 1316 1195 Tullio
1351 1150 1434 1212 ipso
1461 1149 1637 1211 judice,
1673 1162 1826 1194 naturae
1861 1149 2052 1209 beneficio
2085 1143 2348 1194 &bonorum

191 1228 428 1289 scriptorum
465 1223 687 1269 imitatione
721 1221 894 1265 maxime
929 1231 1210 1281 comparatur:
1248 1233 1327 1278 qua
1360 1219 1411 1261 de
1447 1233 1486 1261 re
1516 1217 1614 1277 sunt
1651 1215 1732 1260 haec
1765 1217 1817 1259 ab
1852 1215 2090 1278 «Augustino
2115 1217 2268 1278 scripta
2284 1217 2348 1261 di-

203 1294 365 1339 vinitus
396 1309 406 1337 :
462 1288 557 1352 (a)
613 1286 879 1335 Cavendum
935 1284 1025 1341 est,
1066 1285 1230 1346 inquit,
1265 1300 1319 1329 ne
1358 1281 1534 1345 fugiant
1572 1298 1627 1327 ex
1662 1279 1817 1327 animo
1855 1298 1950 1345 quae
1989 1280 2175 1328 dicenda
2211 1281 2344 1338 sunt,

208 1359 317 1405 dum
357 1355 639 1412 attenditur,
677 1369 726 1401 ut
765 1369 859 1399 arce
879 1350 1084 1397 dicatur.
1123 1353 1182 1395 Et
1220 1365 1373 1396 tamen
1411 1349 1456 1394 in
1478 1345 1753 1394 sermonibus
1790 1363 1924 1410 atque
1956 1346 2235 1394 difflonibus
2254 1348 2349 1395 elo-

207 1423 446 1489 quentium
495 1421 679 1486 impleta
731 1417 1017 1482 reperiuntur
1055 1433 1266 1480 praecepta
1304 1415 1604 1478 eloquentiae,
1645 1413 1698 1459 de
1735 1412 1931 1477 quibus,
1970 1429 2018 1460 ut
2057 1412 2123 1461 illi
2165 1416 2347 1478 eloque-

209 1507 395 1545 rentur,
437 1491 510 1536 vel
550 1505 649 1534 cum
691 1487 1015 1549 loquerentur,
1055 1501 1145 1529 non
1181 1481 1472 1545 cogitarunt,
1513 1481 1603 1527 five
1640 1479 1721 1526 illa
1758 1478 2043 1537 didicissent,
2081 1479 2171 1527 five
2206 1498 2262 1528 ne
2281 1496 2347 1527 at-

214 1556 413 1621 tigiffent
483 1553 695 1619 quidem.
755 1553 950 1615 Implent
1004 1549 1168 1613 quippe
1207 1549 1318 1605 illa,
1359 1547 1463 1611 quia
1503 1547 1767 1609 eloquentes
1804 1545 1935 1602 sunt,
1972 1564 2061 1594 non
2101 1546 2350 1604 adhibent,

209 1640 261 1670 ut
301 1623 384 1669 fint
421 1622 679 1685 eloquentes
713 1654 723 1665 .
773 1621 1091 1681 Quapropter,
1131 1632 1233 1661 cum
1274 1612 1616 1661 exinfantibus
1656 1613 1887 1676 loquentes
1922 1630 2013 1660 non
2050 1611 2160 1660 fiant
2201 1649 2213 1671 ,
2267 1611 2351 1661 nifi

207 1689 459 1738 locutiones
497 1686 704 1734 discendo
740 1683 1021 1748 loquentium
1058 1699 1073 1746 ;
1127 1700 1206 1728 cur
1243 1682 1501 1745 eloquentes
1554 1678 1651 1726 fieri
1687 1697 1779 1725 non
1820 1679 1998 1745 possunt
2036 1716 2049 1736 ,
2099 1680 2225 1727 nulla
2259 1682 2353 1727 elo-

210 1755 376 1821 quendi
413 1770 503 1802 arte
540 1752 703 1800 tradita
725 1788 737 1808 ,
776 1751 848 1798 sed
886 1749 1164 1798 elocutiones
1203 1746 1516 1812 eloquentium
1539 1745 1758 1810 legendO,
1797 1745 2114 1804 &audiendo,
2150 1748 2353 1811 &quan-

211 1839 309 1870 tum
347 1821 506 1885 assequi
555 1817 818 1866 conceditur
855 1815 1078 1865 imitando
1113 1818 1127 1858 ἓ
1179 1814 1304 1874 Quid
1339 1813 1477 1878 quod'
1500 1812 1561 1858 ita
1600 1810 1698 1858 fieri
1738 1811 1838 1874 ipsis
1876 1830 2055 1876 quoque
2089 1813 2352 1876 experimur

213 1887 477 1952 exemplis?
518 1889 639 1934 Nam
682 1885 768 1931 fine
808 1882 1040 1949 praeceptis
1081 1880 1339 1928 Rhetoricis
1373 1878 1592 1927 novimus
1625 1876 1846 1943 plurimos
1883 1879 2218 1943 eloquentiores
2255 1880 2359 1943 plu-

215 1954 376 2011 rimis,
415 1953 490 2018 qui
531 1953 608 1999 illa
643 1951 922 1998 didicerunt.
1846 1953 1848 1955 '

276 2022 548 2077 Historiarum
584 2019 699 2064 leHio
731 2020 883 2081 partim
918 2016 1071 2061 anteire
1107 2017 1222 2062 debet
1251 2017 1405 2079 partim
1442 2014 1623 2060 comitari
1646 2013 1724 2075 jus
1760 2014 1905 2059 civile.
1945 2017 2012 2060 Ne
2045 2015 2136 2077 quis
2153 2014 2257 2060 enim
2273 2013 2355 2060 ini-

205 2089 261 2135 tio
297 2089 360 2144 fit
414 2089 470 2132 ad
510 2087 623 2149 juris
672 2086 929 2148 prudentiam
982 2084 1119 2128 rudior
1137 2118 1150 2138 ,
1183 2084 1404 2145 generatim
1433 2083 1578 2143 saltem
1611 2093 1758 2142 oportet
1790 2081 1923 2126 animo
1958 2081 2142 2126 anteacta
2178 2095 2358 2144 tempora

208 2154 530 2217 comprehendere
549 2188 561 2209 ,
596 2166 641 2197 ut
678 2154 829 2213 reliqua
864 2151 961 2196 vita
981 2185 992 2206 ‚
1031 2150 1102 2195 ubi
1137 2152 1211 2194 erit
1245 2150 1396 2205 ocium,
1434 2166 1495 2194 res
1524 2146 1660 2210 gestas
1695 2149 1896 2209 cognoscat
1927 2148 2245 2210 particulatim:
2281 2165 2357 2210 quo

147 2255 150 2258 ι
215 2223 266 2267 de
301 2223 415 2267 rebus
450 2237 539 2264 cum
571 2220 752 2281 privatis
772 2254 784 2275 ,
821 2232 906 2264 tum
939 2216 1116 2279 publicis
1149 2234 1196 2261 ex
1229 2217 1516 2278 praeteritorum
1553 2216 1742 2275 exemplis
1777 2214 1880 2260 ret‘le
1915 2216 2109 2275 consultat
2123 2227 2245 2277 atque
2255 2229 2356 2278 pru-

209 2291 375 2334 denter.
415 2286 640 2342 Occasiones
674 2303 770 2330 vero
805 2286 970 2346 legum,
1009 2296 1187 2345 tempora
1206 2318 1217 2338 ,
1253 2283 1309 2326 &¹
1343 2284 1464 2343 causae
1500 2299 1584 2342 quae
1621 2281 1794 2324 maxime
1821 2283 2063 2341 sententiam
2090 2282 2273 2344 aperiunt
2290 2296 2354 2328 ra-

208 2374 297 2402 rum
317 2391 329 2412 ‚
365 2354 496 2399 omnia
532 2366 723 2398 eruuntur
759 2371 804 2396 ex
825 2350 997 2407 historiis
1029 2383 1039 2394 .
1077 2353 1195 2394 Ante
1231 2366 1349 2411 quam
1383 2349 1514 2410 igitur
1543 2346 1633 2408 quis
1669 2347 1892 2408 auspicetur
1915 2347 2106 2402 studium
2123 2349 2354 2411 juris‚eex
2388 2382 2398 2389 ψ

204 2423 400 2483 universa
438 2422 583 2482 saltem
618 2418 785 2477 justini
830 2418 1023 2479 brevique
1061 2416 1223 2471 historia
1255 2418 1482 2461 memoriam
1519 2427 1733 2475 temporum
1772 2414 1934 2459 hauriat
1967 2416 2235 2477 antiquiorum
2254 2451 2267 2473 ‚
2306 2426 2354 2460 ut

199 2488 339 2551 postea
371 2505 455 2534 cum
485 2487 638 2544 studiis
665 2487 778 2548 juris
812 2485 933 2530 Livii
968 2482 1169 2529 leHionem
1203 2484 1420 2545 conjungat
1441 2517 1452 2539 ‚
1491 2482 1659 2541 indeque
1683 2494 1759 2542 per
1784 2482 2034 2542 sequentium
2067 2496 2228 2528 aetatum
2252 2482 2354 2544 firi-

208 2570 339 2619 ptores
389 2554 604 2599 continenti
647 2554 748 2615 serie
794 2551 940 2597 duetus
988 2551 1043 2594 ad
1095 2550 1227 2606 nostra
1263 2563 1436 2611 tempora
1471 2547 1692 2605 referatur,
1732 2547 1776 2592 in
1807 2548 1932 2610 iisque
1955 2547 2113 2604 studiis
2146 2548 2354 2611 occupabit

212 2623 402 2684 quicquid
436 2622 471 2665 ei
504 2621 688 2682 temporis
722 2637 748 2664 a
785 2620 929 2665 divino
965 2618 1108 2674 cultu,
1145 2618 1214 2680 qui
1245 2619 1385 2679 praeire
1418 2615 1533 2661 debet
1567 2616 1683 2660 rebus
1718 2615 1931 2671 omnibus,
1969 2616 2025 2659 (Ὺ
2062 2631 2089 2662 a
2098 2614 2250 2673 forensi
2265 2632 2353 2660 mu-

211 2708 326 2745 nere,
362 2702 482 2749 atque
515 2686 684 2741 honestis
717 2687 844 2731 animi
881 2686 1122 2730 laxamentis
1157 2687 1198 2729 in
1236 2688 1330 2730 vita
1357 2681 1599 2745 superfuerit
1619 2716 1632 2738 ,
1669 2680 1882 2743 adjunc‘lis
1915 2682 2157 2728 uberioribus
2173 2682 2352 2727 Chrono-

207 2757 325 2819 logiae
361 2770 480 2816 atque
515 2754 778 2815 Geograpbiae
816 2753 1091 2814 compendiis:
1130 2752 1174 2809 in
1210 2753 1352 2813 quibus
1384 2750 1473 2811 usui
1508 2747 1579 2809 esse
1608 2761 1796 2810 poterunt
1825 2748 1948 2793 auHa
1965 2749 2352 2810 nuperCluveriana

212 2822 458 2869 introduttio
481 2855 492 2877 ,
531 2821 588 2864 (9‘
622 2819 793 2866 Petavii
828 2819 1088 2864 rationarium
1125 2833 1373 2881 temporum,
1411 2833 1456 2861 ac
1492 2814 1693 2877 Buffuetii
1728 2815 1917 2876 Eplscopi
1951 2815 2178 2872 Meldensts
2194 2816 2244 2860 de
2260 2814 2352 2861 uni-

215 2891 332 2951 versa
386 2887 567 2944 Historia
617 2885 838 2949 dissertatio
856 2907 880 2945 ‚·
917 2904 1002 2946 quae
1038 2904 1113 2930 non
1151 2887 1263 2930 modo
1299 2887 1457 2930 brevem
1491 2895 1609 2944 atque
1640 2883 1888 2943 perspicuam
1924 2883 2093 2926 continet
2126 2882 2353 2927 memoriam

217 2970 433 3020 temporum
452 2990 466 3012 ‚
502 2955 648 3000 notatis
684 2954 840 2999 eventis
874 2952 1159 3009 illustrioribus
1176 2988 1188 3009 ,
1225 2969 1366 2998 verum
1398 2951 1517 2996 etiam
1549 2950 1670 2994 vivis
1703 2949 1893 2994 coloribus
1926 2949 2114 3012 exprimit
2149 2948 2352 3012 religionis

2276 3032 2347 3061 no-

214 3128 676 3144 -—-—-———————-.
685 3125 1234 3139 -——-a—·——·-——--—=—-————
1244 3119 2123 3138 n———q—-n——n——m
2132 3118 2348 3135 ’.ι-..ι-

333 3164 418 3215 (a)
450 3163 512 3203 De
536 3161 656 3204 dour.
697 3159 840 3201 christ.
872 3160 937 3200 lib.
967 3140 1004 3211 4.
1032 3160 1073 3199 m
1102 3158 1268 3212 princip.
