2524 3479
235 101 300 154 18
647 95 761 146 DE
831 93 1069 148 ORTU
1136 92 1253 146 ET
1311 91 1850 149 PROGRESSU

236 177 297 229 jos
322 171 399 216 fuit
426 168 603 214 omnino
633 168 989 213 sublatum.Cum
1010 167 1122 211 enim
1146 167 1258 223 prius
1308 168 1414 212 tium
1458 171 1681 216 convenire
1727 171 1953 214 deberent:
1987 170 2074 229 (g)
2120 172 2178 217 ad'
2201 183 2328 230 quarn

236 229 462 289 plebiscitis
489 260 501 282 ,
537 227 614 270 five
647 228 925 282 rogationibus
971 224 1206 270 tribuniciis
1235 242 1259 268 a
1308 227 1358 269 ab
1398 227 1517 270 ediffi
1566 228 1629 272 die
1677 229 1963 272 trinundinum
2013 229 2289 276 intercedebat
2320 260 2332 284 ‚

235 291 356 347 plebe
386 286 548 331 tributis
576 284 760 328 comitiis
780 284 1012 340 adprobatis
1031 317 1043 337 ,
1064 283 1175 340 plebs
1201 282 1261 326 so·
1311 284 1389 327 sive
1422 296 1500 328 tres
1533 285 1755 330 nundinae.
1791 286 2000 330 Nundinae
2031 300 2169 332 autem
2213 299 2332 332 erant

236 349 278 392 la
307 358 538 397 teneretur,
565 345 616 398 Q.
643 342 885 386 Hortensius
909 342 1095 386 Difi'mtor
1133 339 1261 394 tulit,
1313 357 1423 384 nono
1457 357 1617 401 quoque
1649 344 1711 386 die
1739 375 1750 398 ,
1782 359 1862 399 quo
1883 345 2008 389 Cives
2043 345 2084 388 in
2119 362 2158 389 re
2190 345 2333 389 rustica

238 419 287 450 ut
319 405 508 458 deinceps
534 401 582 443 iis
608 399 735 443 etiam
761 400 922 444 Patricii
952 400 1262 453 obligarenmr‚
1311 401 1498 453 occupati
1543 402 1593 444 ab
1624 402 1728 458 agris
1772 402 2035 457 negotiorum
2087 403 2201 446 causa
2234 417 2333 446 con-

237 464 414 518 indeque
449 462 556 503 inter
588 457 696 514 leges
727 458 769 500 δε
802 457 1012 514 plebiscita
1045 457 1261 501 discrimen

239 521 446 566 evanuit.
490 517 577 570 (a)
623 518 735 559 Cum
780 529 918 559 autem
951 516 1133 560 Tribuni
1180 514 1262 571 ple-

238 580 302 623 bis
348 578 478 633 legem
533 573 697 616 tributis
747 574 930 616 comitiis
969 574 1163 625 ferrent,
1207 571 1267 624 jus

242 634 443 680 evocandi
479 631 524 674 ad
560 631 796 687 suffragium
840 632 1034 675 patricios
1079 647 1160 674 non
1196 631 1265 672 ha-

240 694 425 743 bebant3
471 689 644 732 liberum
679 702 817 731 tamen
852 702 937 732 erat
972 689 1156 734 Patribus
1189 687 1263 731 suf-

241 751 423 806 fragium
463 747 566 790 inire
597 779 605 788 .
637 748 808 790 Summa
843 763 938 791 vero
974 749 1034 790 vis
1069 746 1266 790 comitio-

243 824 336 851 rum
370 839 382 858 ,
425 804 467 848 ὃς
502 804 669 859 potestas
700 836 711 854 ,
757 818 878 860 atque
909 804 1089 856 maiestas
1127 803 1267 857 Populi

242 863 427 910 Romani
457 862 610 905 collata
639 863 891 916 potissimum
919 864 971 905 est
994 865 1032 904 in
1062 861 1265 906 centuria·

240 936 282 966 ta
304 921 479 965 comitia
501 952 512 972 ,
541 920 582 961 in
600 920 743 975 quibus
771 919 1003 963 ferebantur
1026 934 1080 962 eae
1096 919 1269 976 rogatio·

245 996 345 1033 neS‚
380 994 467 1035 quae
499 979 657 1033 proprie
679 977 792 1019 dietae
820 979 910 1020 sunt
936 977 1069 1033 leges,
1103 992 1269 1033 quaeque

243 1037 487 1094 plerumque
515 1034 576 1076 vel
609 1050 657 1076 ex
681 1036 719 1075 S.
736 1036 787 1076 C.
822 1035 884 1077 vel
921 1035 1104 1078 Patribus
1133 1035 1270 1078 aueto-

244 1096 382 1145 ribus,
417 1110 438 1135 a
470 1091 614 1142 majori
643 1091 878 1146 magistratu
910 1094 1160 1136 roaabantur
1184 1094 1271 1145 (b)

246 1154 300 1206 Q.
342 1148 456 1194 erim
505 1148 703 1191 Publilius
749 1148 870 1192 Philo
925 1150 1113 1193 Dffi'rator
1168 1151 1268 1194 tule-

252 1223 315 1252 rat
342 1241 352 1261 ‚
385 1221 429 1250 ut
464 1206 603 1263 legum
636 1206 874 1250 centuriatis
918 1209 1100 1252 comitiis
1133 1208 1270 1251 ferun-

251 1268 395 1310 darum
429 1278 523 1307 ante
555 1263 737 1317 suffragia
767 1263 936 1317 Populi,
971 1279 1101 1319 patres
1135 1266 1264 1309 auffto-

256 1340 320 1368 res
354 1323 523 1366 fierent.
556 1323 635 1372 (c)
667 1321 792 1363 Unde
825 1320 919 1372 julla
953 1324 1077 1365 totius
1113 1323 1272 1379 Populi,

252 1397 340 1438 quae
374 1379 537 1435 prprie
572 1378 680 1434 leges
709 1378 980 1431 dicebantur,
1015 1381 1075 1423 his
1111 1381 1200 1424 sunt
1232 1397 1270 1423 e-

252 1441 338 1482 dita
364 1436 574 1480 comitiis.
607 1438 749 1479 Stante
781 1436 908 1492 igitur
938 1437 1162 1494 Republica
1190 1441 1273 1481 Ro-

250 1511 375 1540 mana
405 1527 418 1548 ,
460 1491 555 1546 iuris
587 1493 731 1537 divisio
776 1496 993 1537 commode
1025 1496 1113 1539 duci
1151 1495 1275 1550 potest

252 1570 276 1596 a
297 1555 448 1596 Senatu
465 1584 476 1603 ,
512 1551 629 1599 Plebe
654 1582 665 1604 ‚
696 1550 740 1594 ὃς
758 1551 912 1605 Populo
931 1585 940 1594 .
972 1553 1009 1595 E
1032 1555 1180 1596 Senatu
1205 1568 1274 1596 au-

247 1624 332 1655 tern
368 1610 526 1664 prodire
562 1609 600 1650 S.
617 1608 670 1650 C.
710 1609 746 1650 E
768 1609 929 1652 tributis
949 1610 1158 1664 comitiis,
1187 1625 1275 1667 quae

251 1669 364 1724 plebs
411 1682 503 1711 cum
550 1666 616 1709 suo
648 1665 840 1709 Tribuno
884 1666 1113 1710 celebrabat
1143 1700 1154 1720 ‚
1189 1668 1268 1723 ple-

250 1726 427 1769 biscita:
472 1739 522 1766 ex
555 1722 750 1766 univerfis
800 1725 963 1767 tandem
1009 1724 1150 1780 Populi
1197 1724 1274 1768 suf—

250 1783 390 1838 fragiis
434 1780 478 1824 in
510 1780 694 1824 comitiis
737 1782 975 1824 centuriatis
1010 1814 1021 1836 ‚
1055 1783 1272 1826 auetorita-

249 1855 291 1884 te
325 1840 566 1896 plerumque
597 1838 768 1881 Senatus
796 1852 997 1894 praeeunte
1023 1871 1034 1891 ‚
1069 1840 1174 1895 leges
1206 1856 1276 1884 ex-

255 1899 462 1941 titerunt.
497 1895 754 1939 Centuriatis
786 1908 922 1939 autem
960 1898 1142 1941 comitiis
1188 1914 1276 1940 rna-

260 1956 364 2008 jores
408 1952 662 2009 magistratus
703 1984 714 2007 ,
758 1955 860 2005 (*)
909 1970 1057 2011 nempe
1099 1971 1274 2009 quorum

256 2011 413 2064 majora
442 2042 453 2064 ‚
501 2010 563 2053 seu
607 2023 691 2053 rata
736 2010 866 2066 magis
907 2025 1023 2054 erant
1064 2013 1237 2067 auspicia
1263 2044 1275 2066 ‚

256 2069 528 2120 creabantur,
562 2068 653 2119 (d)
684 2081 728 2110 ut
760 2068 876 2111 Coss.
910 2069 1025 2113 Prfet.
1058 2071 1180 2113 Cens.
1214 2071 1277 2113 in-

254 2143 333 2183 que
382 2124 524 2169 iisdem
569 2125 862 2169 exercebantur
901 2126 1050 2178 judicia
1093 2127 1274 2184 perduel-

254 2185 407 2228 lionis:
440 2184 521 2234 (e)
553 2183 658 2238 quod
691 2183 848 2226 crimen
880 2197 967 2227 erat
999 2183 1176 2227 hostium
1209 2201 1276 2239 pa-

259 2243 371 2286 triae.
406 2240 529 2282 Porro
551 2239 738 2282 Comitia
770 2241 998 2285 centuriata
1031 2241 1167 2297 legum
1214 2257 1276 2284 ro-

253 2297 487 2356 gandarum
536 2296 650 2339 causa
691 2296 780 2339 solis
811 2297 901 2351 (f)
934 2299 1046 2341 Coss.
1092 2299 1277 2342 Difi’tato-

257 2357 369 2400 ribus
394 2386 407 2407 ,
443 2353 705 2405 Praetoribus,
738 2355 1020 2412 Interregibus
1045 2355 1191 2400 habere
1218 2356 1277 2408 jus

258 2425 375 2465 erat,
409 2410 608 2467 praemiffo
646 2411 777 2455 edifto
802 2444 813 2465 ‚
847 2427 893 2456 ut
925 2413 1081 2470 Populo
1114 2414 1279 2457 innote—

258 2471 416 2523 sceret,
448 2468 496 2512 ad
528 2484 652 2524 quam
685 2468 795 2513 diem
833 2469 876 2513 in
910 2472 1126 2528 Campum
1159 2473 1279 2515 Mar-

1314 456 1493 500 fluebant
1526 457 1567 502 in
1592 461 1755 502 Urbem
1777 490 1786 500 .
1819 459 1933 503 Hinc
1966 459 2035 503 ille
2067 461 2250 504 comitiis
2273 459 2335 502 di·

1314 514 1399 557 &us
1440 528 1525 558 erat
1557 516 1640 559 dies
1669 548 1679 570 ‚
1713 533 1792 571 quo
1826 517 1955 560 teneri
1990 518 2099 573 plebs
2140 520 2182 561 in
2216 517 2333 560 Urbe

1316 585 1474 626 poterat
1500 605 1513 625 ‚
1542 574 1585 617 δε
1618 574 1786 617 interim
1814 607 1826 627 ‚
1860 574 2072 627 interjefi‘to
2110 589 2293 630 tempore
2317 604 2330 628 ‚

1315 629 1361 672 de
1390 630 1475 687 lege
1499 630 1768 675 deliberarent
1794 632 1900 676 inter
1931 633 1965 676 se
1988 664 1997 675 .
2030 633 2240 689 Quoniam
2264 647 2336 674 au-

1317 699 1401 730 tem
1451 687 1534 745 ipso
1568 691 1842 733 nundinarum
1887 690 1948 734 die
1983 689 2120 734 haberi
2164 688 2335 733 comitia.

1318 760 1401 787 non
1431 745 1606 799 licebat,
1645 747 1986 802 protrahebantur
2015 749 2056 790 in
2083 748 2332 803 sequentem.

1321 803 1539 847 Nundinas
1563 805 1676 848 enim
1694 806 1805 856 Jovis
1834 805 1945 849 fuisse
1976 805 2094 848 ferias
2114 804 2242 861 aliqui
2264 819 2338 858 pu·

1319 872 1478 904 tarunt:
1507 863 1611 906 unde
1636 863 1765 914 Julius
1793 864 1924 906 Caesar
1952 863 2246 916 scripserac,eo
2273 861 2336 904 die

1319 935 1412 961 cum
1446 920 1595 974 populo
1616 921 1681 976 agi
1711 920 1821 963 nefas
1842 921 2039 972 effesh)
2073 920 2228 963 Eadem
2252 918 2338 962 die-

1320 992 1411 1020 rum
1442 978 1545 1021 ratio
1577 978 1621 1021 &
1652 980 1694 1021 in
1728 978 1946 1034 plebiscitis
1971 977 2279 1022 observabatur.

1451 1148 1893 1192 CAPUT
1982 1149 2185 1194 XXIX.

1449 1265 1516 1307 De
1546 1265 1695 1320 Legum
1721 1263 1977 1319 ferendarum
2010 1264 2216 1309 examine.

1377 1379 1532 1422 Nterea
1576 1378 1728 1423 laturus
1766 1379 1899 1431 legem
1940 1409 1953 1433 ‚
2005 1379 2087 1423 sive
2125 1378 2341 1423 Tribunus

1407 1437 1533 1490 plebis
1566 1437 1658 1480 esset
1684 1470 1696 1489 ,
1745 1437 1824 1480 five
1859 1437 2116 1493 magistratus
2168 1435 2299 1487 major
2331 1467 2345 1490 ‚

1322 1509 1414 1536 eam
1454 1510 1547 1537 cum
1582 1495 1877 1549 prudentibus,
1910 1511 1955 1538 ac
1990 1494 2216 1538 necessariis
2267 1493 2342 1536 luis

1324 1552 1661 1594 communicabat
1684 1584 1696 1605 ‚
1729 1569 1779 1595 ne
1811 1551 1966 1595 civium
1991 1551 2259 1594 offensionem
2282 1549 2350 1593 in-

1325 1622 1501 1651 curreret
1530 1625 1541 1661 ;
1575 1625 1676 1652 neve
1711 1625 1862 1652 novam
1900 1610 2030 1665 legem
2080 1622 2223 1652 contra
2256 1624 2347 1653 mo-

1327 1681 1412 1708 rem
1448 1665 1652 1717 majorum
1704 1680 1950 1721 proponeret
1977 1698 1987 1709 .
2033 1666 2280 1711 Cavendum
2309 1665 2348 1709 ei

1326 1738 1502 1779 namque
1528 1736 1615 1767 erat
1638 1756 1650 1777 ‚
1685 1723 1771 1781 lege
1803 1724 1991 1778 Licinia,
2023 1723 2063 1766 δί
2092 1724 2272 1778 Ebutia,
2298 1738 2349 1767 ne

1325 1782 1431 1837 quod
1476 1781 1579 1835 sibi,
1621 1795 1691 1824 aut
1723 1782 1941 1836 cognatis,
1985 1781 2221 1824 affinibusve
2274 1779 2350 1824 suis

1325 1838 1590 1881 commodum
1621 1854 1727 1882 nova
1751 1839 1838 1895 lege
1868 1851 2080 1893 captaret.
2117 1839 2222 1882 Item
2254 1853 2350 1883 cau-

1326 1908 1414 1938 tum
1447 1908 1532 1938 erat
1570 1895 1655 1952 lege
1688 1897 1869 1940 Coecilia
1896 1928 1909 1949 ‚
1941 1895 1984 1938 ἃ
2007 1894 2129 1938 Didia
2160 1926 2173 1949 ‚
2207 1911 2256 1939 ne
2280 1911 2348 1952 per

1324 1954 1512 1996 Saturam
1561 1954 1705 2009 (quod
1736 1954 1815 1997 cibi
1859 1968 1988 2010 genus
2020 1964 2103 1996 erat
2145 1968 2193 1996 ex
2228 1953 2351 1996 variis

1326 2011 1427 2054 cibis
1461 2024 1646 2066 paratum
1672 2013 1689 2063 )
1722 2011 1799 2054 five
1824 2011 2005 2067 pluribus
2026 2042 2037 2063 ‚
2071 2008 2270 2066 variisque
2300 2011 2349 2055 de

1327 2069 1441 2111 rebus
1463 2100 1474 2120 ‚
1507 2084 1587 2111 una
1620 2070 1830 2125 rogatione
1866 2068 1928 2112 lex
1964 2068 2162 2120 ferretur-3
2197 2080 2265 2111 aut
2297 2083 2347 2112 ne

1325 2125 1419 2181 quid
1440 2125 1679 2170 insereretur
1699 2125 1778 2180 legi
1795 2126 1867 2180 ,de
1890 2142 1970 2181 quo
2000 2125 2130 2181 legem
2147 2124 2241 2168 ferri
2265 2140 2350 2170 non

1328 2184 1467 2226 liceret
1489 2215 1497 2225 .
1534 2184 1655 2226 Unde
1689 2183 1764 2227 hac
1791 2185 2008 2227 utebantur
2046 2183 2093 2225 ad
2117 2198 2262 2226 omnes
2291 2182 2350 2227 le-

1325 2255 1392 2295 ges
1424 2240 1670 2283 translatitia
1703 2241 1882 2284 formula
1909 2259 1919 2283 τ

1319 2297 1404 2351 suit
1428 2300 1555 2351 rogari
1581 2329 1592 2348 ‚
1626 2299 1711 2350 ejus
1733 2299 1803 2341 hac
1826 2299 1905 2352 lege
1930 2298 2033 2339 nihil
2058 2305 2265 2352 rogatum;
2299 2297 2343 2340 &

1327 2354 1398 2398 illa
1423 2370 1438 2394 .·
1472 2356 1549 2406 (i)
1570 2354 1737 2410 Siquid
1765 2367 1897 2397 contra
1920 2355 2024 2396 alias
2054 2354 2154 2407 leges
2177 2356 2260 2405 ejus
2290 2355 2344 2396 le-

1325 2415 1388 2469 gis
1413 2427 1497 2468 ergo
1515 2414 1641 2454 latum
1665 2409 1780 2467 effer,
1811 2424 1854 2455 ut
1873 2412 1910 2454 ei
1933 2412 2007 2469 qui
2027 2427 2114 2455 eam
2139 2413 2258 2468 legem
2282 2428 2345 2453 ro-

1324 2467 1445 2527 gaffet
1472 2481 1629 2526 tmpune
1650 2466 1741 2525 effet
1754 2501 1763 2512 .

262 2600 810 2614 ——-—-—————--—--—
820 2601 1282 2612 ————-a·—-——-——
1327 2599 2346 2612 ————————=——-—-——

306 2632 365 2671 (a)
404 2633 537 2663 Manut.
577 2631 615 2663 de
655 2630 786 2673 legibus
838 2640 917 2675 pag.
951 2635 1029 2671 864.
1068 2630 1136 2675 post
1188 2632 1279 2665 Rosi-

262 2685 369 2709 num.

307 2717 368 2760 (b)
394 2718 483 2750 Paul.
502 2719 632 2751 Manut.
662 2721 699 2751 de
713 2721 776 2763 leg.
793 2723 961 2764 pag.860.

308 2767 362 2804 (cl
390 2761 574 2796 Liv.11·b.8.
592 2771 720 2803 cap.12.

309 2809 366 2849 (Ὃ
394 2806 543 2845 Maiores
581 2808 681 2845 igitur
722 2809 934 2850 Magistratus
969 2832 979 2849 ‚
1018 2810 1130 2853 quales
1184 2819 1281 2845 erant

262 2854 416 2888 Dictator
447 2874 460 2892 ‚
501 2852 620 2886 Consul
646 2875 657 2892 ‚
699 2857 822 2887 Praetor
853 2877 864 2891 ,
909 2855 1028 2889 censor
1055 2880 1065 2894 ,,
1106 2857 1140 2889 in
1165 2858 1281 2890 Corni-

267 2900 325 2932 tiis
353 2899 495 2940 primum
522 2898 726 2931 centuriatis
769 2899 962 2941 legebantur
987 2923 996 2935 ,
1037 2900 1114 2933 dein
1159 2902 1193 2934 in
1218 2907 1281 2937 Co-

270 2944 382 2978 mitiis
407 2943 554 2975 curiatis
580 2966 590 2982 ‚
625 2953 695 2986 que
733 2955 750 2975 a
797 2947 902 2977 XXX.
949 2944 1119 2978 lictoribus
1144 2970 1155 2985 ‚
1194 2947 1282 2980 toti-

263 2990 339 3022 dem
381 2989 495 3023 curias
541 2986 756 3022 referentibus
787 3013 798 3027 .,
845 2990 1157 3032 repraesentabantur
1183 3013 1193 3030 ‚
1236 2992 1282 3025 le-

264 3045 303 3079 ge
330 3035 463 3069 Curiata
496 3034 681 3075 Imperium
721 3034 844 3068 uastari
874 3055 882 3063 ·
929 3035 1140 3077 Magistratus
1168 3046 1282 3070 eontra

267 3080 417 3115 minores
443 3101 455 3119 ‚
504 3079 616 3123 quales
643 3088 736 3112 erant
765 3079 909 3114 Tribuni
938 3081 1041 3121 plebis
1066 3103 1076 3119 ‚
1120 3080 1246 3115 :Tdiles
1271 3103 1282 3119 ,

269 3127 454 3168 quaestores
480 3147 491 3162 ,
532 3126 561 3157 δε
600 3124 807 3165 magistratus
848 3126 1068 3168 provinciales
1109 3125 1143 3159 in
1183 3127 1285 3159 torni·

1328 2632 1603 2664 confirmarentur
1629 2653 1640 2663 .

1329 2675 1348 2706 b
1681 2629 1831 2668 Maiores
1872 2642 1971 2674 porro
2010 2631 2160 2673 auspiciis
2203 2627 2343 2665 maiori-

1321 2683 1324 2685 ·
1351 2686 1388 2709 us
1417 2698 1428 2716 ,

1470 2676 1623 2709 Minores
1660 2675 1845 2709 trimeribus
1883 2676 1925 2708 usi
1966 2676 2000 2709 in
2040 2675 2184 2709 comitiis
2225 2673 2345 2706 Curia-

1327 2722 1370 2754 tis
1401 2743 1412 2760 ‚
1458 2721 1586 2755 Gellius
1621 2721 1720 2754 Noa.
1749 2724 1853 2755 Anic.
1871 2723 1976 2753 XIII.
2009 2731 2068 2760 13.
2103 2728 2245 2759 quorum
2285 2717 2346 2750 illa

1327 2767 1369 2800 ab
1394 2765 1508 2798 avibus
1533 2763 1716 2803 maioribus
1743 2791 1752 2802 .
1793 2767 1895 2799 veluti
1920 2766 2054 2808 aquila,
2082 2765 2209 2796 vu3ture
2232 2773 2241 2800 ;
2268 2761 2340 2795 haee

1327 2810 1571 2850 aminoribus,
1598 2812 1701 2844 velut}
1717 2811 1895 2849 columba,
1925 2811 2053 2844 bubone
2068 2807 2153 2841 dieta
2168 2807 2344 2841 videntur.

1373 2856 1434 2896 (d)
1459 2855 1549 2890 Gell.
1578 2854 1636 2888 lib.
1660 2865 1708 2893 ¹3·
1738 2863 1806 2896 cap.
1834 2865 1883 2893 14.
2335 2866 2354 2881 .

1371 2901 1428 2942 (ε)
1454 2901 1525 2934 Val.
1555 2902 1647 2932 Max.
1676 2898 1794 2932 libr-6.
1832 2908 1899 2940 cap.
1934 2908 1962 2936 ς.
1982 2899 2066 2932 .Ῐ.ἰι·.
2097 2897 2178 2931 libr.
2210 2903 2242 2931 6.
2273 2896 2341 2932 Cic·

1326 2953 1384 2990 pro
1407 2947 1497 2978 sext·
1525 2945 1636 2989 Sigon.
1663 2944 1739 2977 libr,
1759 2955 1788 2984 3.
1816 2945 1852 2977 da
1885 2944 1988 2986 Judic
2030 2947 2122 2977 Rom.
2150 2952 2256 2987 cap.5·

1373 2992 1445 3034 (f¹
1473 2991 1581 3024 Rofin.
1609 2990 1682 3022 eod.
1705 2992 1730 3022 1.
1756 2991 1794 3023 de
1818 3001 1893 3023 com.
1924 2998 2051 3034 cap.10.

1375 3037 1436 3078 (g)
1461 3035 1612 3076 Cim-pro
1635 3036 1727 3068 domo
1749 3036 1833 3076 sua.

1375 3082 1428 3122 (h)
1457 3081 1608 3113 Macrob.
1627 3084 1757 3113 Saturn.
1772 3079 1866 3113 libr.
1886 3085 2006 3123 cap.16.

1379 3125 1433 3164 (ι’)
1459 3129 1510 3157 De
1535 3127 1607 3162 his,
1637 3125 1675 3159 (9·
1695 3124 1909 3169 sequentibus
1946 3124 2128 3169 testimonia
2150 3123 2227 3162 vide
2253 3123 2341 3168 apud

268 3171 327 3205 tiis
368 3169 523 3206 Tributis
565 3169 763 3205 creabantur
788 3193 800 3214 ‚
846 3179 1021 3214 antequam
1058 3170 1093 3205 in
1143 3171 1287 3206 curiatis
1337 3171 1472 3206 Manut.
1498 3172 1536 3205 de
1559 3174 1624 3214 leg·

1965 2241 2014 2283 S'i
2043 2240 2144 2296 quid
2172 2241 2238 2292 jus
2269 2257 2345 2282 non
2404 2270 2411 2273 -
