2596 3479
652 122 780 180 ET
856 111 1966 177 SENATUSCONSULTIS.

2245 148 2352 205 235

222 216 351 263 quam
395 199 644 246 tumultuosa
674 197 941 251 contentione
984 196 1263 240 multitudinis
1311 190 1365 233 est
1390 190 1446 232 rei
1472 190 1663 245 agrariae,
1684 194 2027 257 atquepecuariae
2050 195 2246 249 studium.
2283 211 2356 251 Pii-

233 261 502 315 transigantur
519 291 528 301 .
544 285 548 291 ,
567 262 704 313 Atque
736 268 780 299 ut
804 256 1028 317 Senatores
1048 255 1263 319 attributos

235 320 303 363 sibi
342 306 594 374 magistratus
632 346 643 367 ‚
697 313 739 355 ἃ
779 325 980 356 certorum
1017 313 1279 376 judiciorum*

229 377 464 432 potestatem
490 374 559 417 sibi
587 369 816 423 retineant,
849 384 1091 424 arceantque
1117 386 1260 412 incon·

229 434 375 477 sultam
402 432 502 476 *inde
529 429 719 485 plebem,
745 439 916 483 ’oportet
953 443 1020 470 eos
1056 428 1281 492 magistra-⁷

228 503 317 544 tus,
343 504 466 546 eaque
485 487 733 539 iudiciorum
756 484 950 548 exercitia
977 500 1139 539 magnis
1163 500 1260 548 one-

226 565 314 592 rare
341 545 564 598 sumtibus,
594 555 640 587 ut
666 541 831 598 plebeiis
858 541 1094 597 plerumque
1127 554 1257 585 tenui—

226 607 297 648 bus
325 602 562 646 desiderium
593 601 649 643 sui
670 599 846 642 minime
861 601 1259 663 commoueantJm

224 661 341 706 enirn
375 659 467 703 solis
486 657 693 714 opulentis
720 672 799 700 una
822 657 865 698 ὅ(
887 655 1122 721 melioribus
1147 672 1188 698 in
1212 671 1259 699 eo

221 733 391 762 munere
434 716 640 773 patebunt
660 746 674 768 ,
706 712 1042 771 abstinebuntque
1074 729 1121 777 iis
1153 713 1259 756 ultro

216 788 310 819 ¹tam
350 774 423 831 iqui
454 790 475 817 e
506 771 768 817 Sena-toribus
794 802 806 822 ,
848 785 972 826 quam
1016 786 1095 834 qui·
1118 770 1207 813 sunt
1238 786 1258 813 e

222 832 338 889 plebe
360 831 585 875 deteriores
607 861 619 883 ,
652 843 800 884 nempe
833 840 919 892 tam
953 828 1183 892 pecuniosi,
1215 827 1258 869 &

221 890 332 933 avari
364 905 378 943 3
418 903 541 944 quam
576 899 715 929 tenues
745 916 758 938 ,
793 885 836 928 ἃ
867 884 966 928 viles
992 901 1026 949 ς.
1049 900 1179 940 neque
1215 899 1256 949 in

219 961 415 1000 campum
457 944 697 988 descendent
723 957 735 996 3
769 941 842 984 nisi
873 941 1256 1008 hones-’tioresffiqui

220 1002 374 1046 divitiis
407 1001 588 1058 gloriam
607 1011 898 1063 anteponunt,
927 1012 971 1043 ut
993 1014 1034 1042 in
1055 999 1255 1042 AEdilium

220 1059 445 1104 Curulium
486 1058 690 1102 creatione
721 1068 897 1119 contigit
923 1072 935 1109 3
967 1072 1089 1121 quem
1122 1057 1254 1100 hono-

220 1133 313 1161 rum
348 1117 456 1160 ultro
487 1115 668 1172 patriciis
699 1113 863 1168 plebeiis
896 1114 1171 1167 remiserunt,
1205 1129 1255 1157 ne

222 1174 411 1219 ludorum
433 1172 631 1217 sumtibus
641 1182 931 1228 premerentur
945 1203 955 1213 .
977 1172 1135 1235 Certos
1154 1187 1256 1227 quo·

177 1219 180 1222 .
220 1247 297 1288 que
321 1230 487 1286 piebejis
511 1241 672 1285 oportet
690 1241 858 1281 paratos
887 1228 961 1271 esse
985 1229 1254 1283 magistratus,

217 1288 286 1345 qui
334 1302 544 1344 nunquam
589 1285 637 1329 ad
674 1286 893 1328 'Senatores
921 1284 1251 1328 transferantur:

219 1359 266 1388 ut
298 1344 442 1388 habeat
462 1344 598 1398 plebs,
629 1357 730 1397 quos
755 1341 1253 1406 publica-potestatesem-

212 1417 286 1457 per
316 1413 492 1444 armatos
523 1399 707 1442 adversus
740 1398 1000 1440 insolentiam
1048 1399 1252 1442 nobilium

216 1471 429 1513 opponat,
477 1456 615 1512 quales
656 1454 838 1498 Tribuni
880 1454 989 1498 fuere
1040 1458 1250 1498 Romano-

216 1531 306 1558 rum
329 1548 339 1558 .
371 1515 634 1558 Creabuntur
664 1525 805 1555 tamen
830 1524 928 1554 ‘tum
962 1513 988 1554 ii
1007 1544 1025 1566 >,
1075 1525 1164 1556 tum
1199 1514 1252 1555 se-

216 1571 367 1615 natorii
408 1572 533 1615 etiam
566 1570 818 1623 magistratus
856 1569 1142 1613 universorum
1176 1569 1250 1633 suf-

217 1628 356 1684 fragiis
381 1661 392 1682 ‚
436 1627 661 1682 judiciaque
705 1626 776 1668 illa
820 1625 987 1676 majoris
1032 1627 1253 1681 prudentiae

215 1686 354 1742 indiga
381 1718 393 1739 ,
425 1684 684 1728 Sena-toribus
726 1683 889 1738 quidem
911 1714 923 1734 ‚
956 1683 1017 1747 sed
1050 1701 1072 1726 a
1103 1684 1253 1740 populo

215 1744 550 1786 mandabantur:
585 1757 635 1783 ne
661 1741 762 1795 ‘quid
786 1740 830 1782 in
852 1740 1056 1795 republica
1075 1755 1251 1806 geratur,

214 1799 325 1848 cuius
359 1798 545 1842 'universi
589 1798 723 1853 aliqua
754 1798 910 1839 ratione
940 1813 1044 1861 ‘non
1088 1811 1252 1852 partici-

215 1870 313 1912 pent
337 1889 346 1899 .
380 1858 436 1899 Et
461 1871 511 1899 ne
537 1854 803 1897 multitudine
839 1856 1008 1897 comitia
1027 1857 1250 1920 ‘pertuberi-

215 1925 308 1968 tur,
333 1929 434 1956 neve
459 1912 604 1955 civitas
631 1911 819 1954 seditiosis
843 1912 1246 1976 redundet-homini-

213 1971 308 2020 bus,
341 1970 578 2024 occupanda
611 1969 722 2024 plebs
752 1969 805 2011 est
829 1985 950 2023 opere
967 1971 1141 2034 rustico,
1162 1987 1248 2014 ma-

209 2026 349 2082 jorque
395 2043 484 2080 pars
527 2039 716 2081 promota
757 2041 796 2068 re
847 2042 1002 2090 agraria
1047 2043 1090 2070 in
1132 2044 1247 2083 agros

211 2084 440 2127 deducenda
459 2115 472 2136 ‚
504 2097 550 2125 ut
576 2083 722 2125 minus
742 2083 887 2125 habeat
919 2099 962 2126 iu
994 2085 1090 2128 urbe
1119 2101 1242 2141 nego-

210 2142 399 2193 ciorum,
432 2156 477 2183 ac
496 2140 640 2182 'minus
665 2139 708 2181 in
736 2155 782 2182 ea
807 2154 1043 2195 permaneat
1073 2143 1242 2198 inopum

207 2198 250 2240 ἃ
275 2198 529 2240 ociosorum:
558 2212 738 2253 vquorum
765 2197 807 2239 hi
831 2211 992 2252 propter
1012 2199 1241 2243 desidiosam

209 2255 368 2298 vitam:
401 2254 468 2296 'illi
502 2268 663 2310 propter
693 2254 1043 2309 desperationem,
1074 2256 1116 2299 ἃ
1148 2274 1239 2313 ege-

206 2311 346 2355 statem
381 2311 508 2354 studio
540 2323 734 2354 tenentur
763 2312 913 2353 affiduo
947 2329 1081 2357 rerum
1114 2330 1239 2358 nova-

209 2385 299 2412 rum
317 2400 326 2410 .
360 2369 472 2412 Hinc
492 2369 616 2411 etiarn
640 2368 824 2420 eveniet,
852 2380 895 2411 ut
921 2369 1058 2413 minus
1078 2371 1120 2414 in
1144 2374 1240 2416 urbe

206 2426 393 2468 nascatur
415 2425 609 2480 opificum
627 2457 637 2477 ,
660 2426 727 2480 qui
752 2438 856 2468 artes
882 2427 1055 2469 tranant
1076 2428 1243 2472 luxuriae

207 2482 409 2525 ministras
425 2482 842 2535 ‚·uov²isque·sensuum
856 2483 1165 2527 obleetamentis
1179 2486 1239 2528 in-

208 2539 420 2582 veniendis
435 2570 446 2591 ,
465 2538 508 2580 ἃ
528 2538 718 2581 civilibus
741 2539 788 2581 ad
810 2539 967 2581 insanas
994 2556 1128 2584 rerum
1149 2543 1239 2585 inu-

207 2595 346 2638 tilium
372 2596 573 2638 emtiones
596 2596 861 2649 provocandis
885 2597 1020 2639 aliena
1044 2599 1239 2652 patrimo-

207 2654 275 2696 nia
296 2685 308 2706 ,
353 2653 418 2695 vel
452 2653 494 2694 in
527 2653 728 2696 mundum
777 2653 1022 2697 muliebrem
1053 2671 1259 2711 commu-5

204 2722 318 2763 tant,
351 2722 396 2752 ut

248 2797 341 2839 bene
354 2807 474 2852 parta
485 2808 646 2854 patrum
659 2794 770 2851 fiant
787 2798 1026 2841 anademata
1045 2798 1164 2844 mt'trae
1176 2833 1189 2855 ‚

201 2894 247 2924 ut
291 2882 502 2927 Lucretius
543 2883 637 2937 ait3
681 2882 744 2927 vel
776 2883 818 2927 in
853 2884 1038 2928 scaenicos
1069 2902 1234 2941 appara-

200 2950 263 2980 tus
284 2970 296 2989 ,
329 2954 397 2982 aut
441 2939 482 2982 in
518 2940 699 2995 pudenda
746 2942 913 2995 praemia
946 2943 1192 2987 musicorum
1221 2976 1229 2987 .

198 2995 394 3045 Optimus
445 3013 541 3040 vero
596 2998 767 3054 populus
822 2999 874 3042 est
917 3000 1233 3065 agricolarumj

199 3063 318 3106 atque
368 3053 566 3106 pastorum
593 3087 605 3109 ,
636 3068 755 3111 atque
788 3056 843 3099 ibi
875 3057 1009 3100 civilis
1035 3089 1046 3109 .,
1079 3059 1120 3100 &
1155 3074 1232 3101 mi-

172 3106 329 3151 clitaris
363 3108 489 3152 virtus
508 3110 674 3155 haerebit
694 3113 879 3166 firmum,
912 3114 979 3157 ubi
1006 3115 1229 3169 plurimum

1314 249 1431 290 stores
1456 248 1609 291 etenim
1626 280 1639 302 ,
1668 249 1713 291 ὃς
1738 251 1955 306 agricolae,
1974 255 2069 310 quia
2089 261 2183 304 urbe
2210 265 2351 310 absunt

1316 318 1480 359 propter
1511 304 1692 348 laborem
1727 309 1946 361 rusticum,
1979 329 2059 368 qu)
2091 331 2346 378 mererentur,

1313 363 1356 403 ὅ(
1387 361 1483 417 quia
1518 362 1624 416 spem
1670 364 1798 408 ximus
1829 367 1986 410 ducunt
2017 387 2039 414 a
2073 389 2275 427 proventu
2305 398 2349 424 a·

1312 433 1480 473 grorum
1503 450 1521 472 -,
1552 419 1596 462 ὃς
1627 434 1822 474 pecorum
1850 456 1862 477 ,
1896 440 2023 482 neque
2067 429 2175 476 fame
2207 435 2254 477 ad
2287 437 2354 481 de-

1315 476 1587 530 sperationem
1617 491 1794 532 aguntur
1813 512 1826 534 ,
1861 497 1990 538 neque
2022 489 2114 532 ocio
2129 492 2350 539 conciones

1317 533 1580 587 frequentant
1602 564 1618 587 ,
1652 549 1780 591 neque
1812 538 2016 585 ducuntur
2055 545 2181 591 studio
2215 565 2352 598 rerum

1318 605 1520 632 novarum
1559 605 1568 631 τ
1632 591 1674 634 &
1732 592 1760 635 si
1802 595 1972 642 ducendi
2014 617 2134 646 erunt
2175 605 2220 650 in
2269 609 2352 653 bel-

1311 646 1395 689 lum
1414 678 1426 697 ‚
1446 659 1567 690 erunt
1592 647 1748 693 milites
1767 652 1985 698 validiores
2006 675 2015 700 :
2051 673 2190 716 utpote
2216 681 2348 722 parce,

1309 719 1354 746 ac
1378 704 1534 747 duriter
1564 704 1701 749 vivere
1726 708 1895 764 assueti,
1917 712 2049 770 frigus
2072 719 2115 761 &
2131 722 2265 766 aestum
2289 736 2351 768 to-

1312 760 1517 814 lerantes,
1559 778 1605 805 ac
1639 763 1708 805 sub
1738 764 1808 808 dio
1840 769 1966 813 noete
2007 789 2128 831 arque
2168 778 2346 827 >interdiu

1309 832 1550 861 manentes.
1584 821 1642 861 At
1674 820 1701 863 fi
1733 821 1780 865 de
1813 825 1930 869 rebus
1964 830 2014 872 iis
2040 846 2224 890 agatur«,
2257 854 2343 894 quae

1311 890 1395 917 non
1429 887 1514 918 tam
1546 877 1716 920 consilio
1737 911 1750 933 ,
1780 896 1904 936 quam
1938 887 2094 933 viribus
2126 896 2349 947 expediun-

1303 943 1397 985 tur,
1429 948 1484 976 eae
1527 932 1587 976 ita
1617 934 1864 982 deducentur
1906 943 1954 986 ad
1991 948 2305 996 multitudinem
2331 985 2345 1009 ‚

1307 1001 1350 1031 ut
1370 989 1440 1044 ipsi
1469 1005 1537 1044 per
1565 990 1599 1033 se
1624 991 1794 1038 statuisse
1825 997 2071 1058 videantur,
2104 1007 2210 1062 quod
2248 1010 2348 1055 viri-

1307 1047 1377 1088 bus
1412 1045 1666 1091 tolerandum
1688 1081 1700 1103 ,
1731 1064 1851 1108 atque
1885 1060 2029 1111 opibus
2065 1064 2118 1105 est
2150 1065 2344 1112 sustinen-

1302 1103 1402 1146 dum
1428 1104 1718 1150 -universorum
1736 1125 1751 1148 .·
1786 1126 1836 1153 ne
1865 1117 1960 1168 quid
1996 1119 2063 1161 fibi
2100 1121 2212 1176 supra
2238 1125 2343 1169 vires

1304 1159 1354 1201 ab
1395 1159 1492 1202 ‘aliis
1524 1161 1770 1216 impositum
1812 1184 2115 1226 conquerantur
2148 1211 2160 1231 ‚
2197 1183 2341 1236 qualia

1304 1216 1396 1259 sunt
1425 1217 1665 1273 vectigal-ia,
1700 1223 1879 1279 tributa,
1909 1246 2037 1286 *opera
2069 1236 2263 1292 publica,
2295 1241 2341 1284 ὃς

1302 1288 1427 1316 onera
1445 1286 1536 1317 tum
1560 1275 1724 1331 civilia,
1757 1292 1846 1324 tum
1871 1284 1914 1326 δε
1939 1289 2161 1347 militaria,
2192 1298 2338 1350 quibus

1304 1329 1560 1391 suscipiendis
1608 1334 1788 1379 auS’tores
1829 1340 1913 1383 fieri
1963 1362 2125 1401 oportet
2168 1351 2343 1405 plebeios

1304 1388 1584 1450 magistratus,
1617 1391 1664 1433 ad
1695 1407 1794 1448 quos
1815 1427 1826 1449 ‚
1879 1400 1936 1443 uti
1971 1403 2174 1460 diximus,
2209 1410 2340 1454 aditus

1297 1445 1508 1487 ‚nobilibus
1533 1447 1786 1504 obstruetur3
1819 1460 2008 1508 quamvis
2042 1464 2339 1519 magistratibus

1302 1500 1466 1555 plebejis
1479 1503 1648 1546 Senatus
1672 1508 1905 1557 consulendi
1920 1547 1939 1569 .‚
1970 1517 2013 1560 &
2039 1519 2247 1566 sententiae
2279 1525 2340 1568 di-

1298 1559 1436 1602 ·cendae
1472 1560 1584 1603 causa
1620 1564 1795 1609 minime
1828 1569 2046 1618 vclaudatur
2068 1610 2077 1620 .
2110 1580 2247 1635 Atque
2283 1582 2340 1627 ita

1304 1615 1415 1677 sicuti
1442 1618 1654 1662 Senatores
1679 1621 1852 1669 seorsum
1871 1645 1901 1671 a
1923 1630 2037 1685 plebe
2057 1666 2069 1687 ‚
2103 1635 2159 1678 ita
2184 1638 2226 1680 &
2255 1639 2340 1694 ple·

1304 1674 1379 1723 beji
1407 1673 1576 1717 seorsum
1602 1693 1624 1719 a
1655 1680 1915 1729 Senatoribus
1946 1703 2074 1733 certos
2100 1692 2166 1736 sibi
2201 1697 2342 1752 magi-

1302 1730 1442 1773 stratus
1482 1734 1698 1780 attributos
1737 1742 1999 1788 retinebunt:
2036 1763 2177 1803 praeter
2204 1755 2339 1809 magi-

1300 1788 1569 1851 stratusvalios
1591 1793 1634 1835 δε
1662 1795 1833 1842 honores
1863 1833 1875 1855 ,
1908 1819 1953 1846 ac
1982 1803 2224 1863 sacerdotia,
2245 1825 2335 1866 quae

1302 1848 1527 1900 promiicua
1563 1852 1635 1894 effe
1661 1869 1822 1908 oportet
1851 1859 2039 1916 plebeiis,
2064 1864 2106 1907 δε
2125 1865 2336 1912 Senatori-

1301 1905 1396 1946 bus.
1426 1907 1491 1948 Ac
1529 1922 1578 1950 ne
1602 1910 1698 1954 dum
1734 1915 1823 1969 quis
1848 1920 2084 1974 magistratu
2112 1921 2296 1979 fungitur
2322 1957 2336 1980 ,

1299 1976 1464 2006 movere
1477 1968 1579 2021 quid
1597 1969 1739 2013 audeat
1758 1987 1778 2014 e
1801 1975 1970 2028 publicis
1993 1978 2183 2023 institutis
2199 1983 2339 2034 ‚vim-

1298 2036 1374 2075 que
1403 2021 1472 2064 fibi
1488 2039 1623 2078 parare
1635 2028 2065 2079 aci-extraordinarium
2079 2038 2328 2094 imperium,

1299 2079 1470 2133 publicae
1516 2084 1879 2131 administrationis
1911 2092 2127 2137 'rationem
2163 2096 2335 2141 *reddere

1295 2150 1493 2192 cogentur
1522 2155 1666 2184 omnes
1684 2146 1926 2200 >magistratu
1952 2164 2146 2196 exeuntes
2168 2184 2184 2195 ν.
2219 2155 2336 2198 Nam

1293 2196 1335 2238 &
1374 2197 1583 2242 mitissima
1627 2202 1862 2259 optimaque
1895 2206 2063 2262 ingenia
2090 2223 2332 2264 pervertun-

1292 2265 1382 2308 tur,
1414 2255 1487 2297 nisi
1523 2259 1573 2299 ab
1615 2260 1786 2302 arbitrio
1814 2264 1985 2316 pendere
2024 2268 2330 2322 compellantur

1291 2311 1648 2369 alien0331ioquin
1671 2316 1857 2362 homines
1873 2322 1976 2365 nae‘ti
1994 2322 2196 2368 summam
2224 2340 2336 2382 pote-

1294 2370 1434 2412 statem
1460 2403 1472 2424 ,
1495 2373 1690 2416 abstinere
1716 2376 1943 2431 nequibunt
1976 2381 2024 2422 ab
2057 2382 2211 2431 injuriis
2233 2416 2244 2436 ,
2272 2398 2335 2428 at·

1293 2442 1370 2481 que
1415 2427 1456 2469 in
1505 2430 1644 2473 odium
1695 2432 1916 2478 devenient
1960 2430 2232 2491 plurimorum
2267 2473 2277 2489 ,
2309 2458 2338 2484 a0

1292 2484 1438 2538 quibus
1481 2498 1524 2527 ut
1556 2502 1759 2540 caveant,
1792 2492 1923 2534 velint
1957 2495 2130 2548 nolint,
2165 2501 2333 2541 necessi-

1290 2553 1374 2583 tate
1415 2541 1554 2585 sal-tem
1601 2545 1656 2587 sui
1703 2549 1916 2592 muniendi
1965 2551 2013 2593 ad
2060 2555 2332 2608 appetendam

1292 2599 1554 2650 tyrannidem
1580 2602 1854 2648 adducentur.
1887 2609 2081 2661 Optimus
2101 2623 2238 2654 autem
2264 2612 2330 2656 hic

1293 2656 1525 2710 reipublicae
1556 2657 1699 2713 status,
1730 2677 1852 2716 quem
1879 2664 2185 2722 descripsimus,
2222 2670 2333 2721 cujus

1256 2746 1259 2747 ν
1290 2728 1422 2767 cives,
1452 2730 1581 2770 neque
1602 2719 1795 2772 propriae,
1829 2735 1963 2778 >neque
2000 2723 2143 2768 aiienae
2180 2729 2334 2782 cupidi--

1290 2770 1393 2824 tati,
1426 2772 1485 2815 sed
1513 2785 1674 2817 tanturn
1708 2775 1890 2832 legibus,
1923 2795 2070 2836 nempe
2101 2784 2247 2827 rationi
2272 2786 2334 2827 di·-

1290 2843 1400 2870 Vinae
1421 2843 1591 2883 parent,
1625 2834 1775 2886 partim
1808 2851 1857 2878 ex
1878 2839 2128 2892 optimatum
2166 2843 2336 2897 regimi-

1287 2900 1337 2928 ne
1366 2887 1521 2941 trahit,
1545 2890 1695 2942 partim
1723 2907 1771 2934 ex
1792 2892 2077 2939 dominatione
2103 2898 2257 2953 pleb133
2284 2901 2328 2942 in

1286 2942 1400 2993 cujus
1451 2945 1647 2989 effrenam
1686 2950 1923 3003 potestatem
1973 2955 2147 2998 omnino
2177 2957 2335 3000 dilabe-

1288 3011 1383 3053 tur,
1416 3003 1577 3056 quando
1610 3008 1804 3060 temperie
1840 3009 1906 3051 ista
1934 3011 2191 3066 perturbata,
2224 3013 2330 3069 leges

1291 3057 1357 3100 sub
1390 3058 1612 3114 imperium
1645 3062 1803 3106 furiosae
1834 3066 2112 3111 multitudinis
2145 3072 2330 3126 redigen-

1286 3126 1350 3157 tur
1380 3131 1390 3157 z
1443 3132 1529 3174 quae
1574 3118 1722 3176 nimio‘
1752 3121 1940 3175 desiderio
1991 3124 2192 3170 libertatis
2223 3128 2331 3225 dedei-

1821 3180 1898 3235 Gg
1962 3194 1983 3222 2
2288 3195 2329 3227 et
