2596 3479
287 92 400 146 314

954 81 1095 132 DE
1176 79 1763 149 LEotssUS,

290 155 457 195 Μωιιιε
489 149 615 196 etiam
644 167 689 197 ea
726 153 1019 199 constitutione
1046 169 1140 198 cum
1181 155 1333 198 marito
1386 154 1517 211 legem
1538 155 1690 207 Juliam
1723 158 1765 200 &
1793 156 1959 211 Papiam
1988 187 1999 210 ‚
2033 159 2080 201 ad
2118 174 2239 215 quam
2266 178 2286 205 a
2309 164 2427 214 Jaco-

294 225 459 266 agutur,
490 211 588 254 dum
616 212 771 255 accusat
792 212 877 263 jure
899 212 1068 265 mariti;
1101 224 1189 255 tum
1217 213 1330 256 enim
1386 215 1435 256 bo
1461 213 1720 258 Gothofredo
1743 213 1938 266 refertur,
1974 215 2045 258 nisi
2074 216 2178 260 idern
2205 219 2249 261 in
2277 221 2423 265 utrius-

289 284 376 311 non
411 270 574 323 cogitur
618 270 837 313 inscribere
867 271 907 312 in
943 270 1127 312 crimen:
1165 271 1332 327 ideoque

288 328 317 370 fi
342 328 641 372 accusationem
673 343 756 370 non
779 327 950 382 probet,
984 326 1204 370 calumniae
1229 327 1333 379 judi-

292 385 404 430 cium
433 401 515 429 non
547 385 717 438 subibit,
751 384 856 428 unde
882 386 946 428 vel
971 400 1020 428 ex
1050 384 1127 428 sola
1147 385 1332 440 suspicio-

293 458 347 487 ne
375 444 422 487 ad
448 441 718 487 accusandum
750 442 788 485 ei
812 442 1046 486 descendere
1077 442 1242 495 licebit3
1276 443 1330 488 se-

291 516 361 545 cus
390 517 486 544 vero
516 500 542 543 si
575 498 660 550 iure
689 499 849 544 accuset
877 499 1089 553 extranei,
1121 516 1244 555 quam
1275 501 1329 544 le-

290 559 353 615 gis
378 557 703 614 benignitatem,
724 570 856 601 ortam
883 574 931 602 ex
962 557 1221 601 miseratione
1243 575 1327 602 ma—

285 615 419 660 ritalis
441 614 621 668 doloris,
654 615 831 658 minime
863 616 910 658 ad
945 627 1101 669 patrem
1136 616 1330 660 extende-

283 673 364 716 rim
397 705 410 727 ,
443 673 509 717 cui
542 673 681 716 minor
713 671 864 724 injuria
900 672 1165 715 offensionem
1220 672 1328 730 parit

284 730 492 774 minorem
527 746 536 771 z
573 730 663 773 ideo
709 743 878 786 cogetur
913 730 1127 773 inscribere
1164 731 1206 772 in
1246 730 1325 774 cri-

281 804 408 841 men,
440 800 483 831 ut
515 787 540 830 si
567 787 713 831 falsum
741 787 920 830 detulisse
957 799 1178 842 arguatur,
1212 787 1323 832 calu-

281 847 409 889 mniae
450 846 668 889 damnetur
689 877 698 886 .
731 845 794 898 (a)
827 847 882 887 Et
914 844 1111 899 quoniam
1144 844 1323 889 crimina

279 901 368 947 haec
394 903 613 958 parietibus
643 902 947 946 concluduntur
973 901 1226 956 tenebrisque
1262 915 1322 946 te-

282 974 466 1017 guntur,
500 973 543 1003 ut
580 959 736 1014 probari
770 971 1000 1013 nequeant,
1033 959 1109 1001 nisi
1143 975 1211 1014 per
1247 959 1321 1003 ser-

283 1033 356 1061 vos
381 1018 424 1060 δι
456 1016 676 1061 familiares
709 1016 928 1060 efferantur
949 1048 961 1070 ,
993 1029 1133 1069 utpote
1167 1015 1347 1060 sceleris«

282 1075 468 1118 conscios
492 1075 534 1118 δε
562 1090 645 1117 non
671 1090 757 1117 raro
771 1073 996 1127 adjutores3
1028 1074 1117 1117 ideo
1138 1073 1202 1117 lex
1215 1090 1322 1130 quae-

281 1132 401 1175 stioni
429 1132 724 1188 tormentisque
747 1130 910 1183 subjecit
933 1132 1061 1175 servos
1080 1130 1123 1174 &
1149 1132 1323 1175 ancillas

280 1201 371 1233 tum
398 1190 535 1234 uxoris
551 1222 562 1243 ,
595 1203 687 1234 turn
709 1190 832 1245 patris
851 1187 969 1242 ejus,-
991 1201 1081 1231 tum
1110 1188 1236 1232 etiam
1259 1190 1317 1232 vi-

279 1248 313 1290 ri
342 1247 456 1290 simul
489 1247 748 1291 viventium.
782 1249 913 1291 Et‘ne
940 1246 1043 1305 datis
1070 1245 1322 1290 libertatibus

276 1303 433 1355 judicio
467 1305 736 1348 subducantur
762 1336 774 1358 ,
808 1304 940 1347 vetuit
987 1303 1049 1346 lex
1084 1302 1320 1357 mulierem,

275 1362 343 1405 vel
371 1361 495 1416 ipsius
514 1362 677 1406 heredes
702 1377 770 1416 per
798 1360 1004 1414 sexaginta
1030 1360 1111 1402 dies
1131 1377 1152 1402 a
1172 1362 1313 1404 matri-

274 1420 422 1463 monio
446 1418 634 1463 dissoluto
655 1434 721 1463 eos
753 1417 1078 1461 manumittere:
1113 1419 1175 1469 (b)
1201 1418 1224 1460 si
1252 1434 1320 1462 ve-

274 1492 323 1520 ro
351 1477 534 1532 cognitio
561 1475 748 1521 criminis
766 1476 914 1519 diutius
932 1474 1119 1517 trahatur
1140 1506 1149 1527 ,
1171 1489 1316 1519 manu-
1339 1519 1345 1536 ¹

276 1534 487 1577 missiones
516 1535 642 1577 etiam
677 1532 967 1588 protrahendas
988 1531 1141 1574 censuit
1167 1532 1313 1587 Ulpia-

272 1607 376 1645 nus,
411 1607 460 1634 ne
480 1591 668 1634 criminis
700 1591 958 1645 probationes
988 1588 1107 1640 judici
1141 1589 1318 1644 eripian-

272 1662 340 1692 tur
369 1680 378 1690 .
424 1650 482 1701 (c)
516 1648 730 1691 Adimitur
760 1660 897 1691 autern
932 1646 1154 1690 testimonii
1192 1647 1319 1690 ditstio

271 1719 365 1749 tum
391 1705 579 1749 foeminis
598 1737 611 1760 ,
646 1718 734 1748 turn
762 1705 940 1748 maribus
961 1704 1134 1747 crimine
1161 1704 1342 1749 adulte-‘2

1383 285 1459 327 que
1489 270 1639 326 legibus
1671 272 2011 327 comprehensum
2049 273 2196 317 suerit.
2229 279 2346 332 Quod
2373 279 2422 323 ad

1385 328 1655 382 provinciales
1681 330 1805 373 etiam
1835 329 1980 374 fundos
2007 331 2135 386 possea
2165 332 2242 375 fuit
2262 351 2283 377 a
2304 336 2424 386 Justi-

1384 386 1508 428 niano
1535 387 1788 441 porrefiium:
1823 389 1886 444 (g)
1919 404 2015 432 nam
2042 389 2084 432 ὃ(
2115 389 2332 434 discrimen
2360 408 2420 437 re-

1386 459 1476 485 rum
1511 443 1694 499 mancipi
1736 444 1778 488 ὅ(
1808 460 1891 488 non
1927 446 2107 501 mancipi
2140 479 2152 500 ‚
2183 464 2264 503 quo
2303 450 2420 493 Itali-

1381 516 1435 543 cae
1469 516 1528 543 res
1565 501 1940 557 &provincialibus
1969 503 2351 561 distinguebantur,
2385 508 2420 551 i·

1379 558 1472 601 dem
1508 560 1738 614 Imperator
1768 559 1896 603 etiam
1931 560 2106 605 sustulit:
2141 561 2310 619 ideoque
2360 580 2422 608 re-

1378 615 1439 659 ἃς
1464 616 1512 658 ad
1540 616 1812 671 provinciales
1837 617 2010 671 fundos,
2041 618 2110 674 qui
2131 618 2213 670 jam
2239 620 2344 664 nihil
2369 623 2419 665 ab

1385 672 1540 716 Italicis
1571 673 1790 728 differunt,
1823 674 1923 730 legis
1947 675 2066 726 Juliae
2089 689 2211 731 caput
2233 679 2419 722 extendi-

1376 742 1441 773 tur
1476 746 1488 784 ;
1521 731 1750 788 addiditque
1783 731 1945 786 insuper
1971 732 2221 782 justinianus
2246 765 2258 784 ,
2292 747 2335 777 ut
2369 751 2419 780 ne

1375 788 1663 832 consentiente
1696 788 1859 844 quidem
1889 803 2015 831 uxore
2048 789 2172 843 posset
2202 805 2298 833 curn
2325 791 2420 835 fun-

1373 844 1470 888 dum
1505 846 1566 888 vir
1598 845 1801 889 alienare:
1836 861 1929 888 cum
1969 844 2031 890 lex
2065 844 2172 897 Julia
2201 847 2422 904 obligatio-

1375 916 1470 944 nem
1493 902 1656 958 quidem
1691 902 1806 945 fundi
1833 901 1980 945 dotalis
2011 903 2137 945 etiam
2168 919 2295 948 uxore
2321 921 2422 949 con-

1376 958 1571 1003 sentiente
1604 959 1818 1013 vetuiffet‚
1852 974 1935 1002 non
1959 975 2055 1002 vero
2075 960 2214 1003 eadem
2247 963 2419 1006 consen-

1373 1017 1502 1060 tiente
1534 1016 1838 1060 alienationem
1858 1047 1870 1066 ,
1904 1017 1969 1060 cui
1993 1017 2208 1060 difficulter
2228 1019 2418 1064 mulieres

1370 1074 1422 1115 ob
1451 1075 1562 1117 sexus
1590 1074 1806 1119 avaritiam
1832 1074 2064 1138 consentire
2086 1086 2307 1130 putantur,
2339 1093 2416 1120 un·-

1343 1132 1346 1143 “
1370 1130 1416 1173 de
1447 1147 1525 1187 qua
1551 1130 1596 1174 in
1630 1146 1671 1175 re
1702 1131 1815 1175 cavit
1841 1131 1898 1175 eis
1925 1147 2087 1188 propria
2120 1145 2266 1176 natura
2284 1165 2296 1187 ,
2331 1149 2417 1178 non

1369 1204 1470 1244 opus
1493 1188 1623 1232 fuerat
1647 1188 1839 1233 cautione
1860 1189 2006 1234 civili.
2036 1189 2123 1243 (h)

1438 1269 1442 1272 ’
1480 1303 1522 1346 c
1581 1305 1622 1346 A
1683 1303 1714 1346 t>
1773 1300 1823 1343 U
1877 1305 1921 1346 T
2040 1304 2314 1348 Lxxxvn.

1742 1418 1810 1460 De
1839 1418 1982 1474 Stupro
2009 1449 2019 1461 .

1469 1531 1605 1574 Unito
1637 1529 1718 1582 iam
1745 1530 1945 1575 adulterio
1970 1532 2019 1575 ad
2043 1530 2164 1587 stupri
2197 1531 2413 1578 coercitio-0

1485 1603 1581 1631 nem
1615 1588 1892 1641 transeamus;
1927 1604 1972 1632 ac
2004 1589 2139 1644 primo
2167 1590 2406 1634 memineri-

1340 1645 1342 1649 ’
1367 1661 1483 1698 mus,
1515 1645 1620 1700 quod
1644 1644 1766 1688 initio
1795 1645 2101 1701 proposuimus,
2131 1645 2324 1690 omniurn
2359 1647 2413 1690 li-

1366 1702 1554 1745 bidinum
1581 1717 1729 1757 genera
1752 1701 1796 1744 in
1821 1701 1898 1746 hoc
1923 1703 2168 1746 vocabulum
2208 1703 2411 1747 conveni·

270 1762 321 1807 rii
371 1763 578 1807 damnatis
612 1794 622 1803 .
653 1763 716 1816 [d]
753 1764 816 1807 Ae
847 1760 1205 1805 Senatusconsulto
1237 1754 1343 1805 fuit*
1367 1775 1431 1803 re:
1467 1760 1728 1815 stuprumque
1750 1757 1996 1814 generaliter
2023 1760 2224 1816 pertinere
2251 1762 2299 1803 ad
2326 1761 2415 1804 vir«

272 1820 538 1865 constitutum
558 1852 570 1874 ,
603 1832 646 1863 ut
674 1821 824 1863 Praetor
853 1834 1013 1876 quoque
1044 1818 1087 1863 in
1110 1818 1188 1862 hoc
1212 1818 1314 1870 judi·
1363 1817 1503 1872 ginem
1521 1849 1532 1869 ,
1554 1816 1718 1861 viduam
1741 1816 2040 1871 honestam&
2071 1832 2214 1873 pueros
2234 1815 2409 1861 liberos:

272 1877 338 1921 cio
372 1910 386 1932 ,
419 1877 444 1921 fi
478 1877 600 1922 fuerit
631 1877 814 1921 conscius
841 1909 853 1930 ,
885 1876 1167 1920 testimonium
1199 1877 1315 1921 edere
1363 1890 1386 1917 a
1414 1874 1557 1929 quibus
1583 1873 1722 1926 multo⁴
1743 1886 1840 1917 ante
1869 1874 2004 1929 legem
2030 1873 2185 1926 Juliam
2216 1873 2410 1918 homines

271 1935 438 1979 debeat.
472 1937 530 1987 (e)
566 1934 759 1991 figuram
785 1950 945 1990 quoque
967 1933 1134 1976 divortii
1159 1932 1314 1977 facien·
1364 1943 1452 1974 turri
1492 1931 1670 1975 Athenis
1700 1964 1711 1986 ,

272 1993 310 2036 di
340 1992 424 2036 haec
457 1993 595 2035 eadem
631 1993 694 2035 lex
719 1991 944 2047 descripsit.
979 1990 1149 2034 Etenim
1178 2003 1221 2034 ut
1245 1991 1314 2035 ad-
1362 1989 1685 2032 absterrebantur
1719 2021 1728 2032 .

267 2049 402 2105 speffiu
433 2049 592 2093 testium
616 2049 743 2105 pudor
763 2048 1006 2104 conjugibus
1020 2049 1313 2103 offunderetur,

268 2106 482 2163 minusque
528 2105 760 2164 frequenter
803 2105 1074 2150 matrimonia
1121 2106 1315 2149 distrahe-

269 2177 434 2218 rentur,
467 2163 571 2214 jussit
605 2196 620 2217 ,
654 2163 712 2208 uti
744 2164 934 2220 deinceps
961 2162 1140 2207 divortia
1171 2179 1311 2207 coram

268 2223 375 2264 VII.
401 2220 563 2264 testibus
585 2220 748 2265 civibus
774 2220 975 2264 Romanis
1001 2219 1216 2276 puberibus
1241 2221 1312 2264 fie-

268 2291 390 2329 rent,
424 2277 581 2320 libertis
605 2278 799 2323 exclusis,
831 2276 915 2331 (f)
949 2279 1072 2321 Hanc
1103 2277 1151 2320 ad
1179 2276 1312 2332 legem

268 2337 327 2386 (²⁸¹)
359 2334 639 2387 Iurisconsulti
685 2347 880 2379 revocant
910 2346 1031 2390 caput
1075 2333 1176 2377 illud
1209 2335 1311 2390 legis

270 2392 417 2445 Juliae,
449 2406 538 2447 quae
567 2393 615 2435 de
641 2390 769 2445 fundo
798 2392 925 2436 dotali
947 2391 1210 2446 appellatur,
1232 2408 1310 2448 qua

267 2449 405 2494 Italici
442 2449 558 2492 fundi
590 2449 788 2493 alienatio
817 2450 860 2492 in
887 2448 1026 2492 dotem
1058 2449 1142 2492 dati
1171 2450 1305 2504 prohi—

267 2508 382 2552 betur
411 2537 424 2560 ‚
465 2505 513 2551 de
545 2522 626 2563 quo
678 2506 902 2564 scripsimus
941 2506 1068 2551 etiam
1115 2506 1231 2562 supra
1261 2507 1310 2550 ad

1095 2641 1303 2653 ..ιι-μ..-

309 2676 362 2716 (a)
388 2678 485 2714 L.30.
504 2676 543 2721 ff.
559 2677 625 2708 eod.

306 2720 366 2762 (b)
392 2724 464 2759 L.3.
484 2725 519 2753 C.
539 2722 602 2752 eod.
624 2718 681 2751 ubi
694 2719 808 2758 cujac.

299 2767 353 2811 ι(τ)
377 2767 455 2799 vide
479 2764 590 2803 Cuiac.
607 2766 648 2797 ad
661 2767 723 2808 leg.
742 2776 772 2804 3.
798 2767 838 2796 C.
875 2766 942 2803 eod.
968 2764 1007 2798 (9‘
1035 2765 1240 2808 improspexh
1265 2763 1304 2808 ff.

261 2812 318 2854 qui
331 2810 369 2842 Θ·
382 2823 403 2843 a
418 2810 531 2854 quibus
547 2833 555 2842 .

303 2856 363 2898 (d)
390 2859 427 2888 L.
443 2857 500 2899 qm*
526 2852 714 2895 testamento
733 2856 764 2897 §.
785 2853 954 2899 mulierff.
971 2854 1010 2888 de
1027 2851 1150 2894 restam.
1166 2864 1201 2886 ex
1216 2852 1302 2898 taff.

258 2902 295 2936 de
309 2900 439 2943 ustibus
452 2923 464 2940 ,
489 2904 552 2942 leg.
580 2910 628 2937 14.
643 2901 714 2939 scio
726 2898 764 2943 ff.
780 2900 846 2931 cod.

313 2948 362 2987 (e)
387 2950 425 2980 L.
447 2943 553 2992 2¹·ff·
569 2946 607 2978 de
622 2943 690 2985 teli.
710 2946 738 2986 §.
761 2954 788 2976 ι.
808 2944 898 2976 Βιὶίῖ,
914 2944 958 2976 ad
984 2945 1064 2976 hanc
1089 2945 1152 2986 leg.
1169 2951 1236 2987 cap.
1264 2944 1301 2978 de

263 2992 368 3025 adult.
384 2993 531 3024 damnas.

303 3037 362 3079 (f)
389 3040 425 3069 L.
442 3040 535 3069 unica
555 3036 589 3068 in
599 3034 667 3077 fine
680 3032 720 3079 ff.
739 3034 822 3067 unde
838 3034 892 3066 νίν
905 3031 944 3065 (9·
960 3044 1043 3066 uxor.
1053 3035 1244 3076 leg.nullum
1255 3033 1298 3079 ff.

260 3081 297 3113 de
310 3083 432 3114 divort.
452 3082 540 3114 Briff.
558 3082 599 3113 ad
616 3082 634 3113 h
667 3082 688 3112 Ι.
712 3089 735 3112 e.
757 3080 794 3112 de
808 3080 929 3112 divort.
947 3090 978 3119 7.

304 3127 383 3170 ι’)
409 3127 471 3162 Cui
498 3125 533 3169 id
557 3125 674 3161 diserte
699 3135 826 3170 quoque
865 3131 1041 3167 acceptum
1066 3121 1131 3157 sert
1158 3123 1297 3157 Paullus

1754 1947 1849 1974 cum
1889 1933 2026 1974 Roma
2065 1931 2208 1975 severis
2251 1930 2406 1982 legibus

1771 1989 1873 2041 Quae
1931 1987 2073 2032 omnia
2116 1987 2409 2046 complestitur

1362 2045 1565 2090 Com-icus
1595 2045 1642 2089 in
1675 2047 1914 2091 Curculione
1947 2045 2011 2089 his
2042 2045 2247 2089 versibus:

1359 2134 1524 2177 Dumne
1555 2143 1627 2188 per
1652 2131 1828 2186 fundum
1852 2130 2010 2188 septum
2026 2130 2162 2186 facias
2178 2131 2366 2185 semitam
2386 2161 2401 2186 ‚

1360 2191 1473 2233 Dum
1498 2202 1533 2232 te
1557 2188 1755 2244 abstineas
1789 2200 1912 2244 nupta
1939 2190 2067 2233 vidua
2099 2190 2258 2246 virgine

1351 2248 1382 2300 J
1385 2258 1573 2290 uventute
1596 2246 1653 2290 (9⁴
1678 2248 1816 2303 pueris
1846 2247 1983 2290 liberis
2004 2278 2016 2300 ,
2037 2263 2131 2289 ama
2153 2245 2260 2301 quod
2282 2246 2401 2288 lubet.

1358 2332 1556 2376 Crimina
1606 2331 1731 2388 igitur
1773 2331 1856 2375 haec
1905 2330 2094 2375 universa
2124 2330 2399 2385 comprehen-

1357 2390 1508 2433 duntur
1554 2389 1640 2443 lege
1684 2388 1795 2440 Julia
1844 2388 1892 2431 de
1924 2387 2130 2432 adulteriis
2160 2387 2203 2429 &
2237 2387 2404 2443 stupro⁴

1359 2449 1520 2491 Verum
1553 2458 1718 2502 propter
1747 2445 2052 2489 distinffionem
2073 2444 2288 2498 criminis,
2322 2460 2397 2487 no-

1357 2520 1456 2549 men
1487 2504 1613 2560 stupri
1644 2503 1816 2547 striffius
1840 2534 1852 2556 ,
1885 2503 1926 2546 &
1960 2502 2036 2547 hac
2069 2502 2238 2559 propria
2268 2504 2312 2544 in
2332 2502 2398 2602 “sii-

2268 2573 2339 2613 gni
2377 2584 2394 2592 -

1357 2639 1567 2649 -—
1577 2637 1885 2647 ————-——-—-
1896 2636 2052 2647 .-—.
2059 2636 2166 2646 ———

1354 2675 1448 2705 sem,
1467 2674 1489 2705 1.
1511 2674 1554 2708 Il.
1572 2672 1625 2703 tit.
1645 2682 1697 2703 21.
1715 2673 1756 2702 Β.
1775 2672 1803 2714 §.
1821 2681 1852 2702 2.
1869 2681 1935 2713 quo
1959 2679 2155 2713 argumento
2192 2676 2301 2700 motus
2325 2671 2394 2701 Go-

1355 2715 1526 2751 thofredus
1552 2739 1563 2755 ,
1587 2716 1784 2749 sententiam
1813 2716 1956 2757 priorem
1998 2715 2062 2757 ipse
2087 2713 2270 2746 deseruerat
2287 2733 2297 2750 ‚
2325 2709 2390 2744 suf·

1353 2762 1499 2805 fragante
1526 2761 1725 2794 Heinneccio
1750 2759 1789 2791 ad
1815 2763 1918 2802 legem
1946 2761 2085 2802 Papiam
2111 2765 2141 2798 p.
2173 2766 2249 2795 324.
2276 2756 2327 2788 cui
2353 2755 2387 2788 id

1353 2807 1489 2841 minime
1515 2805 1688 2838 verisimile
1714 2804 1867 2843 videtur,
1893 2803 1980 2846 quod
2019 2814 2038 2834 ι
2073 2799 2279 2835 Gothofredo
2304 2800 2388 2834 olim

1353 2854 1382 2885 δε
1408 2851 1461 2885 hic
1485 2862 1502 2883 a
1527 2850 1674 2883 Gravina
1698 2849 1846 2886 dicimr,
1873 2848 1960 2881 idem
1984 2855 2080 2890 caput
2105 2845 2270 2888 utriufique
2299 2844 2382 2888 legis

1350 2897 1479 2931 ambitu
1503 2894 1772 2938 comprehensum
1799 2892 1885 2925 fuisse
1901 2915 1909 2923 .

1436 2941 1454 2980 )
1481 2951 1548 2973 toto
1565 2942 1618 2973 tit.
1632 2938 1670 2983 ff
1685 2940 1722 2970 de
1733 2938 1836 2980 fundo
1850 2938 1916 2969 dor.
1934 2935 2024 2969 Briff.
2054 2945 2080 2969 e.
2107 2934 2215 2968 dotale
2231 2934 2388 2975 predium

1351 2989 1412 3021 ult.
1426 2987 1457 3019 d.
1476 2985 1533 3018 tib.
1551 2985 1593 3016 ad
1608 2986 1630 3016 Ι.
1641 2985 1720 3025 Jul.
1735 2984 1772 3014 de
1785 2983 1891 3014 adult.

1391 3031 1451 3072 (h)
1477 3034 1515 3063 L.
1532 3031 1592 3062 ult·
1613 3031 1640 3071 §.
1669 3028 1707 3059 (²5
1731 3039 1800 3059 eura
1814 3029 1864 3060 lex
1879 3029 1911 3057 C.
1929 3026 1966 3057 Ae
1988 3024 2036 3057 reu*
2059 3034 2144 3059 uxor.
2176 3022 2236 3057 αθ.
2264 3020 2380 3064 Iastia.

1347 3076 1434 3122 quib.
1452 3077 1547 3110 alien.
1566 3075 1643 3108 lim
1657 3075 1691 3107 in
1704 3075 1804 3116 princ.
1821 3070 1878 3106 ubl
1896 3070 1993 3104 Vina.
