2596 3479
607 89 753 144 ET
847 80 1924 143 XII.TABULARUM..'
2260 97 2360 139 121

222 172 329 217 done
360 172 539 223 repetere
563 180 574 207 t
622 180 673 209 ne
696 162 939 209 cuneiorum
965 175 1060 217 opes
1095 192 1109 216 ‚
1138 161 1182 206 ὃς
1213 163 1265 206 sa·
1319 162 1380 205 sed
1405 161 1526 205 modo
1549 158 1720 203 adversis
1742 156 1962 202 contra&ae
1992 186 2004 210 ‚
2050 157 2172 202 modo
2204 157 2363 204 inflatae

225 230 317 278 lus,
352 240 574 280 paucorum
601 235 669 266 aut
693 221 813 265 unius
837 219 1127 274 cupiditatibus
1155 251 1166 274 ‚
1200 221 1262 264 vel
1322 220 1523 271 secundis,
1555 219 1597 261 δι
1623 216 1778 269 jactatae
1806 215 2038 272 frequenter
2064 217 2232 260 incertis
2254 249 2266 272 ‚
2304 233 2364 262 res

223 283 465 328 libidinibus
490 282 734 325 devoveatur
751 309 760 319 .
784 278 956 320 Etenim
983 292 1042 320 res
1065 278 1118 321 est
1136 278 1242 321 sacro
1320 277 1387 320 fibi
1435 274 1623 326 subjectas
1660 275 1744 330 pari
1773 276 1906 318 secum
1931 273 2159 329 agitatione
2207 292 2253 320 ac
2278 292 2371 319 mo-

223 340 361 385 sim-&a
391 340 582 392 libertas,
613 338 656 380 &
692 336 822 379 divini
847 334 942 385 juris
968 352 977 376 ε
1013 335 1163 391 quippe
1189 335 1245 379 hu
1319 349 1359 379 tu
1385 349 1577 391 perpetuo
1602 333 1762 377 versant
1789 363 1800 375 .

219 413 354 444 manae
379 413 402 441 a
431 401 519 441 Deo
545 394 759 450 implicata
786 405 959 435 naturae:
996 404 1039 434 ut
1065 408 1155 435 eam
1172 407 1242 436 ten
1506 447 1550 490 C
1608 448 1651 491 A
1714 448 1744 490 P
1802 448 1848 490 U
1907 449 1951 491 Τ
2068 448 2111 491 X

222 468 307 500 tare
338 453 461 498 scelus
486 453 558 504 fit,
587 453 767 506 'impium
793 449 1120 502 circumvenire,
1140 467 1257 494 occu-

219 529 315 570 pare
344 511 545 556 nefarium
569 541 577 551 .
612 510 666 551 Et
693 524 835 550 contra
861 539 873 561 ,
907 506 1078 561 publica:
1103 508 1258 551 utilita-
1575 535 1643 578 De
1674 534 1844 577 motibus
1873 533 2090 579 civilibus·

224 584 275 613 tis
302 568 413 613 causa
435 600 446 618 ,
480 567 538 619 jus
567 566 620 609 est
645 565 895 620 principibus
924 595 936 617 ‚
971 577 1089 619 atque
1116 577 1257 619 poten-

225 627 394 671 tioribus
424 626 566 681 legum
593 623 680 665 vim
705 622 829 665 armis
858 622 902 664 &
933 621 1174 665 auctoritate
1198 638 1256 666 re-
1430 619 1587 664 Nimus
1626 620 1827 665 nimirum
1861 621 2067 666 humanus
2090 623 2310 679 cupiditate
2341 656 2354 682 9

218 685 381 727 {timere
409 715 420 735 ,
456 683 479 725 si
505 681 648 734 justam
676 680 906 723 libertatem
928 677 1101 722 effusion'
1126 679 1234 724 licen
1317 690 1345 721 L
1445 695 1491 722 ac
1520 679 1613 734 fuga
1641 691 1838 734 tanquam
1864 679 2086 723 calcaribus
2111 713 2123 733 ‚
2158 683 2200 726 δε
2229 683 2354 728 frenis

223 741 283 785 tia
308 740 534 785 multitudo
556 737 812 794 corruperit.
1312 734 1539 789 impellitur
1562 768 1576 790 ,
1609 736 1652 779 ὃς
1682 750 1919 780 coercetur.
1952 738 2237 788 Cupiditatem
2268 742 2352 798 spes

1309 794 1531 838 comitatur
1560 825 1573 847 ,
1604 794 1745 849 fugam
1772 795 1985 838 antevenit
2010 809 2144 840 metus
2166 814 2178 850 3
2209 811 2254 841 ut
2272 814 2352 842 uu-

393 855 437 898 C
495 855 535 897 A
596 853 627 895 P
687 854 730 895 U
790 853 835 895 T
939 851 1083 897 XIX.
1306 849 1353 892 de
1390 852 1552 895 animus
1590 864 1704 895 metu
1730 866 1812 894 non
1843 852 2067 895 reflectitur
2099 886 2110 907 ,
2161 870 2209 898 eo
2249 856 2346 911 spe,

475 940 542 984 De
573 937 813 993 conversione
844 954 970 982 rerum
989 970 999 981 .

1307 919 1425 962 atque
1457 909 1678 964 cupiditate
1703 910 1877 953 vehatur
1899 943 1910 961 ‚
1943 910 1969 952 si
1996 910 2091 966 quid
2121 911 2175 955 ibi
2204 912 2249 955 fit
2272 929 2346 968 ap-

1068 994 1072 998 ,
1304 966 1572 1019 petendorum
1601 998 1611 1008 .
1646 966 1769 1010 Porro
1794 966 1991 1022 cupiditas
2023 968 2219 1013 imminet
2247 983 2346 1016 ante

217 1025 483 1131 ETenim
527 1038 734 1082 utcunque
774 1025 824 1068 ab
859 1023 984 1067 initio
1023 1021 1254 1079 reipublicae
1304 1023 1426 1075 partis
1451 1055 1463 1077 ‚
1504 1023 1636 1080 quoad
1659 1035 1770 1067 certo
1796 1023 1882 1076 jure
1910 1037 2094 1068 caremus·
2121 1058 2133 1079 ,
2182 1039 2252 1070 aut
2280 1044 2345 1072 re-

342 1086 460 1128 status
478 1084 646 1139 ‚optime
673 1081 892 1135 fundetur3
926 1093 1090 1138 propter
1104 1080 1248 1145 humg-
1300 1092 1462 1125 centem
1489 1081 1673 1137 egestatis
1699 1082 1945 1125 memoriam
1962 1083 2278 1139 conservamus3
2299 1098 2342 1129 at

212 1142 258 1185 ni
286 1155 426 1185 tamen
453 1141 582 1185 animi
610 1138 915 1185 volubilitatem
946 1169 960 1193 ‚
995 1139 1251 1194 procedenti·
1299 1152 1394 1181 cum
1418 1154 1465 1181 ea
1489 1138 1605 1183 nobis
1629 1138 1969 1183 confirmavimus
2000 1172 2012 1194 ‚
2055 1153 2125 1185 aut
2155 1143 2339 1197 egestatis

216 1199 291 1243 bus
319 1198 568 1254 temporibus
591 1231 604 1251 ‚
651 1197 821 1241 vertitur
854 1212 868 1251 3
917 1209 961 1240 ut
986 1209 1055 1240 aut
1078 1211 1243 1251 pereun-

210 1255 311 1300 dum
337 1257 374 1300 ei
403 1256 450 1299 fit
482 1287 494 1309 ,
543 1268 612 1299 aut
636 1256 738 1298 sorte
769 1285 782 1308 ‚
825 1253 888 1297 vei
913 1253 1083 1296 consilio
1113 1252 1248 1295 alieno

211 1316 258 1357 ad
287 1314 567 1369 integritatem
593 1310 804 1366 pristinam
829 1310 1139 1353 revertendum.
1171 1309 1248 1352 Ci-

213 1371 314 1413 vilia
348 1370 502 1413 etenim
536 1381 700 1412 exemta
736 1381 820 1408 non
849 1366 940 1410 sunt
963 1382 984 1409 a
1008 1366 1245 1409 conditione

212 1439 351 1471 rerum
377 1424 654 1478 natura‘lium3
686 1439 774 1480 q—uae
798 1423 930 1467 secum
954 1438 1035 1467 una
1061 1438 1121 1466 res
1135 1439 1244 1466 crea-

211 1495 273 1528 tas
301 1484 400 1528 alias
432 1495 621 1540 perpetua
644 1481 918 1525 vicissitudine
943 1480 1119 1523 volvunt
1144 1497 1154 1522 ε
1188 1481 1244 1524 ita

207 1554 254 1585 ut
286 1544 329 1585 in
357 1557 499 1585 earum
533 1539 797 1584 conversione
827 1569 840 1592 ‚
892 1537 1005 1582 velut
1036 1538 1079 1581 in
1107 1537 1243 1581 tabula

206 1600 507 1643 volvendarum
532 1611 698 1641 aetatum
724 1628 736 1650 ,
773 1607 961 1640 motuum
987 1595 1112 1639 etiam
1137 1595 1240 1638 civi-

207 1655 315 1700 lium
340 1656 545 1700 rationem
570 1656 834 1698 intueamur:
880 1668 974 1697 cum
1008 1652 1078 1695 illa
1110 1653 1151 1696 vi
1182 1652 1242 1695 di-

207 1713 305 1757 vina
323 1745 334 1767 ‚
367 1729 454 1770 quae
474 1712 622 1768 ubique
647 1722 859 1767 penetrat,
878 1723 1014 1753 totum
1041 1710 1083 1753 &
1110 1722 1240 1765 partes

204 1769 419 1815 versentur
444 1771 487 1813 in
509 1771 652 1813 orbem
682 1801 694 1822 ,
742 1785 788 1812 ac
813 1778 929 1811 motu
952 1768 1130 1811 obeunte
1162 1767 1239 1810 cir-

206 1828 490 1872 cumferantur
516 1844 525 1868 :
577 1842 626 1870 ex
651 1842 732 1882 quo
755 1825 835 1869 alia
860 1826 1069 1868 intereunt
1095 1856 1108 1875 ‚
1156 1824 1238 1868 alia

204 1886 455 1939 nascuntur,
487 1885 645 1940 integra
672 1883 825 1936 semper
847 1896 1041 1926 manente
1067 1894 1234 1925 natura:

205 1944 272 1986 cui
300 1943 402 1987 nihil
437 1942 540 1997 perit
567 1945 725 1984 suarum
747 1939 1006 1984 dissolutione
1032 1939 1237 1994 partium,

202 2015 335 2055 neque
372 2000 470 2041 novi
503 1998 727 2054 quidquam
759 2013 958 2042 novarum
983 2008 1076 2039 ortu
1101 2011 1236 2039 rerum

201 2056 357 2100 accedit
380 2072 389 2097 τ
423 2055 517 2110 quia
543 2070 601 2098 res
633 2086 645 2108 ‚
690 2055 756 2098 vel
779 2071 800 2097 a
825 2053 1059 2109 primordiis
1084 2053 1134 2095 ab
1157 2053 1237 2095 ini-

201 2115 261 2156 tio
288 2114 332 2156 in
357 2125 501 2155 natura
524 2111 697 2155 conditis
712 2144 724 2164 ‚
745 2111 807 2155 vel
833 2126 854 2154 e
874 2111 1080 2154 ruderibus
1100 2125 1234 2154 rerum

199 2182 320 2213 antea
355 2169 637 2213 dissolutarum
667 2169 859 2212 oriuntur
888 2200 896 2210 .
946 2168 1071 2211 Unde
1100 2180 1235 2211 motus

198 2227 488 2271 circumfluens
506 2257 518 2279 ‚
550 2226 595 2269 ἃ
620 2242 753 2268 rerum
785 2225 1103 2268 immensitatem
1125 2257 1137 2279 ,
1168 2242 1231 2268 or-

199 2285 343 2339 besque
377 2284 558 2327 minores
592 2315 603 2336 ‚
646 2283 785 2326 divina
811 2296 1000 2338 certaque
1028 2283 1112 2337 lege
1144 2298 1232 2326 ver-

201 2343 289 2386 sans
353 2342 562 2396 postquam
587 2339 828 2383 circuitione
855 2340 919 2383 sua
947 2341 1090 2395 species
1113 2353 1226 2383 extu-

199 2398 321 2451 lerit,
353 2399 397 2440 &
420 2397 609 2441 excitarit
649 2397 888 2440 innumeras
919 2398 1110 2452 orbesque
1147 2398 1231 2440 suos

197 2456 413 2499 absolverit
450 2471 461 2495 t
514 2469 697 2497 remeans
723 2456 887 2498 tandem
914 2454 1056 2497 eodem
1083 2453 1230 2495 similes

191 2513 348 2557 reducit
375 2511 507 2554 vultus
533 2542 544 2563 ,
575 2527 825 2568 omnemque
850 2511 1151 2567 quodammodo
1173 2527 1228 2554 re-

194 2571 323 2626 plicat
351 2584 484 2611 rerum
519 2570 657 2612 seriem
685 2581 809 2625 *atque
830 2570 1035 2611 convertit.
1060 2599 1070 2609 .
1115 2569 1227 2610 Hinc

194 2643 312 2670 novae
339 2625 590 2669 intercidunt
615 2626 757 2669 formae
788 2658 800 2679 ‚
842 2642 889 2668 ac
914 2638 1097 2668 veterum
1125 2625 1224 2668 iim-

195 2686 312 2741 gines
338 2685 586 2727 reviviscunt
612 2701 621 2725 τ
657 2684 788 2727 fluunt
812 2683 953 2733 enim,
985 2683 1027 2726 &
1053 2682 1226 2726 refluunt

192 2757 338 2785 omnia
368 2772 381 2794 ‚
430 2741 560 2797 quoad
598 2741 690 2785 finis
728 2753 890 2796 appetat
924 2741 1038 2784 rebus
1062 2740 1182 2784 initio
1206 2757 1229 2783 a

195 2800 288 2842 Deo
322 2798 484 2852 optimo
508 2799 692 2842 maximo
718 2799 960 2842 constitutus
987 2830 996 2841 .
1048 2799 1132 2852 Qui
1157 2814 1224 2841 au-

196 2865 281 2898 tem
321 2855 463 2898 civilia
498 2871 593 2898 cum
633 2856 885 2900 naturalibus
915 2855 1188 2910 composuerit
1213 2889 1225 2909 ‚

196 2911 344 2953 sentiet
365 2942 377 2964 ,
409 2912 551 2955 omnia
575 2912 712 2957 iisdem
741 2914 799 2957 ire
823 2914 1036 2970 gradibus:
1069 2913 1223 2957 etenim

196 2967 418 3011 hominum
439 2969 570 3011 animi
591 2970 999 3030 rebusjmplicantur
1027 2970 1221 3015 externis:

194 3025 239 3068 &
264 3024 454 3067 humanae
477 3026 754 3071 affectionibus
773 3059 786 3081 ‚
817 3029 961 3085 quibus
990 3028 1132 3072 civilia
1152 3043 1221 3072 ne-

195 3081 307 3139 gotia
334 3079 602 3125 involvuntur
621 3114 634 3136 ,
666 3099 879 3140 nunquam
901 3085 1216 3144 conquiescunt:

299 3138 402 3192 szi
431 3139 621 3182 Gravinae
648 3143 766 3184 Tom.
783 3145 817 3186 Ι.

1300 1196 1546 1239 memoriam
1570 1196 1853 1251 deposuimus;
1883 1197 2098 1241 confestim
2121 1201 2250 1243 nostra
2265 1216 2339 1245 ne-

1295 1249 1492 1307 gligimus
1525 1283 1538 1306 ‚
1587 1253 1630 1295 &
1662 1267 1852 1308 appetere
1888 1254 2114 1308 incipimus
2156 1257 2289 1301 aliena
2325 1291 2336 1300 .

1295 1308 1408 1350 Hinc
1441 1308 1614 1355 iacentes
1639 1309 1682 1352 in
1708 1309 1827 1353 malis
1847 1341 1859 1363 ,
1891 1327 2035 1354 eorum
2059 1313 2338 1366 depulsionem

1294 1364 1338 1407 in
1365 1365 1483 1408 bonis
1505 1366 1722 1422 ponimus;
1744 1368 1813 1410 ubi
1838 1383 1858 1410 e
1885 1367 2005 1411 malis
2029 1370 2329 1426 emerserimuS,

1293 1422 1492 1466 continuo
1520 1423 1684 1475 majoris
1710 1425 1806 1467 boni
1837 1424 2026 1468 desiderio
2051 1438 2291 1483 torquemur
2319 1461 2332 1472 .

1293 1482 1387 1534 Quo
1414 1494 1530 1524 motu
1552 1481 1693 1526 civilia
1734 1513 1746 1535 ‚
1795 1481 1839 1524 ὃς
1876 1481 2057 1525 humana
2080 1485 2223 1528 omnia
2254 1487 2335 1529 cir«

1291 1537 1574 1583 cumferuntur
1598 1570 1607 1581 .
1641 1539 1723 1593 Qui
1748 1538 1863 1583 enim
1897 1538 2053 1596 legibus
2077 1573 2090 1594 ,
2122 1542 2165 1586 δε
2190 1543 2330 1587 homi-

1291 1594 1409 1638 nibus
1433 1609 1598 1651 parent,
1628 1595 1727 1639 dum
1756 1608 2019 1640 externarum
2052 1598 2326 1654 injuriarum,

1289 1665 1359 1696 aut
1382 1656 1611 1697 recentium
1638 1653 1883 1697 seditionum
1907 1656 2168 1699 recordantur
2200 1670 2210 1696 z
2259 1660 2326 1701 rii⁴

1290 1709 1348 1752 hil
1372 1711 1526 1754 ducunt
1567 1711 1701 1767 quiete
1733 1727 1779 1754 ac
1805 1711 2013 1756 securitate
2046 1712 2117 1757 illa
2143 1714 2324 1758 beatius:

1287 1767 1330 1810 δε
1354 1768 1424 1823 qui
1451 1783 1589 1812 recens
1613 1769 1666 1811 est
1690 1785 1710 1810 a
1739 1769 1896 1822 privato
1922 1770 2107 1826 princeps
2126 1802 2139 1825 ,
2173 1771 2227 1814 sat
2249 1773 2324 1816 ha-

1288 1825 1353 1868 bet
1387 1826 1531 1880 opibus
1601 1826 1644 1869 &
1678 1825 1904 1869 honoribus
1936 1828 2090 1871 anteire
2132 1829 2275 1872 ceteris
2307 1863 2317 1874 .

1285 1883 1400 1926 Hinc
1426 1883 1616 1927 homines
1640 1883 1705 1927 vel
1732 1884 1904 1939 pestibus
1925 1916 1937 1938 ,
1958 1885 2123 1929 diluviis
2143 1917 2155 1940 ‚
2175 1885 2325 1930 incen-

1285 1939 1435 1994 diisque
1462 1941 1682 1994 superstites
1718 1972 1730 1993 ‚
1773 1941 1836 1984 vel
1867 1942 2041 1997 dissipati
2063 1942 2157 1999 fuga
2189 1975 2201 1996 ‚
2252 1945 2318 1987 vel

1287 1996 1478 2040 seditione
1501 2028 1513 2049 ‚
1545 2014 1591 2040 ac
1617 1997 1724 2040 fame
1749 1996 1884 2048 jaetati
1902 2030 1915 2052 ,
1949 2000 1974 2041 si
1999 2016 2022 2042 a
2047 1999 2241 2053 fortiori,
2272 2002 2318 2044 ὃς

1285 2054 1532 2108 prudentiori
1558 2067 1755 2107 cogantur
1780 2055 1822 2097 in
1845 2056 2058 2100 civitatem
2074 2088 2086 2109 ,
2118 2057 2323 2112 tranquil-

1286 2111 1328 2153 lo
1363 2111 1463 2154 statu
1496 2111 1690 2154 fruuntur
1737 2112 1779 2154 ἃ
1830 2113 2014 2169 aequabili
2056 2113 2178 2167 jure3
2219 2130 2324 2169 quo-

1284 2168 1397 2211 niam
1443 2169 1640 2224 cupiditas
1676 2185 1813 2213 rerum
1851 2186 2052 2215 novarum
2094 2188 2116 2214 a
2153 2173 2316 2217 recenti

1284 2227 1484 2269 memoria
1528 2226 1732 2270 malorum
1768 2227 1998 2272 excluditur
2031 2261 2040 2271 .
2086 2230 2145 2272 At
2189 2230 2323 2285 proles

1284 2283 1479 2337 principis
1505 2283 1614 2327 illius
1634 2316 1647 2337 ,
1681 2285 1810 2329 nescia
1844 2286 2120 2341 periculorum
2151 2319 2163 2341 ‚
2194 2289 2321 2351 erigit

1281 2340 1472 2404 animum
1497 2341 1616 2385 altius
1647 2373 1659 2395 ,
1703 2342 1932 2401 incipitque
1974 2345 2148 2400 spestare
2172 2362 2320 2406 'poten-

1283 2411 1383 2461 tiam
1402 2397 1744 2461 ’opulentiamque
1768 2401 1965 2454 majorem
1991 2434 2003 2455 ‚
2037 2408 2320 2464 conversaque

1280 2459 1326 2495 ad
1353 2470 1520 2503 iniurias
1581 2456 1624 2499 δί
1673 2458 1834 2515 rapinas
1868 2460 2029 2506 amittit
2077 2464 2213 2519 populi
2249 2481 2322 2508 vo-

1282 2514 1481 2555 luntatem
1502 2543 1514 2565 ,
1547 2513 1828 2572 violenriaquc
1854 2517 1920 2562 sua
1944 2520 2255 2565 multitudinem
2277 2539 2321 2565 a·

1267 2568 1349 2615 ,deo
1374 2569 1580 2613 exulcerat
1613 2603 1625 2626 ‚
1674 2587 1718 2617 ut
1758 2575 1957 2629 primores
1994 2578 2175 2621 civitatis
2213 2578 2321 2623 miffi

1277 2625 1530 2690 occasionem
1559 2630 1709 2684 publici
1740 2633 1823 2675 odii
1852 2666 1864 2688 ‚
1908 2636 2186 2679 adnitentibus
2210 2649 2323 2681 cete-

1282 2699 1332 2726 ris
1353 2716 1364 2737 ,
1388 2686 1663 2748 gubernacula
1689 2690 1868 2735 civitatis
1889 2693 2088 2742 arripiant
2104 2726 2113 2736 .
2147 2695 2203 2737 Et
2222 2695 2322 2740 dum

1281 2751 1450 2806 populus
1487 2744 1598 2809 favet
1635 2746 1683 2789 iis
1718 2764 1892 2805 quorum
1929 2766 2052 2803 opera
2084 2751 2318 2795 libertatem

1280 2812 1442 2865 repetiit
1473 2833 1485 2853 ‚
1532 2804 1752 2858 imperium
1793 2823 1813 2848 a
1839 2808 2056 2860 tyrannide
2079 2809 2316 2853 devolvitur

1276 2859 1324 2898 ad
1348 2870 1567 2911 optimates
1594 2893 1604 2904 .
1637 2865 1828 2917 Quorum
1856 2865 1930 2908 filii
1959 2864 2115 2909 fastidio
2140 2867 2317 2922 quodam

1278 2929 1413 2959 rerum
1457 2917 1720 2964 secundarum
1761 2951 1774 2975 ‚
1826 2921 2028 2979 longaque
2069 2924 2318 2966 dominatio-

1275 2987 1326 3014 ne
1373 2975 1642 3020 tumescentes
1668 3008 1681 3030 ,
1723 2978 1945 3036 omniaque
1989 2979 2057 3023 fibi
2104 2980 2316 3024 attrahen-

1273 3041 1330 3072 tes
1355 3061 1369 3084 ,
1413 3045 1688 3096 contemnunt
1721 3036 1919 3091 populum
1945 3069 1958 3091 ‚
2005 3037 2050 3081 ὃς
2091 3037 2188 3080 dum
2223 3038 2314 3081 ino-

1274 3101 1342 3143 pes
1373 3104 1396 3134 a
1426 3088 1619 3137 divitibus
1645 3123 1659 3147 ‚
1703 3092 1932 3139 imbecilles
1961 3110 1985 3138 a
2015 3093 2308 3145 validioribus,

1868 3152 1916 3207 Q
2265 3163 2315 3193 ac
