2596 3479
643 67 796 120 ET
890 61 1038 116 XII.
1128 60 1279 113 TA

233 165 257 194 a
287 156 430 204 pecore
465 141 512 186 in
542 137 726 185 alienum
760 154 905 193 agrum
937 133 1115 180 immisso
1148 166 1162 189 ‚
1193 136 1274 187 (¹⁶)

233 217 280 249 ut
318 202 464 256 pariter
497 211 565 242 aut
593 213 711 254 pecus
743 197 909 239 dedatur
934 226 947 247 ‚
980 206 1049 237 aut
1074 193 1273 236 damnum

234 259 460 302 sarciatur:
494 271 618 312 quam
650 252 893 310 particulam
927 251 1143 309 superioris
1174 249 1276 305 legis

230 314 344 358 fuisse
376 326 493 369 putat
527 315 842 356 Hottomannus
871 341 884 363 ‚
927 308 1004 353 hac
1038 320 1177 352 tamen
1211 324 1274 350 ra-

232 372 348 416 tione
379 370 608 415 distineram
632 399 644 421 ‚
691 368 798 424 quod
832 366 1042 422 pauperies
1072 366 1272 409 damnum

233 430 289 473 est
320 444 416 472 cum
447 425 697 471 detrimento
729 425 818 478 rei,
851 423 929 466 sive
961 434 1159 479 corruptae
1191 423 1273 465 five

230 486 395 529 obtritae
422 482 684 539 :pascendis
715 496 868 525 autem
902 481 1112 536 pecoribus
1142 479 1273 523 domi-

233 558 311 586 nus
342 541 509 597 quidem
540 540 692 583 damno
723 538 898 583 afficitur
931 538 974 581 in
1008 553 1048 581 re
1082 536 1145 580 sua
1169 569 1182 590 ‚
1215 537 1276 580 sed

229 614 294 643 res
325 598 409 654 ipsa
440 611 525 640 non
557 597 838 652 corrumpitur
875 626 888 650 ,
937 611 1022 638 non
1057 594 1273 638 labefacia-

233 667 301 699 tur
321 687 334 710 ,
365 654 461 712 quia
494 669 579 698 non
610 654 781 698 vertitur
812 655 854 697 in
887 652 1003 696 usum
1037 652 1221 696 alienum
1254 667 1275 693 a

231 712 301 756 sua
332 724 478 755 natura
516 727 526 753 τ
581 711 670 755 ideo
712 711 991 755 discreverunt
1034 708 1274 754 Decemviri

232 767 310 814 has
339 769 550 821 affiones,
581 783 681 825 quas
713 768 875 813 Paullus
907 766 1147 824 permiscet,
1179 767 1276 823 quia

233 826 432 870 distinfi’tis
462 843 512 870 ex
545 826 898 870 initiis'oriantur
923 856 933 867 .
967 827 1075 880 Lege
1095 839 1190 867 vero
1209 824 1280 866 Sa-

235 883 413 926 laminia
454 883 479 926 fi
513 898 657 938 porcus
687 883 868 927 alienam
902 882 1064 939 frugem
1096 880 1276 936 depasce-

231 952 351 986 retur
376 971 390 994 ,
421 940 458 984 ei
490 940 628 984 dentes
658 941 971 985 excutiebantur
992 971 1002 982 .
1034 942 1051 990 (
1076 956 1102 981 a
1128 939 1145 990 )
1177 937 1281 989 (²⁶¹⁵)

232 997 363 1042 Reste
397 1013 493 1041 vero
523 996 719 1049 Cujacius
752 1011 870 1041 notat
898 1029 911 1050 ,
954 997 997 1039 in
1042 996 1114 1038 has
1154 993 1278 1037 afflo-

237 1069 311 1097 nes
342 1054 511 1109 pecudes
544 1055 685 1098 venire
707 1087 719 1108 ,
751 1070 836 1098 non
871 1053 1008 1097 bestias
1031 1084 1043 1106 ‚
1075 1053 1162 1105 (b)
1195 1067 1277 1094 non

234 1126 356 1155 canes
378 1142 390 1165 ,
423 1112 493 1167 qui
528 1122 612 1155 non
646 1112 738 1155 sunt
770 1112 879 1155 inter
908 1110 1080 1167 pecudes
1113 1140 1125 1148 -
1174 1110 1277 1151 Non

234 1168 370 1212 deerat
400 1168 557 1212 fortasse
588 1182 746 1213 certum
780 1180 900 1224 caput
932 1167 975 1210 in
1000 1168 1105 1211 XII.
1152 1164 1277 1208 tabul.

236 1224 309 1269 ubi
352 1225 400 1268 de
432 1226 583 1268 damno
613 1227 665 1268 ab
696 1227 868 1269 homine
898 1224 993 1267 dato
1024 1223 1243 1267 cavebatur
1269 1254 1278 1263 .

239 1282 361 1337 Quod
394 1282 492 1325 adeo
524 1282 676 1325 excidit
698 1315 709 1336 ,
753 1295 797 1325 ut
830 1281 898 1324 vix
932 1281 1053 1324 verba
1086 1278 1278 1335 supersint

237 1340 287 1381 ad
320 1338 518 1381 indicium
547 1370 556 1381 .
588 1339 692 1381 Orta
723 1338 836 1382 enim
870 1337 934 1381 lex
960 1334 1159 1393 Aquilia,
1191 1350 1280 1390 quae

236 1408 531 1447 argumentum
568 1396 644 1438 hoc
680 1394 930 1439 luculentius
972 1395 1091 1436 credo
1131 1392 1274 1434 trac'ta-

237 1451 306 1494 bat
333 1483 344 1504 ‚
380 1468 518 1496 -omne
557 1453 713 1507 prorsus
740 1453 787 1496 ad
812 1453 846 1494 se
874 1450 1046 1494 studium
1075 1450 1278 1502 JCtorum

236 1508 385 1551 avertit
422 1526 432 1551 :
483 1510 590 1553 unde
617 1522 706 1552 ‘non
741 1509 895 1552 mirum
918 1540 930 1561 ‚
964 1507 992 1550 fi
1022 1520 1142 1563 caput
1178 1506 1279 1548 illud

235 1567 342 1610 XiI.
380 1566 508 1609 tabul.
550 1565 719 1618 jacuerit
766 1575 813 1609 a'c
862 1566 1036 1621 denique
1066 1565 1231 1620 perierit
1265 1594 1276 1615 ,

237 1622 389 1676 sicuti,
431 1623 474 1666 δε
507 1637 647 1666 ceterae
680 1624 787 1679 leges
818 1622 864 1666 de
888 1623 1040 1665 damno
1073 1654 1085 1674 ‚
1136 1622 1281 1677 quibus

236 1694 321 1722 una
352 1695 446 1723 cum
467 1680 552 1736 lege
577 1683 682 1725 XII.
716 1682 797 1723 tab.
819 1680 1057 1734 derogatum
1080 1678 1190 1721 fuisse
1212 1693 1281 1732 per

237 1735 372 1792 legem
410 1738 626 1793 Aquiliam
666 1738 871 1786 Ulpianus
914 1736 1059 1779 refert.
1092 1738 1173 1787 (c)
1205 1737 1275 1777 Su-

243 1793 391 1847 peresse
413 1795 581 1837 credunt
607 1811 654 1837 ex
669 1810 713 1837 ea
730 1795 814 1850 lege
831 1809 974 1837 vocem
991 1794 1161 1849 rupitias
1173 1792 1278 1847 apud

237 1850 399 1893 Festum
421 1883 434 1904 ‚
480 1851 552 1894 nisi
577 1851 770 1894 malimus
797 1867 889 1894 cum
918 1850 1124 1906 Scaligero
1149 1850 1277 1905 legere

241 1906 388 1963 rupfit‚
422 1908 498 1951 five
524 1909 714 1951 damnum
733 1909 884 1951 dederit
906 1939 919 1961 ‚
950 1920 994 1950 ut
1015 1907 1189 1950 relatum
1218 1908 1277 1949 in-

240 1964 432 2007 venimus
466 1966 569 2019 apud
611 1967 847 2020 Ulpianum
883 1981 931 2008 ex
970 1964 1069 2017 legis
1094 1963 1279 2018 Aquiliae

241 2032 441 2064 contextu
463 2022 605 2064 eodem
632 2023 693 2066 tit.
710 2022 735 2063 l.
752 2038 818 2074 27.
844 2022 877 2072 Q.
898 2036 932 2076 5.
967 2022 1086 2074 Quod
1118 2019 1278 2076 usserit,

235 2076 432 2133 fregerit,
466 2080 611 2134 ruperit
635 2080 808 2130 injuria.
841 2081 909 2122 En
934 2092 1072 2122 autem
1100 2080 1277 2122 Decem·

244 2133 440 2178 viralium
467 2135 606 2192 legum
633 2136 797 2191 vestigia
819 2152 829 2177 ε

240 2270 581 2283 ἰ--ι--θ--ω
1170 2272 1274 2280 —-——

283 2305 371 2345 (0‘)
402 2307 474 2337 imo
498 2307 554 2349 qui
582 2317 677 2349 pecus
713 2308 747 2339 in
771 2307 915 2339 alienum
941 2317 1058 2349 agrum
1086 2305 1249 2339 immittit
1266 2328 1276 2342 5

240 2349 353 2382 damni
381 2349 510 2387 injuriae
538 2362 611 2384 reus
638 2352 682 2385 est
703 2375 714 2391 ‚
739 2353 841 2392 petest
866 2352 955 2384 enim
980 2350 1071 2393 argui
1097 2350 1193 2382 dolus
1221 2350 1275 2382 vel

240 2395 337 2435 culpa
360 2393 455 2434 eim,
482 2395 631 2439 idemque
659 2397 861 2429 nominatim
887 2403 1020 2428 cautum
1046 2396 1080 2427 in
1107 2398 1147 2427 L.
1163 2396 1275 2426 ultim.

240 2442 276 2470 C.
292 2439 334 2470 ad
346 2441 410 2481 leg.
428 2441 542 2483 Aquil.
570 2447 695 2476 contra
719 2441 880 2484 depaviffe
904 2451 1000 2482 pecus
1016 2440 1137 2472 dicitur
1153 2461 1163 2471 .
1191 2438 1277 2481 quod

242 2482 296 2514 sua
308 2482 423 2524 sponte
448 2496 563 2527 agrum
577 2486 719 2519 alienum
736 2485 919 2527 ingreditur
933 2506 943 2522 ‚
972 2485 1083 2526 ibique
1113 2483 1253 2524 pascizur
1269 2506 1275 2513 .

241 2527 353 2560 Pastus
366 2535 478 2561 autem
502 2540 521 2561 a
539 2531 692 2572 pauperie
716 2530 826 2563 differt
855 2538 890 2562 ut
906 2540 1006 2570 genus
1031 2528 1167 2569 aspecie
1183 2550 1193 2567 ‚
1219 2528 1276 2560 etsi

238 2572 363 2614 opponi
390 2574 559 2615 pauperies
584 2575 686 2608 etiam
712 2575 814 2618 pastui
841 2575 933 2616 poffit
950 2596 961 2613 ‚
988 2574 1010 2605 si
1036 2573 1133 2606 illam
1155 2573 1191 2605 in
1220 2583 1272 2605 ur-

237 2617 303 2655 be,
332 2616 418 2650 hunc
444 2619 479 2651 in
495 2619 581 2661 agris
607 2619 770 2662 praecipue
795 2620 864 2652 fieri
891 2618 1038 2652 dieamus
1062 2640 1071 2649 .

279 2662 342 2704 (a)
367 2662 489 2697 AElian,
510 2666 569 2703 1-5.
586 2666 672 2698 Eust.
692 2666 728 2697 in
747 2665 846 2705 Odys.
862 2663 917 2697 lib.
930 2667 980 2697 18.

281 2708 359 2748 (W)
386 2708 472 2741 Huic
502 2710 590 2742 mori
630 2710 763 2743 affinem
788 2709 1058 2742 consuetudinem
1097 2705 1273 2741 mutilandi

236 2752 401 2785 animalia
425 2753 460 2785 in
476 2754 633 2797 pauperie
658 2754 855 2795 deprehensa
880 2766 920 2786 ex
947 2753 1076 2795 legibus
1096 2752 1276 2785 Colonaris's

234 2803 267 2839 p.
289 2800 363 2829 26¹.
389 2797 542 2832 observat
581 2800 630 2834 Cl.
663 2799 882 2841 cannegieter
904 2798 945 2831 ad
976 2799 1106 2832 Aviani
1124 2797 1273 2840 fabulam

239 2842 341 2873 ΧΧΧ
378 2850 409 2885 p.
433 2852 506 2884 171.
536 2844 579 2875 si
594 2845 690 2887 quis,
718 2844 760 2877 sic
777 2844 877 2877 latine
903 2844 1037 2877 exhibet
1065 2843 1169 2876 verba
1183 2846 1272 2876 Grae-

239 2894 277 2916 ca
302 2908 314 2926 ‚
339 2887 583 2930 deprehenderit
605 2897 734 2931 porcum
759 2891 795 2921 in
820 2890 972 2931 pauperie
990 2890 1050 2929 seu
1076 2898 1193 2925 ovem,
1216 2887 1273 2926 seu

238 2939 348 2961 canem
367 2954 378 2970 ,
404 2931 443 2962 ὼ
468 2933 643 2965 tradiderit
667 2935 809 2976 primum
835 2935 988 2971 domino,
1016 2933 1129 2965 deinde
1155 2933 1273 2963 iterum

237 2973 293 3009 boc
310 2975 425 3022 fecerit
439 2998 450 3014 ,
469 2988 506 3009 ac
530 2980 772 3011 renunciaverit
788 3001 798 3019 ‚
826 2980 924 3010 tertio
949 2979 1084 3012 caudam
1110 2977 1271 3015 reciderit,

236 3026 296 3049 aut
316 3021 438 3056 faculis
462 3021 650 3063 confixerit,
681 3023 845 3057 indemm's
869 3021 951 3063 esto.

696 2272 798 2282 —--

1321 64 1365 117 B
1403 60 1458 114 U
1501 62 1548 115 L
1588 60 1639 112 A
1683 57 1733 125 R
1775 57 1833 110 U
1875 55 1970 108 M.
2269 57 2375 125 163

1402 138 1454 193 Si
1505 136 1791 211 quadrupes
1833 130 2133 205 pauperiem
2177 130 2319 186 faxit
2354 172 2372 202 ,

1323 217 1561 272 dominus
1603 214 1767 268 noxiae
1810 207 2082 265 aestimiarn
2124 209 2314 266 offerto
2354 232 2373 266 ·.

1328 295 1363 349 si
1407 295 1540 348 nolit
1585 291 1726 364 quod
1769 289 1920 344 noxit
1962 287 2082 342 dato
2113 328 2127 340 .

1405 371 1460 425 Si
1512 368 1701 440 injuria
1752 366 1970 440 rupitias
2010 361 2178 440 (Μ’)
2257 398 2277 412 -
2351 397 2372 415 .-

1325 527 1397 582 ast
1440 527 1475 580 fi
1515 527 1566 580 in
1609 522 1722 579 casu
1767 520 1985 576 sarcito,

1406 603 1519 678 Qui
1561 621 1692 676 pecu
1734 601 1868 655 endo
1910 600 2081 654 alieno
2121 599 2377 674 impescit.

1407 683 1657 756 Impeiclt
1683 681 1707 750 ]
1749 699 1920 743 verbum
1947 698 2026 741 hoc
2051 697 2096 741 in
2121 697 2208 753 lege
2230 698 2287 742 ita
2309 715 2370 744 re-

1330 757 1459 801 stituit
1490 755 1772 801 Gothofredus
1809 756 1904 800 Festi
1929 755 2168 800 auetoritate
2196 755 2371 800 scriben-

1329 816 1381 858 tis
1415 832 1424 855 t
1474 814 1685 871 Impescere
1727 815 1770 857 in
1805 815 1929 856 latam
1970 812 2139 868 segetem
2176 813 2369 868 pascendi

1325 872 1459 929 gratia
1474 873 1692 925 ,immittere
1707 903 1718 914 .
1750 872 1901 914 Cetera
1929 870 2020 913 satis
2042 869 2300 914 declarantur
2317 886 2367 914 ex

1329 932 1378 974 iis
1399 961 1412 985 ‚
1443 944 1532 985 quae
1564 929 1677 985 supra
1702 927 1945 973 notavimus
1965 958 1976 970 .

1511 1042 1954 1088 CAPUT
2062 1043 2180 1087 LIV.

1633 1159 1700 1201 De
1730 1159 1837 1215 tigno
1868 1157 2041 1212 iniunflo
2054 1187 2064 1200 .

1453 1274 1667 1328 Ntequam
1710 1289 1733 1315 a
1775 1272 1936 1316 damnis
1976 1272 2260 1327 discedamus,
2301 1290 2372 1319 ex-

1465 1329 1652 1384 ponenda
1698 1328 1761 1372 lex
1805 1330 1858 1372 est
1900 1330 1947 1372 de
1991 1329 2109 1385 tigno
2141 1330 2325 1380 injune‘to
2358 1362 2370 1384 ‚

1328 1385 1434 1441 quod
1467 1387 1592 1429 etiam
1626 1386 1679 1429 est
1712 1385 1851 1429 damni
1887 1401 2046 1442 genus:
2080 1385 2238 1443 ejusque
2272 1402 2370 1442 pra:-

1329 1443 1455 1486 standi
1506 1444 1621 1487 causa
1672 1442 1781 1499 leges
1821 1444 1929 1486 XII.
1973 1443 2144 1486 tabular.
2188 1445 2370 1499 prodide-

1330 1513 1424 1542 runt
1457 1500 1662 1545 a&i0nem
1694 1533 1702 1543 .
1736 1499 1867 1556 Tigni
1901 1501 2073 1545 nomine
2105 1501 2295 1545 materies
2323 1517 2369 1544 o«

1329 1557 1439 1600 mnis
1482 1558 1596 1601 venit
1639 1557 1686 1600 ad
1731 1558 1875 1600 domos
1900 1557 2173 1616 ,aedificandas
2221 1558 2263 1601 δε
2308 1558 2369 1601 vi¹²

1330 1630 1424 1658 neas
1467 1614 1752 1659 construendas
1793 1614 1939 1658 idonea
1972 1632 1981 1657 :
2028 1628 2074 1659 ut
2104 1616 2231 1659 etiam
2264 1614 2368 1671 lapi-

1328 1674 1426 1727 des,
1457 1674 1563 1716 testae
1584 1704 1596 1726 ‚
1629 1671 1803 1728 tegulae,
1839 1673 1998 1727 perticae
2018 1704 2030 1725 ‚
2072 1672 2115 1715 δε
2149 1673 2368 1727 pedamen·

1329 1744 1370 1772 ta
1414 1746 1463 1773 eo
1505 1730 1706 1774 vocabulo
1736 1729 2028 1774 contineantur
2048 1762 2058 1772 .
2090 1730 2179 1782 (d)
2209 1730 2250 1772 Si
2280 1729 2372 1785 quis

1330 1787 1457 1843 igitur
1499 1787 1670 1831 domino
1716 1788 1935 1844 ignorante
1981 1788 2143 1844 tignum
2183 1786 2369 1831 alienum

1330 1846 1397 1888 suo
1429 1845 1602 1889 aedificio
1630 1845 1812 1898 junxerit
1845 1846 1970 1889 sciens
1995 1876 2007 1898 ,
2038 1844 2146 1900 quasi
2178 1844 2277 1887 furti
2310 1856 2369 1888 te-

1330 1915 1448 1946 netur
1482 1935 1490 1944 .
1547 1905 1603 1945 Et
1646 1903 1831 1947 adversus
1873 1918 1969 1946 eum
2013 1902 2205 1945 dominus
2248 1917 2367 1957 agere

1331 1960 1455 2015 potest
1486 1960 1532 2002 ad
1562 1959 1840 2003 exhibendum
1867 1991 1879 2013 ‚
1924 1975 2009 2003 non
2042 1960 2206 2015 quidem
2239 1972 2284 2002 ut
2316 1959 2369 2002 ti-

1329 2032 1460 2074 gnum
1504 2016 1715 2069 solvatur,
1761 2033 1855 2063 cum
1887 2016 1966 2060 hoc
2009 2017 2169 2072 publica
2212 2017 2368 2059 utilitas

1329 2086 1438 2118 vetet
1476 2107 1488 2127 ‚
1540 2089 1590 2117 ne
1635 2090 1704 2129 per
1745 2089 1836 2117 eam
1881 2073 2040 2116 causam
2089 2074 2252 2116 aedificia
2298 2074 2363 2115 di-

1330 2144 1501 2177 ruantur
1523 2163 1534 2185 ,
1565 2131 1609 2175 &
1642 2131 1856 2175 vinearum
1890 2130 2022 2175 cultus
2054 2131 2270 2183 turbetur3
2304 2127 2366 2173 sed

1962 2190 2089 2232 Xz
2327 2197 2372 2230 ut

1327 2264 1547 2277 ——-—-—'
1555 2268 1676 2279 ——-
1791 2266 1894 2275 ———

1374 2302 1427 2340 (τ’)
1455 2306 1526 2334 L.1.
1541 2299 1580 2344 ff.
1596 2302 1638 2333 ad
1652 2303 1675 2333 1.
1695 2302 1811 2344 Aquil.

1375 2349 1461 2389 [⁴‘'‘³‘]
1490 2347 1601 2379 Nimis
1627 2347 1698 2379 osca
1724 2357 1788 2378 vox
1814 2346 1859 2378 est
1879 2367 1890 2386 ‚
1913 2355 2011 2388 quam
2038 2351 2073 2377 ut
2099 2341 2177 2376 ferri
2205 2343 2288 2386 pofl‘e
2313 2342 2366 2376 vi-

1327 2392 1443 2425 deatur
1469 2392 1634 2434 Scaligero
1672 2392 1702 2422 ἃ
1727 2391 1868 2423 Dacerio
1892 2391 1930 2422 ad
1958 2390 2086 2422 Festum
2127 2388 2160 2419 in
2185 2398 2263 2420 voce
2292 2390 2365 2420 Ra-

1326 2439 1430 2478 pitius
1444 2460 1454 2475 ‚
1471 2436 1622 2479 quamvis
1637 2436 1791 2468 Dacerius
1808 2435 1883 2467 dein
1898 2435 2041 2467 subsistat
2053 2457 2060 2465 .
2093 2436 2240 2474 Uterque
2259 2431 2363 2473 rupſst

1326 2483 1379 2514 vel
1403 2483 1515 2522 rupit,
1545 2480 1713 2513 malebat.
1743 2479 1835 2512 Idem
1862 2481 1968 2513 Festus
1996 2479 2028 2511 in
2044 2488 2124 2510 voce
2145 2477 2268 2517 sarcito
2300 2486 2360 2508 vo-

1325 2537 1397 2559 cem
1427 2527 1586 2567 Rupities
1623 2526 1777 2556 damnum
1809 2526 1937 2564 flul-vito
1976 2523 2215 2564 interpretatur
2245 2544 2255 2560 ‚
2283 2531 2355 2553 mo.

1326 2570 1600 2604 tus.austoritate
1625 2569 1732 2602 servii
1757 2568 1892 2611 Sulpicii
1920 2591 1929 2600 .
1959 2567 2022 2602 Sed
2048 2578 2114 2599 non
2142 2565 2274 2603 subiicit
2300 2568 2362 2599 Fe-

1325 2616 1387 2649 stus
1415 2637 1425 2653 ‚
1454 2615 1656 2647 sai-ciendum
1682 2621 1813 2646 tantum
1836 2613 1995 2645 damnum
2033 2612 2106 2645 casu
2129 2611 2244 2644 datum
2283 2610 2363 2644 fuis-

1323 2661 1377 2699 se,
1404 2669 1440 2693 ut
1468 2662 1586 2692 volunt
1612 2657 1835 2691 Gothofredus
1875 2659 1906 2690 8<
1929 2657 2100 2690 Gravina:
2138 2657 2243 2699 quin,
2269 2655 2359 2699 quod

1323 2705 1499 2738 verisimile
1537 2716 1604 2737 non
1641 2704 1685 2741 est
1723 2726 1734 2743 ,
1787 2703 1944 2736 damnum
1983 2703 2057 2736 casu
2095 2701 2209 2734 datum
2250 2702 2361 2734 omni-

1322 2761 1365 2783 no
1389 2750 1545 2783 sarcitum
1569 2748 1658 2782 fuisse
1695 2771 1704 2780 .
1744 2751 1858 2791 Neque
1883 2748 1956 2780 ideo
1993 2758 2139 2790 repugno
2159 2769 2170 2787 2
2209 2757 2274 2789 quo
2299 2748 2362 2780 mi·-

1321 2806 1381 2828 nus
1406 2803 1583 2837 utrumque
1623 2801 1720 2835 caput
1751 2793 1964 2827 contrahatur
1987 2813 1998 2830 ‚
2025 2796 2216 2835 legaturque
2249 2814 2260 2830 ‚
2298 2793 2356 2835 qui

1320 2842 1447 2882 ruperit
1459 2840 1588 2879 sarcito
1611 2861 1618 2870 .
1648 2841 1701 2871 Est
1725 2839 1815 2872 enim
1859 2838 1926 2871 haec
1953 2838 2114 2880 praestnio
2154 2836 2315 2870 natura!is
2351 2857 2365 2874 ‚

1320 2897 1394 2918 cum
1420 2896 1516 2930 poena
1543 2884 1627 2928 legis
1654 2883 1794 2926 Aquiliae
1822 2905 1832 2922 ‚
1872 2884 1987 2926 quanti
2013 2883 2136 2915 scilicet
2179 2892 2228 2915 res
2254 2879 2356 2913 fuerit

1321 2930 1408 2963 intra
1432 2940 1556 2963 annum
1586 2951 1597 2969 ‚
1626 2929 1678 2962 vel
1702 2929 1792 2962 intra
1815 2939 1898 2961 xxx.
1936 2928 2006 2961 dies
2032 2928 2202 2970 proximos
2226 2948 2237 2966 ‚
2267 2934 2357 2959 mere

1320 2975 1429 3009 civilis
1453 2975 1511 3008 fit.

1366 3020 1426 3060 (d)
1452 3023 1523 3054 101.
1542 3022 1571 3063 ς.
1593 3030 1622 3052 r·
1642 3018 1681 3063 ff
1700 3019 1738 3052 de
1764 3019 1861 3062 tigno
1887 3016 2019 3058 ium'lo,
2047 3018 2071 3051 ἶ,
2090 3016 2180 3060 tigni
2193 3013 2298 3059 ⁶²·ff·
2316 3014 2355 3050 dc

279 3062 362 3101 (b)
387 3064 429 3097 aa
452 3065 542 3099 Paul.
580 3068 669 3108 scm.
694 3066 753 3101 lib.
779 3077 805 3100 ι,
834 3069 890 3101 tie.
916 3067 946 3110 fi
970 3068 1128 3111 quadrup.
1158 3066 1267 3100 damn.
1323 3068 1355 3098 V.
1376 3068 1414 3099 J‘.

238 3107 337 3140 iared.
