2524 3479
134 2712 136 2714 ·
194 2696 419 2739 celebratur
446 2714 455 2738 t

782 98 1120 185 JURIS
1200 100 1712 158 cterts.

218 183 385 241 persona
430 194 483 226 ex
531 178 639 237 legis
686 180 878 236 potestate
915 177 1204 221 continebatur
1244 182 1258 221 ?

218 239 424 304 Quorsum
469 239 512 282 in
550 236 702 293 populo
721 268 734 289 ‚
778 235 841 279 vel
894 236 936 278 in
983 236 1136 278 Senatu
1191 251 1260 279 co-

215 297 336 341 mitia
356 297 426 340 diu
452 294 784 360 permansissent,
813 293 868 344 fi,
888 291 1072 336 extincta
1103 293 1259 347 prorsus

216 353 402 409 imagine
434 352 581 397 veteris
608 350 859 406 Reipublicae
885 381 897 402 ‚
933 350 1133 405 Principis
1161 366 1258 395 voce

217 426 366 455 omma.
388 409 528 465 populi
556 408 744 464 suffragia
767 440 779 462 ,
810 407 855 451 δε
882 408 1049 450 Patrum
1071 408 1257 451 consulta

213 465 793 533 comprehendebantur38i‚
823 465 1023 521 inquam,
1050 480 1070 507 e
1099 466 1252 508 Princi-

217 527 279 581 pis
307 536 475 569 tanturn
515 523 733 566 voluntate
771 522 878 577 leges
918 522 1087 564 exibant
1120 555 1130 575 ‚
1162 523 1256 578 quid

214 598 318 638 opus
342 594 455 635 erat,
482 596 628 624 vocare
653 582 850 624 Senatum
875 579 922 622 ad
949 578 1084 634 legem
1108 580 1143 623 ei
1173 580 1255 622 sua-

215 639 418 692 dendam,
450 640 491 682 δι
517 638 565 681 ad
590 639 762 682 Senatus
785 636 1015 680 consultum
1038 654 1059 679 a
1086 639 1255 680 Senato-

215 696 352 750 ribus,
387 696 470 751 post
493 694 727 740 orationem
771 711 792 737 a
816 694 1004 748 Principe
1037 694 1221 738 habitam
1243 727 1254 748 ,

213 754 569 809 exprimendum?
597 755 680 804 At,
710 753 935 809 inquiunt,
965 752 1157 807 Princeps
1179 751 1255 794 fer-

215 823 280 854 tur
311 812 385 854 effe
419 811 566 853 solutus
592 810 770 865 legibus.
804 809 926 865 Quasi
949 825 1072 861 vero,
1104 809 1173 864 qui
1198 810 1251 850 so-

214 867 324 912 lutus
349 869 403 911 est
426 868 504 922 ipse
531 868 712 923 legibus,
744 867 829 918 jure
865 867 931 910 suo
965 879 1145 910 retexere
1166 872 1254 921 pol-

213 925 261 968 sit
294 938 447 968 veteres
467 956 478 978 ,
509 925 551 968 δι
583 926 783 979 imperare
817 939 975 967 novas:
1010 936 1079 968 aut
1111 939 1178 978 per
1207 939 1250 966 u-

212 983 467 1026 niversarum
499 982 635 1037 legum
664 982 861 1034 veniam,
896 981 1096 1026 continuo
1128 997 1254 1034 popu-

212 1039 276 1082 lus
302 1039 509 1083 infinitam
538 1040 773 1093 potestatem
801 1039 1062 1082 concesserit.
1096 1038 1205 1092 Quid
1227 1038 1252 1080 si

210 1098 415 1161 angustius
435 1096 802 1150 accipiendumest,
825 1096 928 1151 quod
953 1096 1110 1138 dicitur
1128 1096 1250 1138 Prin-

211 1156 335 1210 cipem
366 1152 436 1208 effe
459 1154 632 1207 solutum
659 1155 835 1208 lengbus
868 1169 916 1196 cx
954 1153 1249 1208 integerrimo-

211 1227 305 1253 rum
349 1211 621 1265 interpretum
684 1210 918 1253 sententia?
966 1211 1088 1264 Quod
1134 1225 1249 1252 enim

210 1269 422 1324 Ulpianus
451 1271 538 1320 (a)
569 1269 654 1319 ait,
688 1267 896 1309 ablCissum
919 1266 971 1308 est
1003 1282 1054 1308 ex
1087 1265 1170 1316 ejus
1199 1266 1246 1308 li-

209 1325 288 1368 bris
320 1327 367 1368 ad
402 1325 535 1379 legem
567 1324 721 1375 Juliam
753 1324 797 1365 δε
832 1322 998 1376 Papiim
1021 1354 1032 1374 ,
1077 1337 1165 1377 quae
1196 1323 1249 1364 ob

211 1398 352 1425 earum
394 1381 666 1438 praestantiam
704 1382 805 1436 leges
846 1380 992 1435 absque
1023 1378 1255 1430 adjectione·
1298 1393 1321 1432 q

205 1439 288 1482 alia
319 1439 586 1489 dicebantur.
622 1439 686 1480 Ex
720 1454 801 1492 quo
827 1437 1038 1492 colligitur
1063 1468 1075 1489 ‚
1109 1452 1158 1479 ex
1192 1436 1243 1480 le

206 1496 324 1551 gibus
359 1509 523 1538 tantum
561 1494 870 1550 conjugalibus,
907 1510 991 1537 non
1023 1506 1162 1537 autem
1198 1510 1247 1536 ex

207 1553 506 1608 aliislegibus‚
538 1553 715 1607 Ulpiani
757 1553 984 1603 sententia,
1013 1551 1244 1605 Principem

203 1610 279 1653 effe
317 1584 506 1654 solutum
520 1642 529 1652 .
562 1611 636 1653 Sed
668 1610 730 1652 fac
763 1611 800 1653 id
837 1609 1060 1664 significare
1099 1599 1245 1661 latiu33

203 1668 306 1710 fines
343 1682 450 1711 certe
481 1668 620 1721 legum
653 1666 841 1711 civilium
878 1683 961 1709 non
988 1666 1245 1722 egredietur3

204 1740 337 1780 neque
375 1725 606 1780 Principem
640 1724 836 1768 naturalis
872 1723 1029 1775 justitiae
1067 1723 1246 1766 vinculis

206 1782 406 1834 exolvet‚
440 1799 513 1825 nec
535 1798 677 1837 parum
722 1782 761 1825 ei
788 1783 1012 1833 tribuetur,
1045 1780 1069 1823 si
1099 1781 1235 1845 solem-

204 1839 406 1883 nitatibus
439 1839 612 1894 legum,
644 1838 722 1882 &
710 1840 807 1891 juris
831 1838 966 1882 civilis
991 1838 1134 1881 ritibus
1157 1839 1239 1882 exi-

203 1910 340 1940 matur
368 1914 376 1938 :
423 1898 530 1953 quod
563 1914 584 1939 a
618 1897 872 1951 gravioribus
904 1896 1076 1939 traditur
1116 1895 1244 1939 inter-

203 1956 414 2009 pretibus:
449 1970 623 2010 quorum
657 1971 782 1998 nemo
811 1955 919 2007 fert,
951 1967 994 1996 ut
1034 1952 1241 2008 Princeps,

202 2012 298 2066 quia
332 2011 481 2054 solutus
513 2013 566 2054 est
604 2011 791 2067 legibus,
824 2027 887 2054 eas
911 2012 1024 2066 possit
1047 2011 1238 2052 volunta

202 2069 234 2110 ti
270 2067 343 2110 suae
368 2068 557 2129 subjicere
582 2100 594 2119 ,
625 2085 672 2111 ac
700 2069 907 2121 publicam
935 2067 1142 2122 exagitare
1171 2083 1237 2121 pa-

203 2140 330 2176 cem,
380 2141 444 2167 cui
494 2125 650 2168 tuendae
696 2125 773 2167 fuit
814 2124 1044 2168 assumtus.
1102 2127 1241 2179 Atque

199 2181 258 2224 ita
309 2197 358 2224 ex
406 2181 604 2224 Dionvsio
649 2182 963 2225 Halicarnassum
1013 2181 1242 2237 explicatur

198 2255 223 2281 a
255 2237 428 2288 Cujacio
470 2240 554 2291 (b)
586 2240 648 2281 lex
685 2242 842 2295 imperii
875 2273 886 2294 ‚
932 2255 1020 2296 quae
1050 2254 1094 2281 in
1127 2238 1241 2281 libris

197 2295 368 2338 Codicis
413 2311 702 2339 memoratur.
749 2298 918 2362 Etenim
971 2299 1241 2351 Imperatores

196 2351 422 2408 imperium
466 2354 712 2408 accipientes
748 2355 850 2398 mini
860 2370 924 2397 me
962 2353 1151 2405 jurabant
1195 2354 1238 2397 in

196 2409 333 2465 lege83
355 2411 435 2462 (c)
460 2411 549 2454 ideo
575 2428 668 2454 cum
697 2428 848 2455 novam
879 2413 1089 2467 personam
1124 2411 1235 2454 indu

198 2479 339 2520 erent,
370 2482 540 2522 eamque
566 2469 723 2523 legibus
756 2486 840 2512 non
867 2470 1104 2533 obligarent
1133 2500 1146 2521 ‚
1180 2469 1236 2510 so

197 2523 275 2566 luti
303 2524 456 2579 legibus
485 2526 756 2570 dicebantur.
794 2527 885 2569 Ita
878 2528 1005 2582 igitur
1031 2525 1240 2579 Principes

200 2580 264 2636 leg
270 2582 356 2623 ibus
392 2580 727 2638 exolvebantur3
771 2596 816 2627 ut
861 2599 910 2626 ne
950 2596 1088 2626 tamen
1136 2581 1233 2637 legi-

194 2638 266 2681 bus
299 2639 623 2682 antecellerent*
676 2643 768 2684 Ideo
811 2656 895 2683 vox
940 2640 1012 2682 illa
1054 2641 1237 2683 maxime

490 2700 505 2747 (
531 2699 559 2739 d
586 2699 601 2747 )
633 2700 780 2752 Μῆτις
803 2699 970 2755 Imperio
1001 2696 1238 2753 estsubmit-

302 2755 407 2807 Jani
428 2757 617 2798 G··¹tvinae
648 2759 749 2799 Tom
779 2758 812 2800 I.

238 2856 298 2894 (⁰)
346 2860 425 2889 Ιηί
449 2860 501 2890 Ρ
495 2862 628 2902 ἔπειρε
654 2858 691 2902 ff.
711 2861 747 2893 d
760 2858 913 2902 legibus.

239 2898 296 2934 (b)
343 2901 454 2938 Cijac.
472 2915 564 2935 ena
590 2905 679 2936 ¹'.nL
720 2908 780 2937 C.
797 2906 835 2937 de
851 2903 970 2944 usiam
989 2904 1189 2946 &quemd-

239 2942 295 2981 (ἰ)
343 2947 387 2977 Pl
395 2959 423 2977 n.
442 2951 469 2977 i
469 2950 581 2980 Pane
568 2961 614 2991 g.
631 2950 743 2988 Cuiac.
765 2950 870 2983 inl-‚6
895 2954 931 2982 C.
947 2959 1085 2982 enarrat.
1103 2950 1143 2982 ad
1160 2951 1217 2981 L.
1204 2970 1230 2987 3

198 2988 234 3019 c·
249 2988 286 3018 ἅθ’
300 2987 388 3027 teste
391 3003 419 3019 '³
437 2992 476 3022 (3·
498 2995 643 3035 quera—had

239 3032 301 3071 (d)
350 3036 386 3065 L.
418 3037 473 3076 dig
476 3049 517 3068 na
543 3050 614 3070 vox.
643 3041 717 3072 Cod.
746 3041 783 3072 de
809 3043 875 3083 leg.

241 3077 298 3116 (ὅ)
348 3079 384 3111 L·
416 3089 451 3110 θ’*
478 3089 543 3122 tm?
548 3085 646 3125 πίῃ
676 3083 714 3128 ff.
732 3087 768 3118 de
785 3088 928 3129 legat&

237 3123 298 3162 (f)
346 3125 381 3155 L.
405 3133 429 3154 1.
445 3122 480 3165 ff
498 3127 671 3167 detonsst't.
687 3133 788 3170 princ.

238 3167 294 3207 (Ὁ
343 3168 441 3211 Quod
466 3169 610 3213 calama
633 3184 712 3208 πολε
700 3175 803 3210 τικόν
833 3174 925 3209 valde
952 3173 1076 3219 profuit
1091 3173 1154 3207 dila
1160 3180 1232 3208 tan

2287 103 2354 170 55

1310 189 1386 220 tere
1425 178 1580 240 legzhus
1614 174 1895 229 Principatum
1927 204 1936 215 .
1985 172 2042 217 Hi
2036 190 2100 218 'nc
2135 190 2180 218 ea
2210 207 2221 229 ,
2265 190 2354 230 que

1310 235 1419 278 inter
1447 233 1719 288 Principem,
1760 231 1804 275 δί
1844 231 2050 295 privatum
2090 245 2328 288 gererentui
2347 263 2361 285 ‚

1309 292 1382 334 nisi
1433 291 1587 347 legibus
1631 302 1910 354 congruerent
1939 319 1950 340 ‚
2002 289 2119 332 irrita
2149 290 2363 334 duceban-

1308 362 1408 392 tur.
1426 349 1581 393 Unde
1620 347 1724 391 nihil
1769 348 1815 390 ih
1848 345 2087 402 Principem
2120 363 2169 390 ex
2203 347 2356 402 irnper-

1308 406 1413 449 fecto
1449 406 1695 449 testamento
1737 404 1968 447 transibat·
2015 404 2142 456 (e)1
2148 419 2270 458 egum
2310 421 2354 448 e-

1310 464 1397 506 nim
1433 464 1556 506 venia
1583 461 1825 517 Principum
1857 462 2071 517 personam
2102 462 2208 504 baud
2233 477 2351 516 egre-

1306 521 1342 563 di
1348 522 1489 583 ebatur
1516 536 1524 561 :
1562 535 1695 576 neque
1727 518 2011 573 porrigebatur
2046 519 2094 560 ad
2124 519 2352 574 privatum,

1305 593 1352 620 ex
1394 577 1505 629 cujus
1533 577 1776 620 testamento
1816 577 2008 630 Princeps
2039 575 2316 619 institueretur
2337 608 2350 631 ,

1307 634 1493 690 nihilque
1519 635 1717 689 aprivato
1748 632 1957 677 transferri
1987 646 2147 688 poterat
2173 633 2214 696 in
2234 630 2354 678 Prin-

1305 709 1438 746 cipem
1478 725 1489 746 ,
1538 691 1731 747 neglectis
1799 690 2126 734 solemnitatibus
2190 690 2291 742 juris
2345 724 2359 744 ‚

1304 766 1398 805 qula
1444 749 1610 793 libertas
1640 747 1846 804 Principis
1891 748 2010 791 alteri
2043 748 2219 804 prodesse
2264 764 2354 792 non

1306 819 1493 861 poterat:
1541 822 1625 850 non
1662 807 1776 850 enim
1808 805 2044 849 extenditur
2066 837 2077 858 ‚
2110 807 2217 861 quod
2249 822 2350 849 con-

1305 876 1366 906 tra
1396 864 1493 916 juris
1527 864 1711 920 regulam
1739 863 1959 919 recipitur.
1991 863 2185 905 Tandem
2218 879 2350 918 quan-

1304 935 1556 984 tumcunque
1570 898 1670 964 ²3illo
1703 922 1833 964 veteri
1869 920 2106 971 fracmento
2140 920 2183 963 in
2228 920 2349 964 Prin-

1302 995 1436 1033 c1pem
1474 978 1677 1022 transierit
1718 979 1833 1033 supra
1878 978 2153 1034 susceptorum
2213 978 2350 1034 magi-

1302 1036 1495 1079 stratuum
1544 1036 1780 1091 potestatem
1823 1051 1835 1085 ς
1875 1038 1964 1083 jura
2009 1047 2150 1078 tamen
2197 1035 2342 1090 populi

1300 1094 1483 1137 extincta
1521 1093 1632 1157 fui—sse
1660 1125 1672 1145 ‚
1705 1092 1906 1148 nusquam
1935 1104 2138 1148 apparet,
2173 1105 2217 1134 ut
2254 1109 2349 1136 am-

1303 1151 1445 1193 bitiose
1478 1151 1608 1206 magis
1641 1150 1955 1201 Jurisconsultus
1986 1181 1998 1203 ,
2050 1148 2129 1202 (f)
2161 1148 2344 1205 quisquis

1301 1207 1374 1250 ille
1427 1207 1550 1250 fuerit
1578 1238 1591 1260 ,
1633 1207 1926 1262 interpretatur
1965 1238 1977 1259 ‚
2030 1222 2156 1262 quarn
2209 1222 2338 1251 vere.

1300 1265 1403 1317 Quis
1447 1280 1545 1307 vero
1603 1265 1735 1307 credat
1769 1295 1782 1316 ,
1830 1280 1991 1319 regium
2044 1277 2202 1306 nomen
2241 1264 2342 1308 adeo

1297 1320 1467 1363 exosum
1499 1320 1651 1383 populo
1678 1324 1870 1363 Romano
1895 1352 1906 1373 ‚
1938 1336 1960 1361 a
1989 1323 2141 1383 populo
2172 1322 2308 1383 potius
2327 1352 2340 1373 ‚

1327 1393 1421 1419 uam
1455 1379 1504 1419 ab
1540 1377 1788 1420 Aulicorum
1822 1376 2059 1420 recentioris
2101 1377 2233 1420 aetatis
2265 1380 2341 1429 Ju-

1298 1434 1631 1478 risconsultorum
1666 1434 1934 1478 assentatione
1977 1433 2072 1478 huic
2107 1432 2186 1490 legi
2238 1433 2335 1478 fuis-

1299 1492 1332 1535 se
1382 1493 1632 1535 tributum?
1677 1491 1752 1535 Sed
1799 1491 1882 1544 jam
1928 1491 2104 1533 rationes
2153 1491 2336 1546 explice-

1297 1565 1412 1602 mus,
1439 1550 1583 1605 quibus
1614 1562 1828 1604 acceptam
1865 1549 1938 1592 rite
1962 1549 2197 1603 potestatem
2221 1551 2340 1593 Prin-

1296 1607 1403 1662 cipes
1423 1607 1468 1649 ad
1485 1622 1754 1650 communem
1782 1607 1897 1651 usum
1922 1606 2186 1650 adducebant:
2209 1619 2253 1649 ut
2271 1623 2340 1650 eo·-

1295 1664 1386 1706 dcm
1409 1677 1592 1719 tempore
1625 1664 1881 1707 ostendamus
1908 1696 1920 1718 ,
1952 1663 2049 1718 quid
2075 1664 2333 1707 constitutio-

1294 1737 1365 1764 nes
1391 1722 1632 1777 Principum
1658 1722 1809 1765 fuerint
1831 1753 1842 1775 ,
1873 1722 1916 1764 ὃς
1950 1721 2212 1776 pragmaticae
2246 1721 2334 1765 san-

1294 1778 1474 1832 aiones,
1499 1781 1596 1834 quid
1620 1779 1808 1833 rescripta
1826 1810 1838 1831 ‚
1861 1778 2008 1833 quidve
2032 1779 2190 1822 decreta
2206 1810 2218 1832 ‚
2244 1793 2335 1834 quae

1296 1838 1466 1881 nomina
1490 1837 1632 1881 crebro
1666 1838 1711 1881 in
1743 1836 1857 1880 libris
1876 1835 1975 1888 juris
2000 1847 2246 1880 occurrunt.

1471 1952 1912 1996 CAPUT
2030 1951 2174 1995 CXV.

1492 2067 1559 2110 De
1587 2067 1846 2109 Orationibus
1881 2064 2142 2121 Principum.

1303 2179 1472 2281 [Gitur
1506 2180 1717 2236 Principes
1764 2181 2000 2237 potestatem
2042 2179 2154 2224 suam
2193 2182 2335 2236 praeci-

1375 2254 1449 2293 pue
1482 2240 1736 2283 orationibus
1772 2241 1816 2283 in
1852 2240 2004 2282 Senatu
2037 2237 2188 2281 habitis
2219 2239 2338 2282 evol-

1291 2296 1474 2338 vebant:
1518 2297 1663 2352 quibus
1706 2309 1774 2340 aut
1807 2296 2081 2339 hortabantur
2109 2328 2120 2349 ,
2163 2310 2234 2339 aut
2265 2296 2336 2339 ad-

1291 2355 1518 2397 monebant
1544 2386 1556 2407 ,
1588 2367 1657 2397 aut
1690 2355 1958 2410 increpabant
1990 2355 2188 2396 Senatum
2214 2385 2226 2406 ‚
2260 2366 2333 2396 aut

1293 2410 1402 2454 suam
1472 2411 1716 2455 sententiam
1780 2428 1822 2454 in
1885 2411 2016 2465 suscep
2021 2423 2059 2452 ta
2123 2410 2326 2452 delibera-

1286 2469 1404 2511 tione
1454 2470 1739 2523 proponebant
1788 2469 1836 2511 ad
1868 2469 1907 2511 S.
1938 2468 1991 2509 C.
1994 2427 2326 2509 pcondendum:

1287 2525 1395 2578 quod
1446 2541 1658 2580 nunquam
1715 2542 1737 2569 a
1784 2523 1982 2568 sententia
2026 2523 2225 2578 Principis
2267 2523 2330 2566 di-

1289 2582 1532 2635 screpabat:
1583 2582 1680 2624 hin:
1728 2583 1952 2637 promiscue
1994 2580 2327 2623 Senatusconsul-

1289 2651 1327 2681 ta
1359 2641 1375 2690 (
1403 2640 1468 2690 '‘)
1511 2639 1553 2682 ἃ
1604 2639 1823 2683 Orationes
1869 2639 2068 2693 Principis
2117 2637 2330 2694 accipiun-

1287 2708 1351 2739 tur
1375 2728 1388 2750 ,
1430 2709 1476 2740 ut
1507 2709 1622 2740 notat
1652 2697 1873 2742 Briffonius
1899 2728 1908 2739 .
1939 2696 2026 2752 (g)
2070 2697 2156 2739 Has
2186 2708 2327 2740 autem

1873 2755 1893 2797 I
2177 2769 2270 2796 ora-

2158 2826 2329 2837 --n—-

1970 2828 2154 2838 -----,

1283 2856 1333 2889 dis
1361 2859 1496 2899 Imperii
1522 2859 1641 2893 finibus
1667 2859 1816 2892 mendaci
1843 2857 1946 2899 specie
1973 2856 2138 2890 libertatis
2165 2855 2321 2898 pristinae.

1286 2903 1444 2944 Exempla
1479 2904 1598 2938 talium
1635 2903 2000 2937 Senatusconsultorum
2040 2902 2092 2933 vel
2127 2901 2318 2933 orationum

1284 2947 1427 2981 recenset
1464 2950 1583 2982 Noster
1618 2949 1704 2982 infra
1731 2961 1754 2982 c.
1778 2953 1848 2981 118.
1889 2949 1919 2980 δε
1946 2947 2073 2988 plenius
2117 2945 2317 2980 Christianus

1282 2996 1371 3026 Otto
1394 3004 1413 3025 a
1437 2995 1599 3028 Boekelen
1627 2997 1662 3027 in
1690 2994 1915 3035 dissertatione
1942 2993 1978 3024 de
2003 2990 2203 3024 orationibus
2228 2991 2318 3031 prin-

1282 3039 1388 3076 ci,ff'um
1427 3041 1462 3071 in
1503 3042 1633 3073 Senatu
1661 3042 1804 3072 Romano
1833 3059 1843 3077 ‚
1884 3049 1948 3080 4³:1ae
1986 3035 2028 3075 εΙὶ
2051 3038 2137 3069 inter
2160 3036 2312 3076 opuscula

1284 3081 1353 3120 ejus
1376 3082 1516 3122 junHim
1541 3086 1630 3117 edita
1657 3085 1813 3126 Lugduni
1838 3086 2044 3117 Batavorum
2074 3084 2167 3123 1678.
2195 3081 2231 3112 in
2268 3088 2318 3110 12·

1318 3129 1390 3171 (g)
1439 3131 1612 3174 Antiquit.
1626 3131 1651 3165 l.
1672 3140 1698 3163 1.
1715 3131 1840 3173 cap.16.
