2596 3479
180 283 190 293 '
249 283 370 328 facile
403 280 564 326 venerit
591 297 603 330 ς
642 281 728 332 (a)
761 290 972 335 propterea
1003 291 1170 333 poenam
1203 274 1286 318 edi-

643 93 691 146 E
734 93 791 145 Τ
880 87 1018 141 ΧΠ.

248 184 393 228 agrurn
426 166 541 211 suum
576 166 743 222 proprio
774 164 912 209 labore
945 160 1163 227 inopinato
1195 159 1286 215 pin-

250 227 481 284 guesecerat
512 255 523 277 ,
566 223 608 266 in
640 222 756 274 hujus
789 220 981 264 maleficii
1014 218 1282 275 suspicionem

246 356 346 386 xere
390 337 625 384 Decemviri
668 335 852 379 adversus
893 350 960 378 eos
992 365 1006 388 ‚
1052 333 1122 389 qui
1169 331 1289 376 malis

246 396 505 442 carminibus
536 393 725 437 homines
752 425 765 447 ‚
815 405 887 436 aut
929 391 1128 435 animalia
1173 405 1286 433 com·

245 453 512 500 maculassent
546 482 558 502 ,
612 464 683 493 aut
738 450 884 505 segetes
931 448 1140 505 frugesque
1190 446 1287 489 alie-

245 527 320 555 nas
363 506 615 567 pellexissent
655 538 665 548 .
723 507 898 550 Poenam
940 505 1056 557 hujus
1098 504 1288 550 criminis

247 569 447 613 habemus
480 597 492 619 ‚
540 562 566 606 si
608 563 806 620 Scaligeri
839 562 1116 615 conjeemram
1149 561 1192 604 in
1227 565 1314 634 req

248 623 453 669 stituendo
499 620 798 678 supplendoque
849 620 1043 664 mutilato
1093 619 1193 662 Festi
1232 618 1313 661 lo-·

250 697 302 725 co
353 678 653 734 amplefitamur
689 695 698 721 :
751 677 1024 733 discernusque
1078 676 1196 719 illam
1239 692 1288 718 ex

251 736 546 795 sequentibus:
592 735 784 792 siquidem
827 736 885 779 ita
926 733 1110 784 Scaliger
1154 732 1291 788 explet

246 795 352 839 ‘festi
385 794 574 837 lacunam
595 826 608 846 ‚
642 794 849 837 scribens:
883 794 968 845 (b)
999 791 1112 834 Nam
1143 791 1183 832 in
1207 786 1292 843 fine

249 849 454 905 manifesto
486 851 557 893 haec
589 851 735 905 scripta
759 847 869 904 fuere
888 882 896 893 .
930 850 1084 892 Tribus
1111 848 1292 891 XXXV.

253 921 325 951 aut
352 909 569 963 privilegia
601 911 771 963 irrogare
795 938 808 960 ‚
856 918 926 949 aut
955 907 1004 948 de
1034 905 1159 961 capite
1190 905 1295 946 civis

243 964 419 1021 statuere
447 996 460 1017 ‚
492 963 567 1018 mfi
597 967 768 1007 maximo
798 964 998 1006 comitiam
1030 974 1169 1005 vetant
1192 963 1294 1007 ΧΠ.

253 1022 380 1065 tabul.
412 1023 544 1075 leges,
573 1033 706 1078 praeter
735 1038 856 1077 quam
887 1018 1080 1073 veneficos
1104 1051 1117 1072 ‚
1149 1020 1296 1075 quique

253 1080 405 1122 malum
445 1095 598 1121 carmen
642 1081 848 1123 incantant
873 1109 884 1130 ‚
927 1079 1024 1133 quia
1068 1074 1142 1131 tpfi
1183 1078 1293 1118 inde-

255 1136 387 1179 mnati
417 1136 503 1189 jure
533 1137 760 1181 occiduntur
787 1166 797 1178 .
838 1134 932 1179 Fuit
962 1145 1102 1176 autem
1132 1132 1293 1177 fortasse

256 1191 324 1236 lex
356 1191 582 1236 homicidia
609 1226 621 1248 ,
654 1191 954 1239 incantationes
979 1222 991 1244 ‚
1023 1190 1068 1233 ὃς
1101 1189 1295 1235 veneficia

261 1264 452 1294 coercens
485 1248 600 1293 haec:

339 1365 394 1418 Si
444 1365 555 1434 quis
599 1362 822 1417 liberum
865 1361 1137 1416 hominem
1179 1360 1296 1434 ('‘)

262 1441 385 1496 dolo
426 1440 583 1494 sciens
622 1438 782 1494 morti
809 1438 921 1495 duit
950 1460 965 1509 ;
1008 1439 1162 1509 quive
1193 1459 1296 1494 ma-

260 1518 371 1572 lum
413 1536 622 1571 carmen
664 1515 782 1590 ('‘'‘)
824 1515 1112 1570 incantaffit
1138 1556 1155 1583 ,
1208 1532 1297 1570 aut

262 1595 463 1648 malum
541 1612 800 1648 venenum
862 1592 997 1648 faxit
1064 1594 1239 1648 duitve
1282 1633 1298 1664 ,

264 1671 520 1744 parricida
561 1671 703 1726 esto·

284 1841 288 1843 Δ
338 1790 511 1867 Duit)
546 1828 618 1870 pro
648 1812 801 1858 dederit
834 1811 924 1857 satis
955 1822 1127 1857 notum·

272 2173 605 2187 oe-——a-—a
612 2175 833 2186 -——-.
1045 2174 1093 2183 ..-

315 2208 375 2249 (α)
400 2208 488 2241 Plin.
515 2210 538 2242 Ι.
561 2211 611 2241 18.
638 2219 662 2241 c.
679 2212 711 2240 6.
802 2209 861 2250 (b)
887 2209 955 2241 Lit.
974 2210 1012 2240 P.
1039 2206 1150 2248 infine
1168 2228 1178 2237 .

315 2253 374 2294 (⁸)
399 2255 476 2285 Pars
492 2253 597 2294 prima
623 2252 703 2294 legis
721 2274 732 2293 ‚
757 2252 796 2286 de
814 2254 920 2287 libero
946 2251 1080 2285 homine
1096 2250 1202 2284 occiso
1217 2273 1228 2289 ,
1254 2251 1306 2284 lex

276 2297 376 2341 Regis
404 2301 523 2330 Numae
549 2297 704 2340 Pompilii
729 2306 800 2331 erat
818 2321 829 2338 ‚
867 2306 903 2330 ut
927 2305 1061 2339 apparet
1086 2306 1127 2328 ex
1156 2297 1246 2328 Festo
1269 2296 1303 2328 in

273 2351 354 2375 voce
380 2344 503 2375 Parrict
533 2343 652 2375 Numae
666 2353 736 2376 aevo
761 2342 922 2386 parricida
950 2341 1019 2375 Diis
1047 2348 1221 2383 parentum
1238 2363 1249 2380 ,
1272 2350 1308 2373 ut

274 2386 430 2426 videtur,
455 2386 542 2420 sacer
570 2395 641 2421 erat
657 2407 667 2425 ‚
695 2388 717 2421 fi
745 2388 863 2430 capitis
888 2386 1130 2425 damnabatur,
1155 2385 1243 2427 quod
1268 2385 1308 2418 ad

273 2441 330 2464 eos
345 2441 473 2474 quoque
498 2433 653 2475 porrexit
679 2433 810 2467 Servius
828 2432 959 2466 Tullius
973 2453 984 2470 ,
1007 2431 1063 2473 qui
1079 2439 1206 2472 patrem
1233 2431 1301 2471 pul-

276 2475 393 2508 sassent
407 2496 421 2515 ‚
449 2483 485 2508 ut
498 2483 634 2518 apparet
649 2488 689 2510 ex
706 2479 799 2510 Festo
824 2477 859 2509 in
874 2487 953 2509 voce
966 2477 1088 2517 plorare
1102 2495 1110 2504 .
1136 2478 1231 2507 Tunc
1248 2475 1301 2516 igi-

277 2527 334 2553 tur
357 2519 527 2561 parricidae
551 2522 736 2562 comparari
768 2529 899 2564 poterat
926 2519 1049 2552 occisor
1072 2518 1169 2551 liberi
1201 2518 1307 2550 homi-

277 2564 331 2597 nis
354 2562 486 2606 quivis,
512 2564 588 2607 quia
612 2565 709 2608 ipsius
733 2577 859 2610 quoque
883 2564 1040 2597 delictum
1062 2562 1185 2605 capital
1209 2571 1279 2595 erat
1300 2584 1307 2592 .

277 2608 364 2642 Dein
397 2608 524 2651 legibus
539 2611 622 2643 ΧΙΙ.
646 2611 833 2644 tabularum
847 2610 969 2643 culleus
986 2631 996 2646 ‚
1024 2618 1109 2640 nova
1125 2617 1219 2649 poena
1237 2616 1308 2649 par-

276 2652 389 2687 ricidis
416 2654 604 2696 propofita,
630 2662 666 2687 ut
699 2663 834 2698 apparet
858 2665 898 2687 ex
918 2653 1051 2686 valerio
1065 2652 1224 2684 Maximo
1249 2653 1304 2683 Ι.Ῑ.

275 2708 304 2730 e.
325 2709 353 2731 x.
393 2698 581 2742 occisorem
605 2708 716 2732 autem
752 2700 901 2743 quemvis
926 2698 1033 2732 culleo
1067 2696 1208 2730 insutum
1233 2695 1305 2729 suis-

278 2742 336 2782 se,
363 2754 423 2776 nec
466 2744 623 2778 credibile
650 2746 718 2782 est,
746 2756 806 2778 nec
835 2743 960 2787 uspiam
984 2742 1104 2785 legitur
1128 2765 1137 2774 .
1166 2741 1308 2775 Mallem

279 2785 384 2837 {gitur
418 2787 480 2821 hoc
511 2789 586 2822 loco
613 2789 736 2829 capital
762 2790 828 2822 esto
852 2810 862 2827 ‚
887 2789 964 2832 quia
992 2789 1103 2830 utique
1127 2798 1168 2820 ex
1199 2786 1308 2819 Plinio

279 2842 314 2881 {n
333 2831 417 2872 Hiss.
433 2836 517 2867 Nat.
533 2836 556 2866 1.
580 2836 718 2867 XVIII.
740 2846 764 2868 c.
781 2844 810 2873 3.
834 2834 958 2866 constat
973 2855 983 2868 ,
1009 2830 1135 2875 aliquid
1159 2830 1199 2864 de
1224 2830 1307 2864 caede

279 2884 318 2907 tn
332 2876 457 2917 legibus
482 2880 564 2912 ΧῙῙ.
590 2879 777 2912 tabularum
802 2887 934 2912 cautum
957 2876 1046 2911 fuisse
1062 2901 1070 2909 .

324 2921 398 2960 (''.l
436 2924 514 2954 Pars
539 2923 620 2966 legis
645 2923 684 2957 de
699 2924 788 2957 malo
811 2924 956 2957 carmine
983 2924 1014 2955 ὃ(
1042 2932 1169 2956 veneno
1195 2930 1307 2963 perpe-

283 2971 353 2995 ram
377 2964 430 2997 hie
456 2966 627 3001 infercitur
652 2980 670 3000 a
696 2969 775 3002 viris
800 2968 934 3001 eruditis
962 2990 973 3006 ,
999 2978 1072 3001 cum
1099 2966 1139 3000 de
1163 2966 1309 2998 neutrius

283 3005 395 3039 delicti
427 3019 522 3048 poena
546 3012 580 3045 in
595 3013 723 3055 legibus
748 3012 1029 3046 Decemviralibus
1054 3012 1174 3045 sancita
1196 3032 1207 3050 ‚
1233 3021 1309 3043 con-

284 3051 343 3083 stet
370 3073 378 3081 .
405 3054 490 3085 Mali
513 3057 667 3089 carminis
691 3056 856 3090 decantati
883 3069 955 3091 reus
980 3058 1025 3090 est
1049 3057 1151 3089 etiam
1176 3054 1229 3093 is,
1254 3055 1308 3096 qui

292 3093 401 3139 fruges
426 3101 636 3142 excantaffit‚
662 3100 702 3133 de
727 3113 791 3145 quo
817 3111 928 3135 tamen
955 3100 1178 3144 fragmentum
1206 3100 1306 3142 singu-

285 3139 375 3182 lare,
402 3140 453 3176 sed
475 3141 543 3177 fine
557 3145 725 3180 mentione
761 3157 865 3190 poenae
892 3146 1027 3182 exhibet
1052 3145 1176 3182 Austor
1199 3144 1236 3179 in
1260 3153 1309 3178 ta-

1108 75 1949 139 TABULARUM.

2272 96 2372 149 171

1509 216 1550 259 C
1608 214 1650 257 A
1709 211 1740 255 P
1798 211 1843 253 U
1906 209 1949 251 T
2038 209 2201 254 LXIII,

1611 307 1678 374 De
1699 327 1822 373 Caede
1853 327 2104 383 Parentum.

1343 447 1576 547 ATque
1610 443 1731 486 caedes
1764 442 1826 485 hae
1846 474 1858 496 ,
1904 453 1950 485 ut
1982 438 2219 484 monuimus
2242 472 2254 495 ‚
2290 443 2378 497 pri-

1475 502 1536 545 sca
1579 499 1873 556 significatione
1918 498 2121 554 parricidii
2173 500 2372 544 vocabulo

1337 559 1659 615 continebantur
1700 588 1710 599 .
1763 557 1988 599 Parentum
2045 571 2139 599 vero
2183 557 2331 600 caedem
2365 590 2380 612 a

1339 615 1402 661 cui
1437 616 1516 667 uni
1549 614 1794 671 proprietate
1828 612 1893 656 sua
1925 613 2003 655 hoc
2037 627 2189 656 nomen
2222 629 2379 657 conve-

1340 674 1402 718 nit
1430 705 1442 727 ‚
1477 686 1617 728 utpote
1650 671 1880 716 criminum
1912 670 2210 715 atrociffimum
2238 702 2251 724 ,
2283 672 2382 715 adeo

1342 731 1506 775 Solonis
1538 731 1643 786 leges
1674 728 2019 773 abominabantur
2045 759 2057 781 ,
2101 741 2144 771 ut
2188 728 2291 784 quod
2329 729 2384 772 sa*¹²

1342 789 1394 832 tis
1427 804 1511 832 non
1544 786 1667 843 posset
1700 787 1865 830 vocibus
1892 818 1904 840 ,
1946 784 2105 828 silentio
2136 785 2379 830 detestaren-

1343 859 1442 889 tur:
1481 857 1620 900 utpote
1653 843 1873 900 indignum
1906 874 1918 896 ,
1949 843 2054 897 quod
2088 842 2131 886 in
2165 843 2384 898 cogitatio-2

1343 901 1459 947 nem*
1480 902 1700 946 hominum
1746 901 1876 944 verbis
1918 900 2180 943 adduceretur
2221 916 2228 941 :
2288 916 2340 955 ne
2366 934 2385 961 ι

1342 959 1454 1013 cujus
1497 959 1685 1004 criminis
1717 957 1911 1001 notitiam
1952 969 2094 1001 natura
2129 972 2212 1000 non
2245 956 2386 1014 sugge-²

1343 1017 1438 1071 rit,
1481 1034 1504 1061 a
1539 1017 1627 1073 lege
1658 1015 1870 1060 offerretur
1897 1046 1906 1058 .
1949 1016 2030 1066 (c)
2074 1016 2245 1058 Veteres
2290 1031 2386 1059 vero

1344 1077 1632 1121 Romanorum
1686 1072 1810 1128 longe
1863 1071 2035 1116 deterius
2086 1071 2133 1114 de
2191 1071 2382 1116 humanae

1342 1144 1496 1176 naturae
1527 1130 1729 1187 pravitate
1762 1129 1983 1181 judicantes
2007 1161 2021 1183 ,
2065 1143 2148 1172 non
2181 1128 2342 1172 silentio
2368 1160 2382 1181 ,

1343 1189 1404 1233 sed
1447 1201 1561 1234 metu
1618 1187 1663 1230 δε
1715 1187 1931 1231 atrocitate
1997 1201 2216 1241 poenarum
2274 1185 2378 1230 illud

1343 1257 1521 1289 avertere
1553 1244 1788 1287 studuerunt
1808 1275 1820 1297 ,
1854 1242 1939 1299 lege
1972 1242 2056 1286 lata
2081 1275 2093 1295 ,
2125 1259 2251 1298 quarn
2281 1244 2379 1286 Sca-

1344 1301 1447 1351 lis-,er
1477 1301 1564 1353 (d)
1594 1300 1746 1356 aliique
1779 1299 2007 1344 dof'tiorum
2039 1300 2270 1344 adscribunt
2302 1302 2388 1344 Re-

1343 1359 1492 1414 gibus,
1543 1372 1691 1412 nempe
1726 1355 1908 1399 Romulo
1932 1387 1945 1409 ,
1988 1367 2057 1398 aut
2099 1356 2227 1399 Tatio
2252 1388 2265 1409 ,
2318 1368 2389 1400 aut

1343 1414 1486 1460 Servio
1516 1429 1530 1468 3
1578 1427 1623 1457 ut
1654 1412 1723 1469 qui
1755 1412 1905 1469 pueri,
1936 1423 2006 1456 aut
2037 1427 2160 1455 nurus
2193 1425 2377 1467 parentes

1345 1470 1613 1516 verberassent
1644 1501 1657 1523 ‚
1697 1469 1802 1513 divis
1835 1480 2052 1524 parentum
2087 1469 2184 1512 sacri
2214 1469 2338 1514 effent
2371 1501 2381 1513 .

1345 1528 1424 1573 hoc
1454 1529 1507 1571 est
1539 1527 1643 1571 divis
1674 1525 1757 1569 illis
1786 1525 2108 1570 devoverentur.
2142 1526 2234 1568 Diis
2265 1527 2382 1571 enim

1344 1586 1481 1628 devoti
1515 1583 1611 1628 sacri
1644 1583 1820 1636 fiebant,
1850 1582 1894 1626 &
1932 1599 1956 1625 a
1987 1582 2169 1638 quolibet
2210 1583 2382 1639 impune

1345 1641 1478 1686 occidi
1520 1651 1749 1696 poterant:
1804 1651 2003 1695 tanquam
2053 1639 2145 1682 Diis
2193 1640 2380 1684 criminis

1347 1697 1433 1750 ejus
1488 1697 1690 1742 ultoribus
1742 1696 1915 1742 vietima
1969 1695 2040 1740 illa
2092 1695 2338 1741 mactaretur
2369 1729 2380 1741 .

1348 1757 1461 1799 Cum
1492 1754 1569 1798 hac
1599 1754 1646 1798 de
1680 1769 1720 1798 re
1751 1770 1774 1798 a
1806 1753 1986 1810 Regibus
2016 1754 2267 1798 nominatim
2292 1770 2389 1799 cau-

1349 1825 1438 1856 tum
1470 1811 1747 1866 reperiamus-,3
1779 1810 1837 1854 fas
1867 1810 1947 1854 erit
1978 1810 2164 1867 suspicari
2196 1843 2210 1865 ‚
2253 1811 2385 1855 mini-

1353 1885 1417 1913 me
1458 1867 1599 1913 siluiffe
1641 1868 1734 1911 illos
1763 1868 1810 1911 de
1841 1867 1946 1912 caede
1977 1879 2194 1924 parentum
2235 1899 2248 1921 ‚
2298 1869 2386 1912 eos-

1351 1942 1428 1983 que
1460 1926 1640 1970 auctores
1671 1924 1783 1970 fuisse
1814 1925 1937 1978 (***)
1970 1924 2068 1981 legis
2097 1924 2180 1977 ejus
2214 1941 2224 1966 ε
2258 1941 2384 1982 quam

1353 1983 1484 2038 postea
1515 1982 1783 2027 Decemviros
1809 1981 1929 2026 credo
1953 1982 1997 2027 in
2017 1984 2120 2027 XII.
2143 1981 2270 2025 tabul.
2290 1999 2391 2027 con·-

1353 2039 1479 2092 jecisse
1507 2071 1517 2083 .
1575 2037 1709 2090 Hujus
1748 2038 2090 2137 autemYsceleris
2131 2053 2219 2081 reus
2268 2040 2386 2082 caesus

1986 2110 2008 2138 z
2240 2112 2390 2140 cruen-

2074 2173 2397 2183 ——Q

1356 2207 1433 2241 bula
1464 2210 1549 2241 vu.
1566 2207 1692 2240 secutus
1718 2204 1962 2241 Gothofredum
1987 2227 1996 2237 .

1399 2252 1453 2294 (c)
1475 2253 1542 2286 Cic.
1570 2260 1627 2294 pro
1657 2253 1749 2292 Rosc.
2350 2274 2357 2280 .

1398 2299 1458 2339 (d)
1486 2299 1526 2329 In
1541 2295 1636 2329 verbo
1648 2298 1772 2339 plorare
1785 2318 1796 2335 ‚
1823 2295 1862 2328 Θ·
1879 2295 1974 2330 verbo
1989 2296 2123 2339 nuptias
2147 2296 2235 2339 apud
2251 2297 2390 2330 Festum.

1399 2342 1528 2384 (fist)
1557 2344 1630 2375 Imd
1668 2341 1735 2383 post
1759 2351 1871 2384 regum
1910 2349 2060 2383 tempora
2098 2341 2159 2374 hoc
2196 2342 2395 2384 suppliciunt

1353 2386 1486 2420 demum
1512 2384 1684 2428 parricidis
1709 2385 1846 2428 irrogari
1872 2387 2000 2428 coepisse
2026 2409 2036 2424 ‚
2064 2385 2165 2418 modo
2189 2398 2229 2418 ex
2259 2387 2391 2418 Valerio

1354 2432 1527 2464 didicimus
1542 2453 1550 2461 .
1579 2430 1706 2463 Primus
1730 2441 1818 2462 anno
1842 2432 1975 2464 circiter
1989 2433 2086 2463 DCL.
2106 2431 2270 2463 Publicius
2296 2431 2389 2462 Mal-

1355 2477 1457 2508 leolus
1477 2498 1488 2514 ,
1514 2483 1619 2508 matre
1647 2475 1871 2516 interempta,
1899 2476 2006 2508 culleo
2036 2475 2158 2507 insutus
2183 2476 2213 2507 8<
2239 2475 2271 2506 in
2300 2485 2390 2508 mare

1355 2520 1578 2562 praecipitatus
1605 2519 1649 2551 est
1666 2541 1675 2555 ,
1703 2527 1738 2551 ut
1764 2530 1805 2551 ex
1834 2520 1980 2561 epitome
2008 2520 2149 2552 Liviana
2175 2522 2198 2552 Ι.
2215 2521 2383 2551 LXVIII.

1357 2563 1557 2606 intelligitur
1589 2586 1597 2595 .
1624 2563 1685 2597 Cui
1716 2563 1875 2596 damnato
1899 2564 2006 2597 statim
2031 2563 2181 2596 folliculo
2205 2564 2320 2606 lupino
2346 2574 2386 2596 os

1354 2610 1549 2642 obvolutum
1577 2628 1587 2646 ‚
1613 2607 1713 2640 soleas
1738 2608 1860 2649 ligneas
1889 2608 2023 2651 pedibus
2049 2608 2197 2642 induchs
2219 2632 2229 2648 ‚
2252 2609 2300 2641 ait
2316 2611 2392 2643 Au-

1353 2654 1426 2687 stor
1448 2653 1488 2686 ad
1505 2652 1709 2686 Herennium
1724 2654 1745 2684 Ι.
1768 2663 1793 2685 1.
1822 2664 1847 2685 c.
1872 2664 1921 2692 13.
1948 2662 1984 2686 ut
2004 2665 2042 2686 ne
2058 2662 2181 2687 terram
2200 2676 2211 2694 ‚
2238 2664 2387 2688 commu·

1354 2709 1430 2732 nem
1455 2706 1622 2736 matrem,
1649 2696 1783 2740 pedibus
1806 2698 1948 2740 amplius
1961 2698 2164 2741 attingeret,
2191 2699 2264 2737 vel,
2293 2711 2391 2732 corn·

1355 2754 1492 2776 munem
1521 2753 1630 2776 aerem
1655 2742 1752 2775 aliter
1767 2742 1937 2780 hauriret,
1962 2754 2061 2786 quam
2085 2754 2142 2786 per
2156 2742 2271 2779 follem
2297 2745 2386 2777 saevae

1355 2787 1529 2831 &perfidae
1555 2787 1682 2820 bestiae.
1709 2791 1757 2819 De
1783 2787 1982 2821 animalibus
2007 2790 2114 2822 culleo
2138 2788 2321 2822 deininseri
2339 2790 2387 2821 so-

1355 2833 1450 2872 litis,
1476 2833 1679 2875 repetitaque
1692 2832 1733 2865 ab
1752 2834 2009 2874 Imperatoribus
2035 2845 2129 2872 poena
2143 2857 2152 2872 ,
2180 2834 2234 2867 usu
2252 2834 2318 2872 jam
2339 2834 2387 2866 fe-

1356 2889 1389 2910 re
1415 2877 1594 2912 intermissa
1632 2875 1842 2910 conferendus
1867 2877 2001 2912 colerus
2030 2882 2160 2922 Par-erg.
2199 2887 2265 2920 cap.
2285 2889 2315 2918 3.
2353 2880 2385 2911 &z

1357 2923 1481 2956 Nevius
1506 2921 1564 2955 lib.
1590 2933 1615 2954 ι.
1641 2922 1774 2954 amalec]
1806 2931 1873 2965 cap.
1907 2933 1958 2963 39.
1987 2925 2016 2956 8<
2049 2928 2127 2957 Ant.
2158 2924 2310 2957 Matthaei
2348 2924 2388 2955 de·

1356 2966 1545 3001 criminibus
1569 2969 1591 3001 Ι.
1611 2970 1773 3000 XLVIII.
1791 2972 1872 3009 Dig.
1892 2971 1947 3000 tit.
1967 2978 1994 3006 5.
2013 2970 2228 3008 caasa-’cundo
2241 2991 2250 3000 .
2284 2967 2385 3001 Inser-

1356 3021 1390 3046 ta
1414 3012 1521 3045 culleo
1545 3013 1656 3054 vipera
1684 3033 1694 3049 ,
1721 3012 1807 3054 quod
1838 3012 1996 3045 nascendo
2023 3023 2162 3046 matrem
2190 3033 2201 3051 ‚
2239 3012 2384 3046 coeundo

1356 3068 1481 3090 marem
1510 3068 1643 3090 enecare
1672 3057 1816 3090 dicitur.
1845 3057 1966 3089 Inserta
1980 3057 2069 3090 simia
2093 3056 2180 3100 quod
2204 3055 2321 3090 foetum
2336 3067 2387 3088 ar-

1355 3103 1458 3134 &iore
1472 3103 1648 3145 complexu
1663 3101 1838 3145 strangulat
1854 3125 1862 3132 .
1892 3101 2008 3135 Inserti
2022 3113 2117 3135 canes
2135 3104 2163 3133 ξ’(
2179 3102 2255 3143 galli
2271 3124 2281 3142 ,
2303 3100 2378 3144 quia

1357 3146 1489 3190 necipfi
1521 3147 1656 3192 proprio
1682 3146 1831 3190 sanguini
1860 3147 1890 3179 St
1906 3148 2016 3191 generi
2045 3155 2181 3190 parcunt
2199 3168 2207 3175 „
