2524 3479
261 81 280 100 ‘
707 92 1205 171 JtJRISC

148 178 240 222 0sus
269 173 440 228 injurias
471 171 703 231 perfugium
736 171 890 225 semper
910 200 923 222 ,
952 169 994 212 δε
1025 167 1186 212 unicui-

176 249 256 291 que
289 246 445 291 pateret
465 264 478 286 ,
508 244 707 284 tanquam
744 228 792 270 ad
826 238 990 282 portum
1025 226 1188 281 pericli-

177 291 390 344 tantium,
419 290 595 333 &aram
623 285 784 338 salutis,
817 299 939 339 atque
963 284 1189 327 anchoram

177 347 352 404 publica:
386 344 607 390 securitatis
632 375 640 385 .
685 345 779 398 Quo
810 342 926 397 paeto
960 341 1190 396 principes,

177 421 262 461 quo
295 406 329 448 se
363 403 525 461 publico
565 399 741 456 praesidio
768 431 781 453 ,
812 415 860 443 ac
892 399 1017 442 totius
1063 399 1190 442 ferme

178 463 321 518 populi
352 459 590 504 auetoritate
634 457 846 500 munirent
871 488 883 510 ,
927 457 1190 499 tribuniciam

178 520 251 564 fibi
302 518 541 575 potestatem
585 516 844 570 arripuerunt
879 530 889 555 z
934 514 1071 568 itaque
1105 530 1190 556 non

177 575 304 620 armis
324 576 452 619 solum
478 607 490 629 ,
525 572 584 616 sed
605 573 644 615 vi
673 604 685 625 ,
716 589 761 616 ac
780 571 866 625 jure
892 571 1077 627 populari
1096 587 1191 614 exo-

178 634 326 678 rientis
357 632 519 690 imperii
569 632 718 673 radices
752 642 943 685 perpetuo
975 630 1189 672 confirma-

180 703 314 734 runt.
349 690 555 733 DiRatore
588 703 722 732 creato
746 719 758 741 ,
801 703 896 730 cum
928 697 1072 731 Omnes
1105 703 1189 729 ma-

181 748 370 805 gistratus
410 747 602 799 cessarent
628 778 641 799 ,
685 744 753 788 hic
785 757 925 787 tamen
970 761 1073 788 unus
1107 760 1190 798 per·
1226 788 1231 793 ,

182 806 378 850 manebat
398 835 418 846 ..
440 804 689 847 Conciderat
723 802 811 845 sane
856 802 922 844 sub
952 802 1064 857 Sylla
1095 801 1194 843 Tri-

166 864 390 906 ‘bunorum
426 862 555 917 plebis
590 859 754 915 potestas
776 892 788 913 ,
820 872 982 902 tantum
1016 875 1098 902 non
1132 859 1173 902 in

182 919 412 964 tercedendi
445 918 639 962 facultate
682 917 834 960 sublata
860 933 872 970 ς
916 917 976 961 sed
1007 933 1099 960 eam
1130 918 1192 959 de-

184 993 303 1021 rnum
347 976 519 1019 restituit
560 977 643 1018 Cn.
691 973 906 1030 Pompeius
945 1008 954 1017 .
1004 977 1067 1017 Ita
1100 991 1195 1017 vero

185 1035 446 1091 magistratus
478 1033 546 1076 hic
579 1032 785 1087 popularis
815 1045 901 1074 erat
922 1065 934 1086 ,
982 1044 1026 1075 ut
1055 1048 1078 1075 a
1112 1032 1213 1087 ples

184 1092 286 1144 bejis
312 1091 434 1134 avelli
464 1105 676 1145 nunquam
701 1090 907 1145 potuerit,
937 1090 981 1132 δε
1007 1089 1193 1133 transfer-

186 1150 222 1193 ri
241 1150 288 1193 ad
315 1147 529 1191 Patricios:
566 1162 767 1201 nemoque
800 1147 872 1189 nisi
894 1146 1071 1202 plebeius
1089 1163 1198 1190 crea-

186 1206 222 1249 ri
258 1216 438 1261 poterat:
474 1220 566 1248 cum
599 1206 644 1246 ad
667 1204 767 1246 alios
798 1219 944 1246 ornnes
974 1204 1198 1259 promiscue

189 1263 364 1319 plebeii,
395 1279 442 1307 ac
474 1262 633 1317 patricii
664 1273 929 1304 vocarentur.

307 1377 749 1421 CAPUT

535 1465 600 1507 De
635 1463 823 1506 ‹''0m1‘tiis
842 1495 851 1504 .

865 1375 1085 1420 XXVIII,

313 1554 413 1595 Unc
443 1550 649 1607 quomodo
682 1551 792 1605 plebs
812 1582 824 1604 ,
856 1550 899 1594 δε
932 1549 1103 1606 populus
1131 1548 1201 1591 du-

343 1626 386 1652 ce
408 1641 418 1660 ,
451 1625 496 1650 ac
517 1608 679 1651 vindice
699 1610 891 1651 Tribuno
906 1640 916 1660 ,
938 1607 1203 1659 majestatem,

188 1680 236 1708 ac
288 1667 523 1719 potestatem
563 1665 671 1707 suam
720 1666 767 1708 ad
807 1667 912 1721 leges
978 1664 1206 1708 condendas

189 1722 419 1786 conferret,
443 1724 764 1778 explicabimus.
797 1725 1009 1767 Senatores
1041 1722 1203 1778 quidem

189 1795 234 1822 m
264 1782 447 1834 curiam,
481 1797 524 1825 ut
556 1782 760 1833 diximus,
792 1797 838 1824 ac
872 1780 1015 1835 plebeii
1058 1795 1204 1823 evoca-

194 1837 339 1881 bantur
372 1839 415 1880 in
447 1849 638 1894 campum
656 1871 668 1891 ,
700 1839 945 1892 comitium,
978 1840 1020 1881 &
1042 1837 1176 1880 forum
1199 1868 1207 1878 .

192 1895 388 1951 Cumque
410 1912 496 1952 pars
522 1896 658 1951 populi
682 1898 945 1949 conveniret,
973 1895 1207 1945 consilium,

165 1970 168 1973 ·
194 1968 290 2016 cum
311 1966 445 2016 autem
470 1955 640 2009 populus
665 1954 792 1998 coiret
814 1953 1046 2006 universus,
1079 1952 1206 1996 comi-

197 2021 254 2051 tia
287 2009 556 2064 dicebantur,
600 2028 647 2055 ac
684 2011 912 2055 centuriata
954 2010 1122 2052 comitia
1167 2011 1206 2050 in

173 2081 342 2128 >campo
374 2069 565 2120 Martio,
598 2069 750 2111 curiata
785 2070 827 2110 in
853 2068 1071 2119 Comitio,
1103 2066 1207 2121 quod

196 2136 282 2186 erat
311 2127 399 2166 toro
430 2125 663 2176 adjunCtum
691 2158 702 2177 ,
735 2127 820 2168 imo
839 2126 881 2168 δε
908 2126 1037 2176 ipsum
1060 2139 1148 2178 pars
1168 2140 1198 2165 a·

195 2179 307 2244 liqua
333 2181 409 2224 fori
437 2215 448 2233 ,
482 2182 592 2234 cujus
631 2183 799 2226 initium
827 2199 850 2226 a
877 2183 1021 2225 Palatii
1059 2194 1208 2234 porta3

197 2239 348 2302 tributa
369 2241 432 2289 (a)
457 2256 552 2282 vero
585 2241 839 2283 habebantur
865 2240 930 2283 vel
958 2240 1000 2282 in
1037 2254 1208 2293 campo,

197 2294 260 2338 vel
293 2312 336 2359 in
370 2297 566 2348 comitio,
602 2298 663 2340 vel
691 2297 968 2353 aliquandoin
997 2296 1207 2350 capitolio,

196 2353 260 2417 vel
291 2369 331 2395 in
356 2354 504 2408 pratis,
539 2355 709 2411 vicoque
741 2355 956 2398 Flaminiis
1015 2354 1137 2396 Nihil
1169 2369 1203 2396 e-

194 2425 282 2453 nim
310 2411 504 2455 referebat
527 2427 640 2455 extra
658 2430 706 2456 ne
724 2445 735 2466 ,
761 2429 811 2455 an
838 2414 944 2456 intra
963 2411 1209 2465 ¹r02'rioe1·ium

197 2481 438 2532 cogerentur
464 2486 474 2511 r
510 2486 604 2513 cum
635 2471 713 2513 alia
741 2471 910 2513 comitia
936 2471 1091 2512 summa
1118 2469 1208 2510 reli-

196 2539 319 2580 gione
350 2527 468 2569 certis
488 2528 610 2570 essent
636 2528 736 2571 locis
760 2528 953 2579 alligata.
985 2527 1070 2578 (b)
1096 2527 1208 2568 Cum

197 2584 493 2647 veroconsilia
516 2585 652 2640 populi
681 2618 692 2638 ,
724 2586 766 2628 ἃ
788 2584 936 2637 judicia
962 2583 1206 2627 conventus-

196 2656 280 2704 que·
306 2641 486 2704 judicum
528 2643 835 2686 celebrabantur
872 2641 1089 2685 comititiis
1116 2657 1209 2685 cen-

181 2708 360 2761 turiatis
389 2716 397 2740 :
436 2699 539 2742 ratio
567 2700 847 2756 suffragiorum
887 2716 970 2743 non
1002 2716 1050 2743 ex
1085 2699 1212 2754 singu-

206 2753 258 2797 lis
279 2755 516 2819 bominibus
543 2758 747 2811 inibatur,
776 2758 833 2801 sed
860 2755 1095 2814 ex'fingulis
1119 2773 1210 2801 cen-

176 2869 178 2871 ·
208 2823 330 2874 turus
350 2830 362 2867 3
385 2829 428 2858 ut
455 2816 558 2870 quod
584 2816 715 2871 plures
750 2816 944 2860 centuriae
980 2815 1117 2871 populi
1144 2815 1213 2858 sci—

206 2869 352 2913 vissent
378 2904 389 2925 ,
411 2872 460 2936 ³icl
489 2887 619 2928 ratum
641 2874 868 2930 justumque
893 2874 1010 2918 esset:
1039 2873 1151 2917 sicuti
1173 2873 1215 2916 δε

314 2929 414 2984 Iam
446 2932 634 2975 Gravinae
664 2936 779 2976 Tom.
795 2935 829 2975 I.

198 3023 415 3037 ——-—-.

419 3030 1092 3044 ——-——--——.—---—-—-———.
1099 3033 1208 3040 ...—

205 3053 490 3130 Urget-{Maniam
523 3061 571 3095 lib
587 3073 617 3102 3.
646 3071 714 3106 cap.
737 3075 786 3106 ¹7·
805 3064 843 3097 (9⁴
860 3074 891 3097 2.
910 3064 987 3108 epit.
1012 3063 1214 3106 Topograpb.

253 3144 309 3185 (b)
334 3146 453 3181 Ponet.
472 3151 541 3192 hist.
561 3155 624 3195 for.
645 3156 738 3188 Rom.

1246 86 1714 144 1v1L1s.
2196 82 2263 153 27

1238 166 1280 209 in
1315 163 1481 209 curiatis
1505 196 1517 218 ,
1547 161 1657 219 quod
1684 157 1820 216 plures
1865 157 2017 213 curiae3
2049 159 2092 202 δε
2117 158 2160 202 in
2189 160 2262 203 tri⁴

1239 223 1347 267 buris
1372 222 1479 279 quod
1506 220 1637 277 plures
1675 218 1804 259 tribus
1831 216 2182 272 comprobassent,
2213 217 2255 260 id

1239 295 1323 324 erat
1349 281 1517 323 firmum
1534 310 1543 320 .
1567 275 1854 319 Comitiorum
1879 272 2072 317 omnium
2096 275 2255 317 curiata

1241 340 1332 383 sunt
1371 336 1649 392 antiquissima
1679 349 1690 386 3
1723 333 1872 388 quippe
1910 332 2055 388 quibus
2089 331 2258 385 imperii

1240 395 1507 442 fundamenta
1536 391 1638 443 jaeca
1664 392 1779 443 sunt,
1809 390 1852 433 δε
1872 407 1894 432 a
1923 388 2061 445 priscis
2076 387 2258 440 Regibus

1239 467 1333 497 ante
1357 450 1545 494 Servium
1567 446 1762 490 Tullium
1778 478 1791 499 ,
1823 447 1893 502 qui
1919 446 2089 490 comitia
2117 457 2260 488 centu-

1240 508 1424 562 riata,&
1444 506 1645 550 centurias
1668 502 1844 547 instituit
1859 536 1868 552 ,
1888 503 1990 555 jussae
2005 503 2110 559 leges
2125 517 2265 555 ‚crea-2

1241 569 1270 612 ti
1310 566 1595 621 magistratus,
1633 561 1792 605 bellum
1825 561 1868 604 &
1907 577 1984 615 pax
2009 561 2262 611 constituta,

1244 627 1483 678 summaque
1512 619 1765 675 Reipublicae
1786 618 2093 661 administrata:
2130 617 2184 659 ita
2218 630 2266 660 ut

1247 681 1501 739 sequentibus
1532 676 1794 732 :temporibus
1818 708 1831 730 ,
1863 676 1906 718 in
1930 677 2075 731 quibus
2106 673 2264 717 curiata

1243 739 1411 784 comitia
1432 736 1719 780 obsoleverunt
1743 765 1754 787 ,
1780 750 1825 777 ac
1851 746 2014 776 tantum
2050 731 2262 788 religionis

1244 798 1356 841 causa
1391 795 1647 851 perstiterunt
1671 825 1682 844 ,
1714 791 1820 848 quod
1860 791 1908 834 iis
1958 790 2088 841 major
2119 789 2263 833 inesset

1246 857 1445 899 sacrorum
1479 853 1521 895 ὅ(
1545 850 1816 906 auspiciorum
1842 849 2082 892 austoritas:
2117 861 2262 891 tamen

1245 913 1335 956 aliis
1367 913 1410 955 in
1435 910 1576 964 rebus,
1608 909 1656 951 ad
1697 907 1869 963 speciem
1900 906 2071 959 saltem,
2104 916 2262 948 retenta

1246 970 1487 1021 fuerinttlut
1506 983 1600 1010 cum
1625 966 1831 1008 summum
1858 964 2156 1020 magistratibus
2182 962 2264 1004 irn-

1248 1028 1404 1083 perium
1430 1024 1670 1068 centuriatis
1703 1022 1905 1077 obtigisset
1932 1020 2137 1075 comitiis,
2170 1032 2261 1062 turn

1246 1087 1412 1130 demum
1438 1084 1586 1139 pleno,
1606 1094 1725 1136 atque
1749 1080 1907 1135 optimo
1927 1078 2012 1130 jure
2036 1079 2177 1121 datum
2202 1076 2261 1120 es-

1249 1144 1328 1196 set,
1362 1143 1388 1185 s1
1413 1142 1477 1183 lex
1508 1137 1719 1183 accessisset
1743 1137 1921 1180 curiata:
1956 1151 2045 1191 quae
2059 1151 2142 1179 non
2167 1136 2258 1190 qui-

1247 1202 1338 1243 dem
1368 1198 1474 1242 veris
1497 1229 1508 1250 ,
1544 1197 1604 1239 sed
1629 1211 1698 1249 per
1727 1194 1900 1250 triginta
1930 1193 2090 1236 littores
2117 1224 2129 1246 ,
2178 1190 2259 1235 tri-

1249 1258 1365 1313 ginta
1390 1254 1518 1298 curias
1538 1252 1756 1297 referentes
1771 1283 1781 1303 ,
1808 1251 2062 1294 adumbratis
2083 1249 2262 1293 comitiis

1250 1315 1478 1357 ferebatur:
1515 1311 1572 1352 ita
1606 1322 1649 1351 ut
1674 1308 1780 1350 binis
1805 1307 1989 1350 comitiis
2019 1308 2065 1349 de
2093 1306 2260 1358 majori-

1251 1373 1320 1414 bus
1342 1368 1532 1425 Reipubl.
1557 1365 1733 1422 negotiis
1756 1381 1853 1407 curn
1881 1362 2037 1420 Populo
2065 1363 2260 1419 discepta-

1219 1431 1221 1436 ’
1254 1442 1360 1473 retur
1374 1444 1385 1480 ·,
1400 1441 1575 1483 quorum
1601 1439 1736 1479 priora
1750 1454 1762 1476 ,
1777 1437 1924 1478 nempe
1951 1421 2178 1465 centuriata
2192 1436 2262 1463 ve*

1254 1504 1294 1529 ra
1318 1498 1459 1535 erant3
1479 1483 1694 1539 posteriora
1714 1514 1726 1535 ,
1748 1495 1896 1535 nempe
1921 1479 2077 1522 curiata
2109 1479 2152 1521 in
2177 1478 2261 1532 spe-

1252 1545 1358 1588 ciem
1383 1542 1675 1596 usurpabantur
1692 1570 1701 1580 .
1721 1540 1859 1593 Quam
1878 1536 2019 1582 vetusti
2048 1536 2173 1579 moris
2195 1551 2268 1578 no-

1254 1603 1407 1654 titiam,
1428 1599 1599 1654 optimis
1619 1597 1708 1640 sane
1734 1594 2004 1647 conjezffilris,
2019 1593 2162 1637 elicuit
2185 1595 2265 1635 Ni«

1255 1659 1390 1704 colaus
1413 1655 1623 1700 Gruchius
1645 1669 1694 1697 ex
1719 1655 1783 1696 M.
1799 1651 1934 1695 Tullii
1961 1652 2060 1695 locis
2077 1683 2085 1699 ,
2101 1651 2265 1706 (c)qui-

1259 1721 1327 1760 bus
1360 1718 1401 1758 in
1423 1714 1593 1758 eandem
1626 1710 1869 1755 sententiam
1900 1710 1944 1753 ἃ
1967 1711 2267 1752 Hotomannus

1259 1776 1334 1817 fuit
1353 1772 1541 1816 adduttus
1557 1804 1565 1813 .
1599 1772 1692 1825 Qa
1724 1769 1770 1812 de
1791 1784 1830 1811 re
1858 1768 2003 1810 acriter
2022 1768 2129 1810 inter
2152 1768 2263 1809 Gru—-

1258 1833 1398 1877 chium
1415 1863 1427 1883 ,
1464 1831 1507 1873 ἃ
1536 1827 1756 1884 Sigonium
1780 1825 1999 1868 dimicatur
2020 1857 2028 1866 .
2061 1826 2198 1880 Atque
2223 1835 2270 1866 ut

1259 1889 1550 1934 concludamus
1593 1885 1800 1937 breviter,
1833 1882 2131 1938 magistratibus
2180 1897 2268 1924 ma-

1258 1948 1408 1999 joribus
1429 1978 1440 1998 ,
1485 1944 1554 2001 qui
1589 1941 1827 1986 centuriatis
1853 1957 1865 1995 3
1897 1940 2127 1984 minoribus
2153 1971 2164 1992 ,
2195 1937 2268 1994 qui

1261 2004 1420 2048 tributis
1452 2002 1634 2046 comitiis
1665 2000 1909 2042 creabantur
1931 2030 1943 2051 ,
1988 1997 2156 2052 potestas
2198 2011 2266 2038 ac·-

1260 2062 1423 2106 cedebat
1455 2059 1615 2115 plenior
1646 2072 1696 2100 ex
1731 2056 1895 2099 curiatis
1940 2056 1983 2097 in
2018 2054 2187 2109 speciem
2219 2068 2265 2095 u-

1261 2119 1426 2175 surpatis
1453 2149 1464 2170 ,
1506 2130 1702 2172 tanquam
1751 2129 1800 2156 ex
1836 2110 2091 2155 solemnitate
2133 2108 2264 2160 majo-

1260 2178 1322 2230 ri,
1353 2187 1473 2232 atque
1515 2175 1657 2216 umbra
1688 2172 1861 2227 quadam
1905 2168 2051 2212 veteris
2084 2166 2266 2217 majesta«

1261 2236 1308 2278 tis
1329 2268 1338 2277 .
1372 2232 1560 2275 Tributis
1591 2229 1774 2275 comitiis
1798 2260 1809 2281 ‚
1844 2243 1928 2270 non
1963 2225 2092 2269 solum
2124 2226 2264 2266 Urba-

1262 2293 1301 2335 ni
1335 2291 1588 2346 magistratus
1615 2321 1627 2341 ,
1670 2287 1850 2330 minores
1893 2283 2046 2328 scilicet
2071 2315 2083 2337 ,
2132 2281 2190 2324 sed
2223 2281 2266 2323 δε

1263 2348 1535 2393 provinciales
1575 2347 1815 2389 creabantur
1853 2357 1997 2385 omnes
2030 2373 2041 2394 ‚
2085 2341 2128 2383 ὃς
2162 2340 2268 2381 Pon-

1260 2409 1386 2451 tifices
1409 2404 1618 2457 Maximi,
1643 2405 1828 2458 Augures
1848 2399 2273 2451 ,Feciales‚8eptem-

1260 2465 1335 2509 viri
1361 2463 1614 2518 epulonum,
1635 2461 1678 2504 ἃ
1703 2458 1937 2515 quindecim
1964 2456 2039 2498 viri
2066 2452 2195 2496 Sacris
2217 2452 2275 2495 fa-

1261 2522 1417 2566 ciundis
1433 2538 1440 2560 :
1458 2533 1575 2575 atque
1598 2520 1638 2561 in
1660 2519 1808 2559 horum
1824 2514 2086 2557 Sacerdotum
2102 2510 2272 2554 creatio-

1263 2596 1311 2623 ne
1333 2579 1457 2621 tribus
1482 2577 1530 2622 ad
1550 2574 1779 2630 suffragium
1800 2573 2074 2615 vocabantur:
2109 2583 2203 2612 cum
2233 2583 2274 2610 aa

1264 2639 1303 2681 lii
1330 2635 1560 2679 Sacerdotes
1586 2650 1607 2679 a
1632 2633 1706 2674 suis
1731 2629 1915 2683 collegis
1950 2637 2265 2683 cooptarentur,

1261 2697 1326 2748 (d)
1352 2694 1488 2738 iisdem
1511 2689 1692 2734 comitiis
1715 2688 1948 2731 ferebantur
1978 2686 2021 2729 δί
2046 2683 2270 2740 plebiscita,

1263 2768 1349 2809 quae
1363 2752 1409 2794 ad
1428 2749 1552 2793 solam
1574 2748 1733 2802 plebem
1757 2745 2012 2799 pertinebant
2028 2756 2119 2785 ante
2137 2741 2274 2793 legem

1264 2808 1550 2860 Hortensiam,
1585 2808 1601 2858 (
1627 2807 1686 2855 e)
1719 2820 1823 2860 qua,
1858 2802 1997 2846 sedatis
2027 2797 2232 2843 discordiis
2253 2828 2266 2850 ,

1264 2869 1360 2921 juris
1391 2866 1611 2910 discrimen
1644 2864 1751 2906 inter
1785 2860 1977 2961 patrgcios
2004 2891 2015 2913 ,
2056 2858 2098 2901 ἃ
2130 2856 2268 2918 plebe-

1891 2947 1912 2961 Δ
2211 2927 2270 2964 yos

1314 3059 1360 3098 (c)
1387 3059 1454 3092 Cic.
1486 3036 1522 3088 d}
1549 3057 1612 3099 leg.
1633 3066 1700 3098 agr.
1723 3067 1753 3086 2.
1784 3056 1862 3086 Hot.
1886 3027 1978 3090 lib-ig.
1999 3058 2124 3092 [ερατ.
2154 3046 2274 3087 Antiq-

1274 3108 1364 3138 Rom.
1381 3105 1416 3136 de
1434 3104 1550 3135 Comit.
1605 3103 1652 3142 (d)
1682 3105 1761 3134 Hot.
1780 3103 1859 3132 Ant.
1875 3097 1967 3131 liba.
1985 3104 2110 3137 cap-12.
2211 3133 2218 3140 α

1314 3150 1370 3193 (e)
1394 3152 1447 3183 An
1463 3148 1636 3183 Horatiam
1651 3168 1664 3190 ,
1687 3147 1766 3181 vide
1783 3148 1864 3179 ΕΙ).
1879 3140 2045 3185 ad1.2.ff.
2057 3141 2094 3174 de
2108 3137 2186 3180 orig·
2200 3139 2265 3175 1³⁴?-
