2596 3479
196 79 297 116 122

183 199 370 253 regimen
404 214 623 254 paucorum
666 232 677 253 ,
719 200 825 256 quod
870 199 998 242 fuerat
1041 199 1213 254 optima-

620 65 722 120 DE
776 65 968 138 JURE
1014 65 1433 122 NATURALI
1463 108 1480 138 ,
1520 69 1933 138 GENTIUM,

180 153 225 182 ac
259 139 460 194 simplices
491 138 542 183 ab
572 139 827 186 astutioribus
862 153 1129 197 premuntur,
1164 142 1219 185 sit
1279 144 1408 187 &oris
1438 145 1491 189 siti

1527 161 1536 186 τ
1582 145 1689 201 quod
1731 149 1935 202 agnovisse
1970 146 2159 193 videntur
2193 149 2332 191 Persa-—

1286 218 1375 244 rum
1411 203 1610 256 primores
1640 206 1742 259 apud
1777 207 2034 252 Herodotum
2062 239 2074 260 ‚
2117 211 2206 261 (a)
2238 223 2333 251 cum

185 268 306 300 tum.
354 256 476 300 Unde
511 257 734 300 multitudo
769 257 1030 312 praesentibus
1064 256 1226 309 injuriis
1281 260 1562 304 de'abolenda
1595 263 1836 312 mqnarcliia
1871 263 2178 318 consultarent,
2211 265 2328 317 ajunt

183 315 416 370 exasperata
453 347 465 368 ‚
513 315 555 358 &
601 316 800 358 memoria
844 314 1145 359 dominationis
1179 314 1227 357 il-
1282 317 1396 360 enim
1430 317 1619 384 {721t'1t57'd1
1646 318 1714 368 μῖν
1743 321 1811 371 γάρ
1833 325 1852 364 ἡ
1883 323 1900 373 (
1930 323 2099 374 αυθρώπῳ
2127 322 2234 369 ὕβρις
2263 320 2333 363 ὀπό

187 373 266 416 lius
293 405 306 426 ,
338 373 406 429 qui
441 386 535 416 ante
567 373 787 427 optimates
822 374 981 429 regebat
1014 405 1026 428 ‚
1059 373 1221 417 exterri-

185 442 225 474 ta
249 463 261 484 ,
295 431 478 484 regimen
514 430 583 473 sibi
618 446 696 484 prae
732 432 766 474 se
802 431 959 484 sumit,
993 432 1226 474 communi-

187 505 265 544 que
308 488 501 531 omnium
535 488 705 532 consilio
740 505 801 532 res
834 489 1067 532 moderatur
1095 522 1106 531 .
1154 491 1230 531 De-

188 547 340 590 fluente
375 562 468 590 vero
500 546 702 589 memoria
735 547 940 590 malorum
968 580 979 599 ‚
1025 547 1068 590 ὅτ.
1104 547 1222 589 subla·

190 605 242 647 tis
286 621 307 647 e
341 604 424 647 vita
481 604 806 659 prudentioribus
850 606 931 648 illis
974 605 1017 648 δε
1065 604 1225 647 seniori·

191 662 261 704 bus
283 693 294 714 ,
330 661 472 716 posteri
510 662 785 717 periculorum
815 663 944 719 ignari
969 695 981 714 ,
1018 663 1145 718 spreta
1173 661 1232 712 ju-

188 719 241 761 ris
274 719 534 774 etqualitate,
569 720 675 763 inter
703 721 735 764 se
762 722 807 763 de
837 720 1020 775 potentia
1055 752 1066 769 ,
1102 720 1234 762 hono-

190 776 375 831 ribusque
411 778 699 831 contendunt,
735 778 917 833 suffragia
951 777 1235 820 multitudinis

192 833 480 889 largitionibus
526 835 718 890 donisque
752 849 964 889 captantes
986 867 996 887 ‚
1031 848 1150 889 atque
1184 835 1234 877 ab

190 892 301 934 avita
327 892 516 935 modestia
552 924 564 945 ‚
607 893 650 935 &
695 893 905 936 sobrietate
946 893 992 933 ad
1022 906 1233 947 compota-

190 950 323 992 tiones
346 981 357 1002 ,
390 950 603 1006 epulasque
639 950 891 993 traducentes
921 949 1080 1002 plebem
1104 982 1116 1002 ,
1148 965 1236 1005 quae

190 1007 293 1061 gulae
324 1039 335 1059 ,
384 1007 635 1062 lasciviaeque
680 1007 816 1050 dedita
867 1007 1099 1063 suffragium
1144 1024 1236 1064 gra-

193 1066 374 1119 tiamque
410 1064 519 1107 suam
552 1080 574 1106 a
607 1065 764 1107 meritis
796 1063 992 1108 transfert
1025 1065 1072 1108 ad
1105 1081 1201 1122 opes
1224 1097 1233 1107 .

193 1123 252 1164 At
295 1137 389 1164 cum
436 1122 685 1176 potentiores
718 1121 1002 1166 illi‘satiaridae
1036 1123 1146 1178 plebi
1176 1123 1241 1166 sua

189 1178 441 1233 patrimonia
471 1179 760 1224 exhauserim:
795 1181 995 1236 postremo
1021 1197 1117 1224 cum
1147 1181 1236 1225 uni-

190 1237 302 1281 versa
333 1236 510 1280 faeiione
546 1237 611 1280 sua
642 1252 946 1282 convertuntur
978 1238 1026 1280 ad
1048 1239 1238 1293 praedam:

192 1294 297 1337 unde
331 1293 610 1347 faffionibus,
642 1295 686 1338 ὅ(
719 1295 982 1339 seditionibus
1017 1296 1244 1351 respublica

196 1351 435 1394 laceratur:
489 1365 531 1394 ut
578 1352 699 1395 alicui
733 1368 781 1396 ex
817 1352 1069 1408 principibus
1103 1353 1239 1396 fastio-

198 1423 298 1452 num
330 1408 379 1451 sit
409 1410 738 1453 occumbendum
777 1427 786 1452 :
821 1426 870 1454 ex
902 1410 1051 1466 quibus
1079 1410 1150 1467 qui
1184 1410 1242 1454 su-

199 1466 402 1521 peraverit
430 1498 441 1515 ,
477 1468 644 1510 remotis
665 1467 984 1521 impedimentis
1013 1499 1026 1520 ,
1070 1479 1245 1523 occupat

1284 379 1358 414 -τών
1379 389 1583 422 παρεσντων
1604 374 1743 424 ἀγαθῶν
1759 408 1771 429 ‚
1801 378 1927 427 φθόνος
1951 376 1998 417 δι’
2027 378 2194 433 ἀρχῆθεν
2214 376 2339 429 η’νεμ-

1285 432 1418 480 φύεται
1446 428 1635 481 α’νθορώῳ
1652 459 1661 467 .

1476 543 1917 588 CAPUT
2008 548 2137 592 XXI.

1313 661 1381 704 De
1411 659 1620 702 variarum
1650 660 1848 715 regionum
1873 661 2022 715 legibus
2045 661 2072 712 ,'
2090 661 2146 704 (θ’
2170 679 2305 705 earum

1717 732 1868 772 ortgme
1885 748 1896 758 .

1367 834 1553 887 Uprema
1585 847 1684 874 vero
1716 833 1884 886 poteslas
1923 864 1935 887 ‚
1967 832 2046 877 sive
2079 833 2121 877 in
2147 832 2334 889 'optima-

1387 892 1526 942 tibus,
1559 889 1637 933 sive
1672 890 1715 932 in
1751 890 1933 946 principe
1971 923 1983 944 ,
2036 891 2115 934 sive
2147 894 2231 946 ‘pro
2265 891 2332 935 sua

1287 947 1473 1004 cujusque
1505 947 1692 1002 portione
1726 947 1910 990 consistat
1943 948 1987 992 in
2007 949 2226 1003 omnibus,
2259 965 2332 992 ex-

1289 1004 1460 1058 plicatus
1493 1019 1564 1058 per
1593 1004 1882 1060 magistratus,
1915 1006 1958 1048 δε
1990 1006 2138 1057 judices
2167 1039 2179 1060 ‚
2213 1007 2332 1050 adhi-

1290 1063 1383 1126 bitis
1416 1063 1458 1105 in
1490 1061 1708 1104 consilium
1739 1062 2042 1112 Jurisconsultis
2071 1095 2087 1116 ,
2136 1066 2204 1119 qui
2244 1064 2336 1107 sunt

1290 1120 1428 1176 legum
1463 1135 1580 1162 voces
1602 1151 1614 1173 ,
1655 1119 1698 1162 ὅ(
1729 1118 1826 1171 juris
1858 1121 2033 1164 custodes
2061 1153 2074 1175 ,
2119 1135 2241 1177 atque
2271 1121 2344 1173 jus

1291 1179 1405 1222 stitiae
1456 1177 1711 1221 sacerdotes.
1762 1179 1884 1221 Hanc
1927 1192 2067 1222 autem
2099 1179 2335 1227 universam

1293 1238 1495 1280 rationem
1530 1233 1703 1289 publicae
1734 1235 2047 1291 tranquillitatis
2079 1237 2337 1292 prudentissi-

1295 1295 1353 1337 mi
1390 1292 1681 1349 legumlatores
1707 1324 1718 1344 ,
1753 1305 1796 1335 ut
1832 1294 2076 1348 populorum
2113 1310 2259 1338 natura
2281 1294 2339 1338 fe·-

1297 1352 1407 1395 rebat
1437 1383 1449 1403 ‚
1496 1350 1728 1393 formarunt
1755 1381 1767 1402 ,
1799 1363 1917 1406 atque
1951 1352 2184 1404 flexerunt,
2217 1353 2260 1395 ὃς
2291 1351 2342 1394 ad

1297 1410 1383 1452 suos
1414 1407 1604 1463 cujusque
1638 1406 1815 1462 regionis
1848 1439 1860 1460 ,
1905 1407 1946 1451 δι
1978 1410 2177 1465 temporis
2209 1423 2345 1454 mores

1295 1467 1530 1510 derivarunt
1565 1497 1577 1507 .
1621 1467 1735 1507 Hinc
1768 1466 1960 1519 quamvis
1990 1482 2117 1510 unam
2148 1467 2344 1510 omnibus

197 1524 364 1566 omnia.
401 1524 556 1583 Itaque?
572 1524 793 1579 respublica
814 1557 827 1577 ,
859 1541 948 1581 quae
977 1525 1027 1567 ab
1059 1540 1141 1568 uno
1174 1541 1242 1568 ve·
1266 1530 1270 1590 i
1297 1523 1521 1568 honestatis
1567 1521 1914 1569 informationem
1959 1536 2103 1567 natura
2133 1523 2296 1567 dediffet
2329 1539 2348 1575 ς,

201 1594 316 1624 uerat
350 1580 394 1622 ad
431 1580 562 1635 plures
596 1614 607 1634 ,
651 1597 671 1623 a
706 1581 888 1636 pluribus
919 1582 1092 1638 denique
1123 1581 1271 1646 refer-1
1297 1581 1416 1624 vultu
1482 1594 1627 1623 tamen
1708 1595 1756 1623 ac
1819 1579 1947 1634 specie
2001 1581 2179 1626 minime
2237 1579 2346 1636 apud

171 1642 180 1650 ‘
205 1651 271 1680 ‘cur
302 1639 348 1680 ad
382 1653 508 1680 unum
544 1670 557 1689 ‚
589 1654 687 1693 quas
710 1639 1010 1682 -viciffitudines
1043 1640 1164 1683 initio
1198 1640 1245 1683 li·
1268 1648 1272 1692 ι
1297 1654 1441 1684 omnes
1497 1636 1747 1693 exprimitur
1799 1637 1940 1680 eadem
1985 1655 2032 1682 ac
2075 1639 2238 1683 diversae
2271 1653 2345 1694 po-

206 1695 264 1737 bri
314 1695 425 1738 tertii
469 1695 695 1738 distinctius
725 1696 1034 1752 :explicabimus
1068 1728 1085 1750 ,
1129 1693 1273 1754 idquel
1300 1696 1491 1753 pulorum
1524 1727 1537 1749 ,
1581 1696 1623 1739 ὃς
1672 1695 1949 1749 discrepantes.
1987 1698 2073 1748 ζ’)
2118 1697 2208 1741 sunt
2240 1695 2351 1739 inter

205 1752 343 1795 evenit
388 1766 550 1808 propter
598 1753 825 1797 satietatem
859 1754 1118 1809 praesentium
1152 1787 1164 1809 ‚
1207 1750 1273 1809 &j
1302 1756 1335 1798 se
1369 1754 1523 1810 leges3
1573 1751 1772 1808 quoniam
1822 1767 1906 1795 non
1952 1753 2092 1798 iisdem
2135 1753 2350 1799 ex'fonti-

204 1810 432 1852 absentium
472 1810 768 1863 cupiditatem:
801 1827 847 1854 ac
880 1824 1043 1867 propter
1073 1811 1273 1856 oblivio-i
1301 1813 1374 1855 bus
1409 1812 1519 1854 suam
1553 1824 1698 1853 omnes
1729 1809 1875 1853 dicunt
1907 1810 2137 1855 utilitatem
2168 1828 2180 1854 t
2230 1825 2350 1854 cum-

207 1881 304 1908 nem
338 1865 544 1910 malorum
581 1881 769 1911 veterum
801 1899 814 1921 ‚
862 1880 987 1924 atque
1026 1869 1274 1924 ignoratio-2
1303 1885 1380 1926 que
1413 1884 1544 1912 unum
1578 1867 1624 1910 fit
1655 1882 1757 1923 opus
1788 1866 2076 1913 universorum
2109 1901 2123 1924 ,
2171 1867 2354 1924 fingula-

211 1939 309 1967 nem
343 1924 656 1969 imminentium
691 1924 963 1980 periculorum
989 1958 998 1968 .
1031 1927 1145 1970 Hinc
1168 1918 1277 1988 sen-l
1304 1943 1395 1970 rum
1447 1939 1588 1968 tamen
1638 1925 1799 1968 urbium
1846 1925 2033 1981 regimen
2075 1942 2151 1982 pro
2191 1938 2354 1980 tempo-

207 1980 279 2024 fim
310 1982 430 2024 status
455 1981 628 2037 quilibet
656 1982 1055 2036 civitatisinclinat·⁷
1084 2001 1130 2028 ac
1153 1984 1253 2028 sem·
1305 2000 1394 2028 rum
1439 1984 1482 2026 ὃς
1516 1998 1681 2026 morum
1725 1982 1925 2026 varietate
1957 1983 2246 2040 distinguitur.
2280 1983 2347 2025 Sa·

210 2052 283 2093 per
306 2038 348 2081 in
381 2038 556 2082 deterius
583 2037 666 2082 ruit
687 2056 697 2080 :
733 2039 841 2083 unde
864 2040 1090 2084 Horatius:

325 2156 452 2198 AEtas
476 2165 687 2210 parentum
711 2156 826 2211 pejor
853 2156 950 2198 avis
978 2156 1077 2199 tulit

331 2210 423 2252 Nos
453 2213 655 2265 nequiores
676 2243 687 2264 ‚
720 2229 807 2254 mox
838 2214 998 2255 daturos

329 2267 564 2322 Progeniem
595 2268 832 2321 vitiofiorem
852 2300 865 2312 .

214 2379 416 2434 Quamvis
447 2381 561 2425 enim
594 2382 780 2427 arceatur
805 2384 866 2428 vis
885 2395 1051 2428 externa
1076 2416 1089 2438 ‚
1121 2396 1264 2428 tamen

215 2451 270 2498 ut¹
293 2436 446 2480 ferrum
482 2439 667 2494 rubigine
693 2473 706 2494 ,
741 2441 906 2497 lignum
941 2443 1083 2486 blattis
1103 2475 1114 2496 ‚
1147 2446 1185 2484 ἃ
1211 2444 1264 2486 ti—

216 2495 306 2537 neis
337 2495 523 2538 exeditur
549 2511 560 2536 τ
595 2497 650 2539 ita
683 2499 918 2554 respublicae
948 2500 1161 2543 intestinis
1176 2516 1266 2543 ma-

217 2551 351 2595 lorum
405 2551 627 2596 seminibus
671 2555 715 2598 Sc
759 2556 948 2612 cognatis
991 2557 1111 2601 vitiis.
1152 2558 1268 2601 deni·-

217 2608 584 2669 que-subruuntur
627 2642 637 2653 .
689 2614 1014 2657 Fundatae-sunt
1062 2616 1176 2659 enim
1226 2616 1268 2658 in

218 2664 404 2707 moribus
435 2665 658 2709 hominum
687 2700 699 2721 ‚
741 2671 810 2725 qui
844 2670 994 2714 vitium
1026 2673 1076 2714 ab
1107 2672 1270 2727 origine

223 2721 288 2763 sua
321 2733 621 2766 contraxerunt
650 2740 660 2764 τ
696 2737 740 2767 ut
774 2741 857 2768 non
892 2727 1047 2771 mirum
1074 2760 1086 2779 ‚
1121 2729 1146 2771 fi
1173 2745 1274 2785 opus

224 2776 435 2834 quodlibet
465 2777 698 2847 humanum
732 2782 940 2837 concipiat
975 2786 1172 2830 morbum
1204 2803 1272 2831 au-

535 2847 601 2877 *122*

271 2949 325 2985 (a
342 2947 362 2985 >
410 2946 487 2978 Lib.
507 2958 538 2987 3.
576 2956 643 2990 cap.
665 2960 740 2981 220.

273 2992 326 3031 ς*
344 2992 362 3028 )
409 2991 536 3031 Plane,
564 3003 603 3026 ut
627 2994 656 3026 8(
687 2994 832 3035 pondera
860 2996 889 3028 3(
925 2997 1085 3030 mensurae
1111 2998 1145 3031 in
1173 2999 1274 3032 omni-

1306 2058 1356 2085 ne
1390 2041 1535 2093 Judaeis
1566 2073 1578 2094 ‚
1622 2055 1743 2096 quem
1778 2040 1847 2083 fibi
1881 2039 2082 2096 populum
2117 2043 2228 2085 Deus
2251 2039 2358 2084 olim

1307 2099 1449 2143 habuit
1480 2097 1684 2142 eximium
1712 2129 1723 2150 ‚
1775 2097 1841 2141 lex
1885 2098 2038 2142 divinis
2082 2113 2245 2154 promta
2277 2097 2358 2141 fuit

1307 2156 1483 2201 oraculis
1518 2188 1531 2209 ,
1576 2171 1800 2211 eorumque
1835 2156 2020 2212 regimen
2054 2156 2174 2212 ipsius
2204 2153 2361 2199 divini-

1310 2214 1403 2257 tatis
1449 2227 1551 2256 voce
1597 2213 1902 2256 constitutum:
1950 2213 2055 2257 unde
2100 2214 2204 2257 reete
2247 2211 2359 2263 Jose-

1311 2272 1414 2327 phus
1457 2270 1691 2321 Judteorum
1738 2269 2036 2324 rempublicam
2082 2269 2358 2320 Θεοκροιτίαν,

1313 2329 1391 2372 sive
1422 2327 1611 2370 divinum
1647 2325 1832 2381 regimen
1864 2326 2087 2381 appellavit
2121 2357 2130 2368 .
2163 2325 2360 2368 Aliarum

1313 2386 1503 2442 gentium
1534 2416 1546 2438 ‚
1577 2383 1618 2427 ἂ
1653 2386 1945 2426 Romanorum
1978 2383 2088 2440 leges
2116 2414 2128 2436 ‚
2178 2382 2227 2425 ad
2257 2395 2364 2438 quas

1315 2443 1602 2486 descendemus
1629 2472 1641 2492 ,
1671 2456 1720 2484 ex
1755 2441 1940 2484 humano
1973 2441 2202 2496 profluxere
2233 2438 2366 2483 confi-

1318 2502 1374 2544 lio
1414 2532 1426 2543 .
1475 2499 1684 2542 Omnium
1715 2510 1855 2542 autern
1889 2499 2122 2554 principem
2157 2496 2266 2552 leges
2297 2496 2369 2540 de-

1317 2557 1410 2602 disse
1431 2556 1568 2600 ferunt
1600 2557 1668 2608 (b)
1705 2556 1905 2599 Cererem
1936 2555 1979 2598 in
2014 2555 2217 2607 majorum
2254 2555 2370 2597 Deo-

1322 2631 1416 2659 rum
1447 2628 1665 2657 numerum
1688 2644 1703 2667 ‚
1733 2628 1833 2670 quos
1864 2614 2041 2657 Cabiros
2057 2612 2284 2664 vocabant,
2317 2609 2371 2652 ab

1323 2671 1526 2728 AEgyptiis
1559 2670 1729 2714 relatam
1759 2687 1768 2712 τ
1802 2687 1983 2726 quorum
2013 2669 2225 2713 simulacra
2258 2669 2372 2710 Deo-

1324 2746 1415 2774 rum
1449 2728 1642 2780 nemini,
1680 2726 1755 2770 nisi
1788 2728 2058 2770 sacerdotibus
2082 2758 2095 2778 ‚
2138 2724 2321 2768 adeunda
2360 2753 2374 2778 ,

1325 2785 1549 2840 Cambyses
1581 2785 1664 2840 post
1685 2783 1854 2839 longam
1875 2782 1960 2834 ejus
1986 2780 2379 2882 superstitionis-[de-

2255 2855 2288 2883 ri
2308 2854 2370 2882 10-

1819 2919 1938 2931 —.—b

1328 2956 1358 2988 ci
1392 2955 1534 2988 mutuati
1562 2954 1635 2986 sunt
1660 2975 1672 2992 ‚
1699 2952 1733 2984 in
1760 2952 1875 2986 urbem
1904 2957 2047 2986 Romam
2074 2959 2252 2990 manarunt
2269 2973 2279 2989 ‚
2307 2959 2372 2982 un·

1331 2999 1374 3033 de
1407 3008 1484 3032 nata
1511 2997 1636 3031 occafio
1663 2997 1853 3031 collationis
1879 2997 1958 3038 legis
1991 3003 2146 3031 Romanae
2171 2998 2202 3029 ἃ
2232 2993 2376 3030 Hebrai-

2261 2915 2370 2930 q..—

231 3035 291 3069 bus
313 3034 388 3069 sere
414 3037 610 3071 civitatibus
636 3037 820 3082 discrepant
849 3063 860 3081 ‚
899 3042 955 3074 etsi
999 3052 1143 3085 utroque¹
1176 3045 1282 3077 ubivis
1331 3056 1398 3079 cae.
1424 3042 1525 3078 conf.
1551 3044 1661 3078 Celeb.
1691 3042 1863 3077 Fabricius
1894 3042 2150 3087 Bibliographia
2176 3038 2373 3083 σῆθῖθῧρῗὶ*

233 3091 353 3124 genere
393 3079 566 3116 fraudibus
611 3093 832 3118 occurratur.
872 3086 1068 3129 Complures
1095 3088 1284 3130 Jndaeorum
1333 3098 1430 3128 c.r5.

229 3125 317 3174 ‚leges
346 3136 409 3169 per
434 3127 591 3162 instituta.
631 3130 894 3175 Egyptiorum,
919 3142 938 3164 a
965 3132 1084 3175 quibus
1113 3133 1167 3167 sua
1193 3139 1281 3169 Graee

1383 3136 1403 3177 (
1419 3133 1438 3167 b
1453 3133 1474 3174 >
1521 3133 1608 3168 Plin.
1638 3132 1712 3175 hist.
1744 3132 1804 3169 lib.
1823 3146 1855 3174 7.
1891 3143 1915 3169 e·
1934 3135 1986 3173 56.
