2524 3479
147 132 214 183 72
581 114 711 166 DE
776 113 1072 168 ORTU
1135 113 1266 169 ET
1326 115 1942 173 PROGRESSU

143 187 275 245 gratia
310 186 554 246 Imperatori
587 202 672 232 erat
705 189 882 232 eximius
905 221 916 241 ‚
949 189 1198 244 mandavit,

144 260 189 290 ut
222 248 339 292 simul
372 264 466 293 cum
501 246 591 289 aliis
624 246 911 301 insignioribus
943 246 1198 302 jurisperitis,

144 326 245 368 quos
279 309 448 365 ipsemet
480 307 522 348 in
555 305 709 346 Codice
745 304 922 346 recenset
959 337 970 357 ,
1004 321 1051 348 ex
1088 318 1197 348 vete-

144 387 239 416 rum
272 366 660 423 jurisconsultorum
699 361 810 404 libris
842 376 1004 417 caperet
1036 379 1082 405 ea
1110 376 1199 405 tari-

145 444 269 481 tum,
301 442 388 482 quae
421 424 536 467 usum
569 420 800 472 haberent3
831 418 874 461 ἃ
907 436 956 462 ex
991 422 1200 464 variorum

148 485 360 532 sententiis
391 494 513 537 atque
546 478 756 536 particulis
790 490 1015 531 pertexeret
1042 479 1200 531 seriem,

146 561 197 591 ex
232 545 361 587 variis
392 538 560 596 quidem
592 535 804 579 dedue‘cam
838 536 1070 578 autoribus
1105 552 1117 590 3
1160 547 1200 578 at

147 603 291 650 ordine
323 613 464 644 tamen
490 629 502 650 ‚
532 607 652 651 atque
688 592 798 636 sensu
832 594 1119 636 cohoerentem
1156 594 1198 636 fi-

147 664 190 707 bi
230 694 243 716 ‚
297 657 559 709 maximeque
603 652 926 695 convenientem
969 651 1076 706 quasi
1122 667 1201 694 una

145 735 266 764 meris
298 715 423 760 essent
448 743 462 767 ‚
492 725 654 766 unaque
687 722 767 749 vox
788 739 799 759 ‚
835 706 1023 763 idemque
1060 708 1197 752 sonus-

149 778 265 822 Huic
310 771 471 816 laudern
508 767 635 811 labori
670 765 920 816 justinianus
950 766 1201 810 decennium

149 831 403 892 praefinivit:
438 825 725 870 Tribonianus
757 837 856 864 vero
890 821 958 865 sibi
993 824 1128 877 potius
1152 840 1203 868 ex
1225 822 1394 883 gquibus
1437 838 1517 865 una
1568 839 1660 866 cum
1720 822 2049 867 institutionibus
2099 823 2306 878 publicam

148 891 356 938 celeritate
387 884 564 943 gloriam
587 914 599 935 ‚
631 895 755 943 quam
789 879 950 935 posteris
975 881 1200 925 utilitatem

148 966 198 994 ex
233 946 367 1003 operis
400 940 635 986 maturitate
672 950 877 1000 pariturus.
907 953 918 990 3
951 938 1201 983 decennium

149 1008 199 1052 ad
231 1000 550 1062 quadriennium
581 996 662 1045 (⁴⁸)
694 1006 899 1058 con-traxit
935 1010 944 1035 t
980 997 1199 1041 volumen-

149 1081 226 1121 que
260 1060 436 1110 extulit,
469 1054 581 1111 quod
613 1067 661 1095 ex
694 1064 895 1094 varietate
929 1067 1064 1098 rerum
1090 1056 1133 1098 in
1152 1071 1201 1099 eo

150 1117 543 1176 comprehensarum
577 1109 790 1166 pandc&as
819 1125 831 1162 3
863 1109 906 1152 &
940 1125 1103 1165 propter
1134 1129 1201 1157 or-

149 1181 289 1223 dinem
335 1171 573 1232 perdqum
605 1169 654 1212 ad
684 1166 925 1214 exemplum
960 1171 1200 1214 Edifiorum

151 1254 174 1282 a
207 1236 373 1289 Juliano
406 1226 696 1284 jurisconsulto
728 1226 971 1281 digestorum
1000 1260 1011 1281 ‚
1054 1229 1200 1283 digesta

153 1291 408 1349 nuncupavit
442 1321 451 1331 .

151 1351 419 1397 vetustiorum
471 1341 863 1397 jurisconsultorum
897 1341 1065 1385 exclusis
1096 1375 1109 1398 ‚
1153 1359 1200 1387 ea

152 1407 334 1455 contulit
355 1438 367 1460 ‚
400 1417 488 1460 quae
521 1399 771 1457 proximiora
801 1400 1042 1442 erantaetati
1066 1432 1078 1452 ,
1112 1417 1200 1444 mo-

152 1467 338 1522 ribusque
386 1462 460 1506 suis
497 1476 513 1501 .·
565 1458 655 1501 satis
699 1456 920 1512 posteritati
968 1458 1198 1501 consultum

152 1537 370 1570 autumans
391 1552 403 1573 ‚
437 1518 463 1561 si
495 1514 644 1560 veteris
678 1546 691 1566 ‚
733 1530 779 1557 ac
823 1513 966 1563 mediae
1009 1513 1192 1570 jurispru.

151 1583 300 1628 dentiae
344 1575 541 1621 notitiam
587 1571 781 1626 colligere
827 1570 948 1625 posset
980 1588 1001 1614 e
1036 1573 1199 1616 semini-

153 1643 224 1684 bus
258 1641 365 1682 inter
395 1648 518 1689 opera
550 1629 686 1686 sparsis
719 1627 1107 1680 Jurisconsultorum
1140 1647 1199 1673 re-

149 1697 332 1742 centium
356 1725 369 1748 ‚
400 1706 470 1747 qui
502 1703 647 1732 omnes
681 1687 748 1730 sub
781 1686 1104 1740 Imperatoribus
1125 1688 1207 1730 fii·-

149 1765 350 1799 ruerunt.
388 1747 511 1792 Unde
546 1745 745 1789 subduffis
777 1743 980 1798 primaevae
1005 1743 1198 1800 jurispru-

149 1812 298 1857 dentiae
329 1805 555 1860 capitibus,
584 1802 858 1856 exstinfflque
889 1801 1101 1857 originum
1138 1802 1199 1845 lu-

153 1886 197 1914 ce
219 1902 230 1924 ‚
262 1883 352 1912 earn
387 1862 463 1916 juri
497 1860 611 1905 civili
644 1860 794 1903 nubem
827 1856 971 1901 offudit
1005 1876 1016 1913 3
1049 1874 1094 1903 ut
1127 1859 1195 1903 vix

151 1940 336 1970 veterum
371 1919 670 1966 Historicorum
693 1949 705 1971 ‚
738 1916 985 1968 Poetarum,
1018 1917 1061 1959 ἃ
1093 1918 1199 1960 Ora-

151 1997 287 2028 torum
322 1981 496 2024 lePtione
523 2009 535 2030 ‚
566 1988 686 2031 atque
716 1973 971 2017 eruditorum
996 1975 1195 2030 interpre-

148 2053 238 2085 tum
272 2036 464 2084 industria
489 2066 502 2089 ,
534 2035 577 2078 &
608 2033 799 2076 acumine
829 2030 1032 2075 diluatur.

276 2157 317 2199 C
378 2153 418 2196 A
479 2149 510 2192 P
570 2150 614 2192 U
675 2148 719 2190 T
810 2146 1071 2191 CXXXIII.

453 2238 519 2281 De
550 2233 894 2291 Institutiom'bus.

267 2328 484 2382 Ntequatri
541 2334 680 2367 autem
731 2319 895 2376 Digesta
944 2317 1195 2370 Iustinianus

153 2332 248 2434 Α
284 2383 491 2429 emitteret
526 2412 538 2435 ,
589 2380 714 2424 libros
746 2375 1059 2420 Institutionum
1093 2393 1191 2434 qua-

793 2514 897 2523 ...—

190 2556 266 2595 (⁴‘)
318 2559 389 2588 [mo
414 2552 600 2586 trienninm
629 2573 635 2579 .
675 2548 853 2581 pandectas
887 2547 977 2579 enirn
1007 2550 1191 2588 Imperator

147 2601 303 2641 componi
332 2599 414 2636 iuffit
441 2598 573 2631 XVIII.
602 2594 671 2630 Cal.
689 2593 862 2637 januarii,
890 2592 944 2625 seu
969 2590 1020 2624 die
1053 2603 1099 2629 ¹4·
1130 2593 1189 2623 De-

144 2646 287 2678 cembris
310 2647 452 2677 DXXX.
491 2641 677 2683 eademque
717 2638 933 2677 promum-tw
973 2636 1045 2669 sunt
1076 2636 1176 2669 XVII

147 2691 220 2725 cal.
260 2688 437 2731 januarii,
475 2687 528 2719 seu
567 2685 621 2718 die
643 2694 693 2722 15.
720 2688 797 2717 Dec.
839 2683 1040 2714 Dxxxiil.
1067 2680 1189 2723 Qiodsi

148 2734 222 2778 quis
248 2735 394 2775 cogitet.
425 2729 557 2764 adfuisse
595 2730 805 2763 Triboniano
829 2727 973 2766 collezas
998 2725 1162 2759 sexdecim
1179 2747 1188 2761 ,

146 2790 289 2824 quorum
327 2777 467 2814 finzuli.
508 2784 544 2807 ut
583 2774 673 2816 ipse,
700 2771 925 2806 enucleationi
951 2770 1189 2803 pandectarum

147 2835 208 2868 per
232 2817 413 2857 triennium
440 2819 608 2853 vocaverit
629 2840 639 2856 ,
678 2816 774 2850 facile
800 2816 968 2851 intelliget
985 2837 996 2854 ‚
1024 2815 1085 2847 sisti
1112 2825 1189 2849 aeta-

150 2877 218 2904 tem
247 2878 411 2901 annorum
440 2868 502 2902 L.‚
530 2874 593 2906 qua
619 2862 742 2896 nemini
763 2860 843 2897 iusto
861 2861 993 2892 brevior
1007 2860 1182 2894 videbitur*

189 2916 289 2957 (⁴⁸)
335 2912 440 2946 Edita·
465 2910 555 2942 enim
579 2908 652 2942 sunt
681 2905 907 2940 institutiones
934 2907 993 2936 XI.
1020 2905 1090 2938 Cal.
1109 2908 1186 2938 Dec.

1221 359 1230 388 i

499 1290 550 1330 In
593 1299 681 1340 quae
715 1316 726 1337 ,
771 1282 969 1338 plerisque
1012 1287 1228 1340 operibus·

1246 202 1341 235 tuor
1360 192 1670 247 componendos
1689 192 1848 236 curavit
1864 226 1877 247 ‚
1913 208 2113 250 magnam
2145 205 2310 251 partem

1245 264 1295 292 ex
1326 254 1529 292 veteribus
1549 249 1669 303 Caii,
1701 252 1743 293 δε
1770 251 1979 306 Ulpiani,
2007 253 2303 309 Marcianique

1248 305 1569 350 institutionibus
1591 323 1603 359 ;
1635 323 1678 351 ut
1703 307 1892 360 juventus
1917 310 1966 352 ab
1991 309 2053 353 his
2079 342 2091 363 ‚
2123 311 2251 354 veluti
2276 327 2301 354 a

1248 361 1564 416 simplicioribus
1598 364 1817 409 elementis
1844 366 2201 423 jurisprudentiam
2229 384 2301 412 au-

1252 418 1469 473 spicaretur
1502 452 1510 463 .
1563 424 1723 477 Quibus
1748 423 1862 466 libris
1886 425 1955 468 vix
1981 425 2137 481 aliquid
2170 426 2303 481 super-

1249 475 1329 520 fuit
1354 477 1581 533 elegantius
1605 492 1674 523 aut
1704 480 1885 524 selee‘cius
1913 498 1926 535 3
1971 481 1996 524 si
2060 484 2118 525 uis
2149 498 2170 526 e
2203 498 2303 526 cori-

1251 546 1365 577 textu
1399 548 1612 588 veterum,
1646 538 1874 582 mixturam
1905 499 2127 582 discusserit
2161 555 2302 583 recen·

1250 592 1365 635 tioris
1397 593 1552 636 aetatis.
1587 596 1673 637 Has
1704 610 1844 638 autem
1870 596 2156 640 Institutiones
2181 596 2307 649 Juni-

1250 650 1399 692 nianus
1429 651 1590 705 edidit,
1621 651 1665 694 &
1697 652 1962 695 confirmavit
1994 669 2104 696 anno
2127 653 2298 708 Imperii

1251 707 1306 750 sui
1341 707 1512 763 septimo
1546 741 1553 752 ,
1601 724 1684 751 uno
1719 709 1855 752 mense
1889 711 1991 761 (”)
2023 724 2119 753 ante
2151 711 2301 754 editio-

1251 780 1346 807 nem
1380 797 1392 819 ,
1441 778 1562 821 atque
1594 766 1956 809 confirmationem
1994 767 2252 822 Digestorum
2285 784 2297 809 τ

1225 880 1391 938 ,tribuit
1422 881 1706 923 aucioritatem
1739 913 1751 933 ,
1785 894 1829 924 ut
1861 881 2059 936 quidquid
2107 881 2166 924 ibi
2198 897 2301 925 con-

1225 937 1404 980 ³tinetur
1426 969 1437 990 ,
1472 953 1542 987 pro
1577 953 1679 981 voce
1715 938 1917 993 Principis
1950 938 2170 981 habeatur.
2208 938 2298 995 Igi-

1224 1006 1313 1036 >tur
1347 995 1512 1050 Digesta
1545 995 1710 1039 fuerunt
1741 1010 1837 1038 ante
1873 995 2152 1039 Institutiones
2184 997 2301 1039 abso-

1248 1052 1338 1096 luta
1373 1083 1387 1105 ,
1431 1051 1492 1095 sed
1530 1053 1775 1095 confirmata
1805 1084 1817 1106 ‚
1867 1052 1910 1095 ἃ
1941 1052 2051 1095 edita
2083 1053 2274 1108 posterius
2294 1084 2303 1095 .

1222 1101 1232 1304 ι
1381 1167 1423 1210 C
1483 1169 1523 1212 A
1587 1167 1617 1209 P
1677 1167 1722 1209 U
1787 1167 1830 1209 T
1920 1129 2226 1212 CXXXIV·‘

1529 1254 1596 1297 De
1627 1254 1678 1297 L·
1709 1251 1990 1307 Decifionibus
2010 1285 2019 1296 .

1369 1341 1501 1383 Erum
1540 1338 1638 1395 quia
1665 1339 1712 1383 de
1738 1339 2041 1396 quinquaginta
2069 1338 2169 1390 juris
2199 1356 2301 1385 con·

1386 1396 1589 1440 troversiis
1626 1396 1749 1439 variae
1774 1410 1957 1440 veterum
1985 1398 2299 1448 Juri'iconiulto-

1250 1469 1340 1497 rum
1366 1486 1379 1507 ‚
1413 1453 1760 1509 discrepantesque
1788 1454 1995 1498 sententiae
2022 1455 2254 1509 prodierant
2281 1485 2294 1509 ‚

1249 1527 1300 1556 ne
1329 1512 1443 1566 super
1468 1511 1533 1555 his
1559 1523 1715 1554 mentes
1743 1512 1934 1562 Judicum
1960 1544 1973 1566 ,
2007 1512 2164 1555 incerto
2194 1512 2298 1566 jure,

1248 1569 1494 1620 jaffiarentur
1515 1601 1527 1622 ‚
1559 1584 1624 1611 eas
1647 1568 1902 1611 dissensiones
1926 1569 2155 1623 composuit
2176 1569 2300 1620 Justi-

1250 1627 1396 1669 nianus
1432 1626 1735 1682 quinquaginta
1761 1627 2119 1669 constitutionibus
2152 1628 2169 1679 (
2194 1627 2300 1678 ***)

1250 1683 1499 1739 singularum
1523 1682 1892 1727 controversiarum
1918 1682 2179 1727 definitiones
2196 1698 2298 1727 con-

1249 1742 1474 1784 tinentibus
1500 1773 1512 1793 ‚
1554 1757 1652 1796 quas
1681 1740 1835 1785 Codici
1869 1741 1935 1785 suo
1971 1741 2176 1795 insertas,
2225 1756 2298 1797 per

1248 1798 1389 1842 titulos
1407 1798 1636 1842 distribuit:
1662 1799 1887 1854 eodemque
1908 1812 2091 1854 tempore
2115 1801 2294 1853 priorem

1247 1856 1414 1899 Codicis
1455 1855 1681 1899 editionem
1724 1855 1962 1900 emendavit
1998 1887 2011 1909 ‚
2060 1870 2295 1912 novamque

1249 1913 1418 1969 protulit
1430 1913 1653 1957 auctiorem
1671 1945 1684 1963 ,
1717 1913 1761 1957 &
1779 1913 2103 1957 emendatiorem
2121 1945 2133 1967 ‚
2166 1929 2293 1969 quam

1247 1971 1371 2014 solam
1406 1969 1568 2026 publica
1599 1970 1848 2014 auctoritate
1882 1971 2093 2024 munivir,
2125 1972 2296 2025 abroga-

1245 2042 1285 2072 ta
1310 2028 1430 2084 priori
1455 2059 1464 2069 .
1498 2029 1562 2080 (α)
1594 2029 1732 2082 Quam
1754 2028 2014 2084 posteriorem
2035 2029 2258 2071 editionem
2277 2060 2290 2082 ‚

1245 2099 1289 2129 ut
1321 2103 1343 2129 a
1370 2084 1492 2139 priori
1516 2084 1778 2139 distingueret
1806 2117 1818 2138 ‚
1865 2086 2066 2129 Codiccm
2109 2085 2290 2139 repetitae

1245 2141 1518 2199 praeleffionis
1540 2142 1763 2197 appellavit
1803 2159 1812 2184 τ
1848 2158 2020 2198 quorum
2048 2142 2249 2185 Lbrorum
2277 2172 2290 2196 ‚

1245 2218 1290 2244 ac
1328 2215 1562 2254 temporum
1599 2199 1699 2242 ordo
1730 2200 1784 2243 ita
1810 2200 2050 2244 describitur
2077 2216 2098 2242 a
2125 2199 2290 2243 Gotho-

1245 2257 1356 2302 fredo
1379 2256 1540 2309 juniore
1567 2256 1608 2298 iri
1633 2255 1819 2300 manuali
1847 2255 1968 2308 juris:

1303 2317 1356 2358 A.
1383 2315 1434 2356 D.
1460 2315 1720 2356 DXXVIH.
1747 2312 1979 2364 Justiniano
2005 2314 2058 2355 A.
2090 2315 2147 2356 ΙΙ.
2175 2313 2288 2357 Coss.

1361 2371 1571 2414 DXXIX.
1607 2370 1749 2413 Decio.
1785 2372 1838 2412 V.
1872 2370 1926 2412 C.
1959 2369 2055 2413 Cos.

2192 2506 2292 2514 ——-

1566 2506 1614 2514 .—

1242 2553 1296 2582 gn.
1324 2542 1400 2573 sen.
1429 2544 1551 2572 Praeter
1580 2539 1804 2572 institutiones
1829 2538 1900 2574 Caii
1927 2562 1936 2573 .
1966 2538 2104 2580 Ulpiani
2132 2539 2161 2571 8:
2192 2542 2287 2572 Mai·-

1241 2587 1325 2618 cian‘i
1353 2586 1462 2619 hausta
1487 2585 1559 2617 sunt
1584 2584 1733 2627 qiiaedam
1770 2595 1812 2616 ex
1839 2584 2017 2617 culisti-ati
2045 2585 2074 2616 δι
2102 2583 2287 2617 Florentini

1240 2629 1533 2672 institutionibus,
1573 2638 1645 2662 tum
1671 2640 1802 2672 quoque
1841 2639 1877 2661 ex
1907 2628 1982 2668 Caja'
2006 2630 2138 2669 aureis,
2158 2630 2217 2670 seu
2240 2629 2286 2661 li-

1240 2676 1305 2709 bris
1328 2686 1433 2707 rerum
1463 2675 1730 2718 quotidianarum
1747 2696 1755 2705 .

1282 2719 1403 2761 (me)
1452 2723 1493 2752 In
1514 2730 1564 2751 ‘ea
1609 2721 1782 2753 literarum
1808 2718 1879 2753 luce
1895 2742 1905 2756 ‚
1931 2719 1988 2751 vix
2013 2727 2112 2759 opere
2139 2717 2284 2760 pretium

1213 2767 1339 2840 'essen
1368 2773 1503 2797 monere
1528 2786 1539 2802 ‚
1567 2764 1838 2806 absolutiffimum
1865 2764 2138 2795 Communi-ium
2164 2763 2199 2794 u'n
2227 2765 2284 2797 has

1239 2815 1266 2844 L
1306 2809 1474 2847 decisiones
1515 2808 1629 2840 deberi
1672 2802 1824 2840 Emundo
1849 2808 1999 2839 Merillio
2014 2808 2184 2843 eudemone
2210 2819 2281 2840 cum

1237 2855 1408 2898 precipuis
1433 2854 1569 2895 reliquis
1594 2852 1664 2890 eivs
1698 2853 1863 2893 opusculis
1903 2853 2027 2884 edieum
2053 2851 2112 2895 effe
2138 2854 2283 2894 Neapoli

1244 2912 1340 2943 ¹720·
1377 2902 1413 2932 in
1436 2909 1502 2939 4·,·
1528 2898 1585 2930 nisi
1617 2896 1738 2929 Auctor
1772 2896 2068 2936 Confiderationum
2105 2900 2146 2930 ad
2184 2897 2284 2930 libros

150 2962 204 2996 seu
229 2960 281 2993 ὥς
310 2969 363 2990 ²¹·
397 2955 563 2989 Navemb,
601 2958 650 2985 Αῃ
691 2953 873 2984 θχχχῐῐ,
914 2961 989 2981 curn
1018 2949 1185 2983 Pandestae
1212 2957 1299 2991 ,eres
1324 2946 1467 2986 ‹ie-orig.
1500 2943 1562 2982 jur.
1580 2964 1590 2981 ‚
1631 2943 1784 2975 G*·avinae
1820 2941 2030 2979 succensens,
2057 2942 2144 2985 quod
2170 2943 2280 2975 nullos

147 3005 367 3051 promulgatae
391 3003 453 3034 sint
482 3001 591 3032 xvii.
621 2998 691 3029 Cal.
717 2995 862 3037 Januarii
885 3018 893 3024 .
919 2995 969 3026 seu
984 2994 1036 3027 die
1057 2998 1184 3033 15.De-

145 3097 242 3134 simul
268 3095 319 3128 die
336 3118 346 3131 ,
371 3092 473 3125 tertio
497 3089 619 3122 scilicet
657 3088 726 3121 Cal.
745 3091 815 3128 Jan.
835 3108 844 3121 0
885 3084 937 3116 seii
963 3095 1005 3122 29
1034 3089 1109 3117 Dec.
1128 3098 1182 3117 va-

144 3145 213 3178 lere
239 3140 345 3174 voluit
367 3141 576 3173 Imperator,
605 3136 634 3177 §.
654 3139 726 3174 pen.
744 3133 780 3163 de
802 3128 941 3170 confirm.
960 3131 1088 3169 Digna
1102 3132 1181 3163 sen.

148 3190 190 3225 (θ’
212 3194 317 3223 omnn
343 3185 477 3230 populos
495 3202 505 3224 ,
534 3182 563 3223 §·
584 3186 656 3223 pm.
689 3181 726 3211 θ.
749 3177 785 3211 de
800 3174 945 3218 confirm.
959 3176 1042 3218 Dig.
1059 3175 1101 3208 ad
1114 3185 1180 3208 ma-

146 3051 290 3087 cembris
307 3070 315 3078 .
343 3045 521 3081 undenas
546 3052 656 3076 tamen
685 3043 714 3074 ἃ
746 3040 975 3074 insutu-iones
1001 3051 1041 3072 eit
1068 3039 1215 3245 eodem}

1209 2995 1216 3022 i
1237 2989 1497 3025 commentarios
1523 2988 1555 3020 in
1575 2990 1614 3020 L.
1636 2987 1816 3020 decisiones
1831 3008 1842 3023 7
1869 2987 2175 3026 commendaverit,
2203 2989 2279 3019 Me-

1233 3037 1364 3070 fillium
1395 3032 1645 3076 praetermisisset
1663 3055 1673 3070 ‚
1701 3031 1814 3065 habita
1840 3031 1907 3063 sola
1931 3033 2058 3066 ratione
2085 3030 2277 3071 strauchii,

1243 3081 1273 3113 ἃ
1303 3082 1452 3113 Deorum
1479 3081 1684 3111 Semonum,
1718 3077 1868 3119 Linglesii
1893 3077 1922 3108 8(
1949 3079 2051 3111 Bassi.

1279 3127 1299 3167 ζ
1312 3137 1330 3159 a
1344 3125 1364 3166 )
1414 3124 1496 3157 cod.
1513 3125 1552 3157 de
1568 3133 1634 3158 ver·
1649 3121 1711 3162 jur.
1730 3123 1831 3156 mue!-
1859 3124 1882 3157 Ι.
1903 3133 1931 3156 1.
1945 3121 1982 3156 (θ’
1998 3133 2029 3156 2.
