2596 3479
608 93 1970 188 ETSENATUscoNsutris

2238 127 2345 183 275

213 206 395 263 legatum
426 206 710 252 evanesceret:
744 206 807 258 (a)
842 206 905 249 sed
938 205 1032 260 quia
1064 205 1247 261 legatum
1303 202 1353 244 tis
1389 232 1401 254 ‚
1460 215 1585 260 quem
1613 196 1788 261 seq-uitur
1810 192 2007 238 Cuiacius
2032 222 2041 233 .
2073 192 2151 255 (c)
2181 190 2360 254 Sustule-

211 265 399 309 relietum
445 264 522 308 fuit
552 265 713 320 utrique
747 264 812 306 sub
846 263 1082 307 conditione
1116 261 1247 305 vidui·
1304 270 1368 302 rat
1411 272 1551 305 autern
1585 248 2048 312 justinianus-‘ambages
2070 248 2168 304 legis
2188 245 2359 291 Miscel-

212 324 306 366 tatis
330 355 341 376 ‚
377 323 402 366 si
433 339 479 367 ea
503 322 684 365 conditio
706 321 870 364 mulieri
891 321 1145 374 remittitur,
1180 335 1251 374 pu-

210 391 252 421 ta
278 412 290 434 ‚
321 381 428 437 quod
462 381 569 422 intra
599 394 758 422 annum
793 380 918 422 nubat
944 411 956 431 ‚
989 391 1057 421 aut
1089 379 1250 421 Mutia-

212 451 312 480 nam
345 438 579 481 cautionem
616 437 769 491 praestet
795 469 805 486 ,
849 436 964 479 debet
996 452 1041 479 ea
1073 435 1249 478 remiffio

208 494 257 538 in
289 495 397 538 Titii
428 493 554 538 etiarn
588 493 813 537 utilitatem
837 506 1058 547 expetere3
1091 508 1142 535 ne
1161 506 1250 547 quae

210 551 393 595 conditio
438 551 553 595 causa
593 551 712 594 unius
744 550 1003 605 extinguitur
1028 583 1040 604 ‚
1086 550 1249 592 alterius

208 608 324 652 causa
354 608 494 651 duret.
532 609 814 663 Quamobrem
849 608 1002 661 prorsus
1035 606 1250 650 habebitur

209 680 285 721 pro
316 665 486 719 impleta
523 697 536 719 ‚
584 664 628 709 δε
659 678 857 721 tanquam
892 665 1012 707 vidua
1043 677 1129 708 tota
1162 663 1249 709 vita

209 722 474 777 permanserit
505 722 656 767 mulier
679 755 692 776 ,
723 721 1021 766 usumfrustum
1055 737 1148 765 cum
1170 721 1248 764 Ti-

208 780 267 822 tio
300 780 558 834 participabit
594 812 603 822 .
655 780 764 835 Quid
809 780 835 821 fi
867 780 1007 822 Titius
1037 779 1201 821 decedat
1240 811 1252 832 ‚

208 852 262 879 an
307 837 472 880 mulieri
515 838 622 880 intra
654 852 812 881 annum
847 852 994 892 nempe
1029 836 1198 879 nubenti
1237 867 1248 888 ,

209 905 350 948 utpote
383 909 422 936 re
456 894 668 950 verbisque
701 894 930 939 coniunf'tae
957 926 969 947 ,
1016 893 1124 936 Titii
1160 908 1247 947 pars

208 950 441 994 accrescet?
495 952 741 1006 Papinianus
774 965 895 1007 negat
923 968 934 1005 3
970 967 1019 995 ne
1054 950 1202 994 mulier
1236 981 1247 1002 ,

208 1023 296 1062 quae
327 1025 349 1049 a
379 1007 559 1051 defun6³ti
578 1009 792 1052 voluntate
813 1008 960 1052 defecit
986 1040 999 1061 ‚
1034 1008 1246 1063 plusquam

208 1065 279 1107 fibi
316 1064 447 1108 fuerat
480 1065 668 1110 relietum
700 1066 966 1122 consequatur
1000 1082 1012 1119 3
1047 1081 1149 1108 neve
1182 1065 1248 1108 cui

207 1121 404 1178 fingulari
436 1122 520 1173 jure
553 1137 696 1166 contra
729 1122 827 1175 juris
860 1123 1098 1167 communis
1125 1123 1247 1165 ratio-

209 1193 307 1223 nem
341 1179 418 1224 fuit
453 1180 734 1234 subventum3
781 1197 851 1237 per
882 1180 978 1233 juris
1011 1179 1246 1223 communis

210 1235 398 1299 regulam
432 1236 583 1282 iterum
617 1239 902 1282 succurratur.
936 1239 1059 1281 Unde
1092 1253 1142 1280 ne
1177 1252 1248 1292 per

209 1310 270 1345 Jus
321 1309 541 1338 commune
586 1311 609 1338 a
653 1295 844 1351 singulari
887 1295 972 1347 jure
1020 1294 1248 1337 relaxatum

207 1351 409 1406 singulare
440 1351 500 1402 jus
534 1351 731 1406 pandatur
764 1351 883 1395 latius
911 1384 922 1404 ‚
966 1351 1136 1395 exclusit
1169 1351 1247 1394 hoc

208 1408 300 1452 casu
334 1409 579 1464 Papinianus
613 1408 795 1464 regulam
830 1408 926 1458 juris
957 1408 1246 1462 accrescendi,

207 1480 294 1520 quae
327 1481 366 1509 re
399 1466 621 1509 comunem
655 1466 888 1521 portionem
921 1465 1146 1510 deficientis
1178 1466 1245 1510 ad-

206 1521 295 1572 jicit
323 1555 332 1564 .
364 1523 447 1574 (b)
481 1521 717 1578 Aliquando
750 1536 793 1566 ut
824 1524 1067 1579 effugeretur
1087 1522 1151 1565 lex
1175 1523 1241 1573 Ju-

209 1578 264 1622 lia
310 1579 496 1622 Miscella
534 1613 545 1634 ‚
598 1580 782 1624 conditio
826 1596 911 1623 non
962 1580 1246 1623 conferebatur

207 1636 466 1680 nominatim
501 1637 542 1680 in
569 1637 814 1694 legatarium
836 1669 847 1690 ,
882 1637 941 1680 sed
963 1637 1007 1680 in
1030 1637 1242 1692 personam

206 1695 334 1749 patris
369 1694 433 1736 vel
466 1694 539 1738 filii
577 1726 590 1748 ,
642 1707 684 1738 ut
719 1696 798 1751 lego
828 1694 945 1737 Titio=
975 1707 1127 1737 centum
1158 1726 1170 1747 ,
1208 1692 1246 1747 si

206 1768 362 1794 uxorem
387 1763 503 1807 pater
534 1769 608 1794 non
638 1753 795 1795 duxerit
811 1769 825 1792 .·
862 1752 929 1795 vel
963 1753 1042 1808 lego
1066 1753 1245 1805 Sempro..

207 1810 273 1852 nio
304 1821 456 1851 centum
483 1841 495 1862 ‚
528 1809 554 1851 si
585 1825 757 1853 uxorem
783 1808 902 1862 filius
932 1826 1007 1851 non
1037 1810 1196 1851 duxerit
1227 1828 1242 1854 .-

205 1866 351 1922 quibus
384 1867 606 1910 verborum
635 1867 828 1919 flexibus,
863 1867 907 1911 ὃς
933 1866 1131 1909 orationis
1153 1881 1243 1912 ver·

207 1923 320 1966 sutiis
356 1955 368 1976 ,
420 1924 529 1967 clam
560 1924 608 1967 ad
641 1925 882 1978 nuptiarum
916 1923 1242 1978 prohibitionem

207 1982 447 2023 tendebatur
485 1997 497 2033 3
538 1981 634 2038 quia
666 1982 697 2024 is
728 1982 782 2024 est
814 1981 924 2024 inter
956 1995 1170 2036 parentem
1202 1980 1245 2022 ἃ

204 2036 340 2079 filiurn
372 2052 498 2080 nexus
534 2070 546 2091 ,
591 2052 636 2081 ut
669 2040 790 2082 unius
822 2037 978 2081 utilitas
1016 2069 1029 2090 ‚
1073 2050 1143 2080 aut
1175 2037 1241 2083 da-

204 2109 354 2136 mnum
389 2106 520 2137 vertat
551 2094 592 2136 in
624 2094 802 2139 alterum
831 2112 841 2137 t
889 2095 978 2138 ideo
1009 2094 1068 2148 jus
1101 2094 1241 2137 condi-

206 2150 338 2193 tiones
382 2153 437 2193 ita
481 2165 697 2206 conceptas
738 2152 968 2208 reprobavit
1001 2182 1013 2205 ,
1053 2151 1238 2195 reiicien

203 2207 346 2264 dasque
378 2209 535 2251 censuit
562 2240 573 2261 ‚
608 2210 771 2262 perinde
802 2224 924 2265 atque
956 2207 983 2251 si
1014 2208 1057 2252 in
1090 2208 1244 2264 legata-

207 2264 256 2308 rii
291 2264 502 2319 personam
532 2265 792 2310 cecidissent.
827 2268 1027 2310 Ceterum
1056 2265 1153 2322 legis
1175 2267 1241 2317 Ju-

206 2321 268 2364 liae
294 2322 491 2367 Miscellae
512 2323 711 2367 sententia
731 2324 909 2380 virgines
931 2324 1106 2367 minime
1127 2340 1242 2367 com-

204 2379 419 2434 prehendit
452 2411 465 2436 ‚
515 2392 654 2435 utpote
679 2382 863 2425 nondum
889 2380 1047 2424 functas
1072 2396 1242 2425 munere

207 2435 416 2491 conjugali
444 2468 452 2479 .
499 2438 779 2491 Quamobrem
805 2439 831 2483 si
861 2437 1008 2481 Puellae
1043 2469 1056 2491 ,
1101 2438 1242 2480 virove

205 2492 390 2555 nondum
440 2496 757 2538 matrimonium
804 2495 985 2550 expertis
1029 2493 1242 2538 coelibatus

205 2549 392 2593 condltlo
424 2550 706 2605 injungeretur
732 2584 744 2605 ,
775 2568 820 2595 ea
852 2551 1066 2595 confestim
1098 2551 1242 2595 remit-

203 2608 362 2649 tebatur
392 2622 441 2652 ex
476 2608 599 2662 priori
633 2608 731 2664 legis
766 2608 897 2664 Papiae
926 2608 1060 2663 capite
1087 2641 1096 2651 .
1141 2611 1242 2665 Quae

206 2663 404 2709 sententia
447 2665 525 2709 fuit
554 2667 728 2719 Joannis
752 2666 1004 2710 vetustiffimi
1038 2666 1238 2722 interpre-

207 2798 1237 2817 ὓ---ψφῦ-ῇ-ῌ-
1299 2791 2203 2811 ——-—-—--—-—-——--—-——--—*

246 2840 267 2879 (
279 2849 299 2871 a
313 2838 332 2877 )
355 2841 393 2872 L.
416 2849 441 2871 1.
459 2843 492 2871 C'.
510 2841 547 2873 de
560 2839 672 2873 indm.
692 2840 763 2872 vid.
781 2842 851 2873 toll.

246 2885 266 2922 (
283 2882 331 2923 b)
356 2883 467 2921 Cuiae.
482 2886 524 2916 ad
543 2887 661 2927 Papia.
680 2885 736 2919 lib.
761 2895 812 2925 32.
844 2883 943 2928 quaess.
962 2886 985 2918 l.
1000 2885 1128 2919 mulier.
1141 2882 1180 2928 ΗΖ
1201 2885 1240 2918 de

202 2928 320 2958 condit.
338 2928 376 2960 <5
388 2929 588 2970 demonstrat.

249 2972 299 3009 (c)
324 2974 366 3003 In
388 2977 500 3006 parat.
520 2979 553 3007 C.
575 2977 612 3007 de
631 2975 746 3007 indifi.
764 2976 834 3009 vid.
852 2976 924 3007 toll.

247 3016 307 3054 (d)
334 3019 370 3047 L·
384 3027 414 3048 2.
430 3018 468 3049 &
489 3030 518 3057 3.
533 3022 569 3050 C.
586 3021 625 3052 de
640 3019 753 3053 india.
771 3021 840 3053 vid.
858 3021 932 3054 toll.

249 3061 306 3099 (ε’)
333 3062 434 3094 Mart.
451 3064 577 3104 capell.
597 3064 692 3098 liba.

247 3107 267 3145 (
280 3107 314 3143 f}
346 3105 414 3138 Cic.
430 3113 486 3148 pro
500 3108 603 3140 Balbo
618 3129 627 3138 .

245 3152 320 3191 (⁴‘)
347 3153 426 3182 Non
451 3173 463 3188 ‚
501 3161 537 3184 ut
563 3150 643 3189 iuris
669 3153 852 3196 Quiritium
878 3155 995 3188 fierent
1020 3152 1199 3196 participes
1224 3175 1235 3192 ,

204 3192 257 3228 sed
292 3202 328 3230 ut
354 3195 477 3240 legibus
505 3198 665 3232 Romanis
691 3208 866 3234 uterentur
890 3211 932 3234 ex
958 3198 1148 3242 receptione
1177 3208 1237 3232 vo-

1302 316 1351 358 lae
1385 331 1496 358 nova
1529 315 1594 357 sua
1631 311 1920 356 constitutione
1945 340 1958 363 ‚
2007 307 2094 360 (d)
2129 305 2356 370 remiserat<

1301 389 1381 429 que
1416 371 1573 427 prorsus
1610 369 1819 414 viduitatis
1849 365 2133 411 conditionem
2166 363 2353 425 pussane

1308 430 1540 473 rationibus
1570 444 1580 469 t
1616 427 1699 482 post
1731 440 1871 469 tamen
1904 423 2050 473 trocho
2082 419 2314 465 versatilior
2344 449 2358 473 ,

1305 499 1452 543 utpote
1485 485 1555 542 qui
1589 483 1772 528 foerninae
1805 483 1956 526 mentis
1991 481 2065 524 suae
2098 479 2357 536 gubernacu-

1306 543 1645 588 lum·tradiderat
1684 573 1695 594 ‚
1740 540 1783 582 in
1815 539 2089 595 Novella-ni
2122 537 2250 592 capite
2280 549 2351 589 43.

1298 601 1353 645 Θ
1378 602 1463 657 seq.
1499 601 1543 643 ὅτ,
1575 599 1813 642 cautionem
1834 596 2074 647 Mutianam
2096 627 2108 649 ‚
2140 594 2185 637 ὃς
2217 593 2355 647 legem

1298 659 1450 711 Juliam
1483 656 1789 714 quodammodo
1821 654 1989 699 restituit
2023 670 2032 695 :
2071 651 2190 702 nolut
2230 649 2349 715 enirn

1297 733 1361 760 eas
1385 723 1405 770 ⁴,
1438 716 1581 772 quibus
1621 730 1644 756 a
1677 713 1860 756 testatore
1904 711 2088 756 conditio
2135 709 2346 757 viduitatis

1299 774 1428 819 fuerat
1461 771 1642 824 injunfi‘m
1667 802 1679 822 ‚
1713 785 1854 826 capere
1899 768 2080 825 legatum
2132 766 2243 813 intra
2272 779 2352 808 an-

1298 848 1428 884 num,
1461 830 1534 874 nisi
1567 827 1748 873 extinSta
1779 826 1937 883 prorsus
1972 827 2034 881 spe
2068 824 2307 880 nuptiarum
2329 854 2345 876 ‚

1299 902 1342 931 ut
1376 889 1402 931 si
1436 887 1587 930 mulier
1630 886 1664 928 se
1711 887 1799 928 Deo
1830 882 2053 932 devovisset
2096 898 2105 923 ε
2159 880 2242 936 post
2274 893 2349 942 an-

1300 962 1400 990 num
1435 961 1531 988 vero
1564 943 1745 998 legatum
1791 957 1876 985 non
1907 940 2026 984 aliter
2057 937 2146 994 capi
2179 937 2311 1001 ²30th
2331 966 2345 988 ,

1300 1004 1374 1046 nisi
1408 1001 1603 1058 praemissa
1637 1000 1825 1043 cautione
1861 998 2088 1050 Muniam,
2121 993 2350 1039 rationibus

1300 1062 1351 1107 ab
1382 1075 1430 1104 eo
1462 1058 1640 1103 deduetis
1674 1056 1717 1100 in
1746 1056 1888 1107 eadem
1921 1054 2108 1105 Novella
2135 1085 2144 1095 0

1489 1170 1929 1222 CAPUT
2025 1169 2168 1214 LVII.

1295 1292 1362 1334 De
1391 1291 1429 1332 F
1431 1289 1533 1332 undo
1565 1288 1709 1330 Dotali
1739 1303 1786 1329 ex
1816 1287 1864 1329 L.
1884 1285 2020 1340 Papia
2045 1316 2057 1336 ,
2088 1283 2148 1327 (9¹
2174 1283 2222 1327 de
2254 1282 2346 1333 Ture

1499 1346 1648 1398 Latii,
1681 1342 1737 1388 (θ’
1764 1344 1812 1386 de
1829 1344 1929 1396 Jure
1954 1342 2096 1393 Italico
2117 1373 2127 1384 .

1405 1464 1485 1504 Rat
1507 1460 1550 1504 δε
1575 1458 1732 1503 fortasse
1757 1469 1878 1514 caput
1906 1455 2007 1512 legis
2034 1455 2166 1511 Papiae
2178 1454 2223 1498 de
2239 1453 2335 1497 fun·

1421 1519 1471 1560 do
1497 1517 1623 1562 dotali
1650 1516 1798 1560 Italico
1891 1514 2003 1567 cujus
2032 1512 2228 1561 alienatio
2252 1511 2334 1554 dis-

1297 1575 1497 1619 sentiente
1525 1591 1649 1618 uxore
1671 1590 1683 1628 3
1716 1575 1775 1626 (e)
1806 1547 2010 1629 obligatio
2034 1586 2130 1614 vero
2146 1601 2159 1624 ‚
2178 1567 2341 1613 etiamst

1296 1649 1398 1676 uxor
1434 1633 1684 1676 consentiret
1722 1663 1734 1684 ,
1784 1630 1936 1673 marito
1972 1627 2288 1676 interdicebatur
2318 1656 2332 1688 5

1295 1690 1456 1733 Fundus
1479 1703 1617 1735 autem
1645 1689 1812 1733 Italicus
1837 1685 2119 1742 appellabatur
2146 1685 2177 1727 is
2203 1715 2216 1737 ‚
2259 1696 2336 1746 qut

1294 1747 1392 1799 juris
1417 1759 1502 1790 erat
1528 1746 1691 1791 Italici.
1714 1745 1885 1789 Etenim
1913 1755 2055 1798 praeter
2078 1741 2137 1794 jus
2165 1754 2339 1803 provin-

1295 1805 1449 1848 ciarum
1473 1836 1484 1858 ‚
1519 1804 1672 1859 triplici
1697 1802 1782 1855 jure
1815 1802 1988 1857 populi,
2018 1799 2245 1862 atqui-agri
2267 1796 2338 1839 de-

1294 1862 1582 1906 vinciebantur
1604 1893 1613 1904 .
1646 1863 1746 1905 Erat
1769 1860 1883 1903 enim
1910 1858 1969 1910 jus
2001 1857 2259 1912 Quiritium,
2290 1852 2340 1896 de

1293 1935 1373 1975 quo
1403 1919 1502 1962 alibi
1525 1951 1536 1973 ,
1558 1920 1663 1976 quod
1684 1917 1743 1970 jus
1767 1917 1975 1973 optimum
2000 1914 2207 1958 dicebatur
2225 1942 2237 1963 ‚
2268 1925 2340 1973 cu·-

1292 1976 1428 2033 jusque
1461 1977 1574 2020 cives
1602 1989 1765 2020 tantum
1795 1973 1976 2018 Romani
2002 1971 2265 2032 potiebantus
2290 1981 2337 2009 in

1294 2033 1609 2089 usucapionibus
1637 2066 1649 2088 ,
1680 2033 1723 2077 ὃς
1749 2032 1919 2076 nexibus
1940 2062 1952 2084 ‚
1984 2029 2151 2084 aliisque
2169 2026 2341 2091 'retibus

1292 2090 1373 2142 jam
1405 2090 1597 2144 expositis
1618 2123 1630 2144 ‚
1677 2089 1789 2133 cuius
1821 2087 1916 2139 juris
1951 2102 2075 2141 nemo
2107 2084 2337 2127 latinorum

1295 2149 1563 2203 participabat
1592 2179 1604 2201 ‚
1651 2147 1724 2190 nisi
1768 2145 1912 2201 aliquis
1943 2158 2086 2190 eorum
2121 2140 2292 2202 populus
2323 2170 2336 2192 ,

1293 2204 1437 2248 fundus
1470 2236 1482 2257 ‚
1535 2205 1614 2248 five
1664 2204 1803 2248 auctor
1836 2202 1964 2245 faff‘tus
1995 2199 2088 2244 esset
2121 2231 2135 2253 ,
2178 2211 2222 2242 ut
2254 2211 2341 2251 mre

1293 2262 1408 2306 civili
1466 2266 1660 2307 Romano
1714 2261 1902 2316 deinceps
1948 2268 2185 2302 tenerentur
2229 2286 2257 2317 ‚¹
2285 2264 2350 2296 at-

1292 2336 1368 2376 que
1420 2319 1668 2364 concedente
1726 2318 1880 2373 Populo
1940 2319 2136 2360 Romano
2181 2312 2339 2368 legibus

1293 2378 1336 2420 in
1380 2377 1476 2421 urbe
1523 2376 1615 2419 latis
1658 2374 1739 2429 (f)
1771 2376 2088 2419 imbuerentur,
2131 2369 2337 2433 (²⁶.)-A-

1294 2434 1375 2478 liud
1408 2434 1466 2485 jus
1497 2446 1580 2479 erat
1615 2433 1721 2478 Latii
1752 2463 1766 2485 ,
1814 2432 1923 2489 quod
1965 2431 2009 2474 in
2053 2428 2336 2481 suffragiorum

1292 2491 1484 2535 facultate
1538 2490 1771 2534 verlabatur
1810 2522 1821 2543 ‚
1865 2505 1911 2532 ac
1954 2486 2153 2541 petitione
2199 2483 2335 2525 hono-

1294 2564 1410 2601 rum,
1442 2548 1486 2591 ὃς
1519 2548 1828 2603 magistratuum
1853 2579 1865 2586 .
1898 2545 1963 2591 Ad
1997 2539 2333 2603 suffragia-enim

1291 2606 1467 2650 ineunda
1500 2604 1619 2647 latini
1654 2604 1794 2659 populi
1826 2602 1997 2646 arbitrio
2025 2602 2209 2643 Romani
2232 2598 2334 2661 ⁸Ma?

1290 2663 1473 2720 gistratus
1506 2662 1757 2707 vocabantur
1786 2694 1799 2718 ‚
1829 2659 2115 2761 (galtribuque
2146 2654 2336 2718 destituti

1944 2732 1986 2760 m
2049 2730 2071 2759 2
2254 2727 2336 2755 mi-

1289 2834 1433 2869 luntaria
1459 2856 1471 2865 -
1507 2840 1554 2870 De
1592 2836 1722 2878 populis
1758 2833 1880 2868 Fundis
1905 2832 1973 2875 post
1998 2829 2170 2874 sigonium
2195 2827 2235 2878 {le
2262 2825 2329 2866 jur.

1298 2883 1374 2914 Ital.
1393 2884 1416 2914 Ι.
1432 2884 1463 2913 I.
1479 2894 1503 2915 c.
1518 2895 1551 2922 4.
1578 2882 1737 2914 Nicolaus
1765 2880 1926 2923 Rigaltius
1942 2901 1951 2915 ,
1982 2871 2325 2924 lsmaebssullialdus,

1289 2928 1319 2958 &
1345 2926 1503 2960 Henricus
1530 2927 1659 2961 valesus
1685 2935 1824 2970 egerunt
1855 2946 1865 2963 ,
1900 2931 2042 2967 quorum
2082 2919 2324 2968 dlffertatlopes

1287 2971 1413 3004 insertae
1437 2971 1510 3006 sunt
1537 2975 1641 3007 Temo
1656 2973 1704 3003 1Ῑ.
1735 2971 1895 3012 Thesauri
1921 2965 2087 2999 Graeviam'
2117 2985 2142 3014 ‚⁸
2165 2965 2325 2995 Gravinae

1287 3016 1446 3049 sententia
1472 3018 1598 3052 valesio
1625 3018 1783 3058 probatur
1813 3038 1824 3057 ‚
1861 3012 2061 3052 eandemque
2099 3017 2202 3041 etiam
2226 3009 2322 3039 Grae-

1285 3061 1358 3095 vius
1382 3061 1524 3104 sequitur
1547 3062 1588 3095 ad
1613 3065 1711 3095 Orat.
1739 3061 1807 3094 Cic.
1834 3066 1889 3100 pro
1920 3054 2022 3089 Balbo
2048 3065 2073 3087 c.
2091 3057 2123 3086 8.
2290 3096 2298 3104 ,

1330 3108 1389 3148 (g)
1415 3109 1524 3150 Sigon.
1551 3109 1590 3141 de
1600 3108 1704 3151 antiq.
1721 3105 1784 3145 jur,
1801 3105 1867 3141 Ial·
1886 3100 1944 3137 {ibt
1967 3111 1994 3135 1.
2010 3107 2079 3144 cap.
2095 3109 2128 3139 4·
2146 3096 2260 3133 Ascon.
2282 3104 2317 3128 m

1286 3161 1367 3187 orat.
1383 3152 1420 3187 in
1435 3154 1479 3186 Pi
1479 3153 1551 3195 sm.
