<?xml version="1.0" encoding="UTF-8"?>
<!DOCTYPE html PUBLIC "-//W3C//DTD XHTML 1.0 Transitional//EN"
    "http://www.w3.org/TR/xhtml1/DTD/xhtml1-transitional.dtd">
<html xmlns="http://www.w3.org/1999/xhtml" xml:lang="en" lang="en">
 <head>
  <title>
</title>
<meta http-equiv="Content-Type" content="text/html;charset=utf-8" />
  <meta name='ocr-system' content='tesseract 3.04.00' />
  <meta name='ocr-capabilities' content='ocr_page ocr_carea ocr_par ocr_line ocrx_word'/>
</head>
<body>
  <div class='ocr_page' id='page_1' title='image "./janivincentiigra01gravuoft_0444.png"; bbox 0 0 2596 3479; ppageno 0'>
   <div class='ocr_carea' id='block_1_1' title="bbox 285 78 1357 1923">
    <p class='ocr_par' dir='ltr' id='par_1_1' title="bbox 285 78 1357 1923">
     <span class='ocr_line' id='line_1_1' title="bbox 297 78 401 145; baseline 0.019 -2"><span class='ocrx_word' id='word_1_1' title='bbox 297 78 401 145; x_wconf 72' lang='lat'>338</span> 
     </span>
     <span class='ocr_line' id='line_1_2' title="bbox 291 148 1327 206; baseline 0.002 -12"><span class='ocrx_word' id='word_1_2' title='bbox 291 163 402 206; x_wconf 71' lang='lat' dir='ltr'>patet</span> <span class='ocrx_word' id='word_1_3' title='bbox 432 159 684 204; x_wconf 75' lang='lat' dir='ltr'>quantopere</span> <span class='ocrx_word' id='word_1_4' title='bbox 715 148 823 205; x_wconf 74' lang='lat' dir='ltr'>leges</span> <span class='ocrx_word' id='word_1_5' title='bbox 856 150 1102 193; x_wconf 74' lang='lat' dir='ltr'>exarserint:</span> <span class='ocrx_word' id='word_1_6' title='bbox 1136 151 1205 194; x_wconf 80' lang='lat' dir='ltr'>etsi</span> <span class='ocrx_word' id='word_1_7' title='bbox 1230 152 1327 196; x_wconf 89' lang='lat' dir='ltr'>sem-</span> 
     </span>
     <span class='ocr_line' id='line_1_3' title="bbox 295 207 1328 262; baseline 0.001 -10"><span class='ocrx_word' id='word_1_8' title='bbox 295 224 367 261; x_wconf 82' lang='lat' dir='ltr'>per</span> <span class='ocrx_word' id='word_1_9' title='bbox 399 207 541 251; x_wconf 79' lang='lat' dir='ltr'>levitas</span> <span class='ocrx_word' id='word_1_10' title='bbox 573 208 632 258; x_wconf 74' lang='lat'>(¹⁵)</span> <span class='ocrx_word' id='word_1_11' title='bbox 654 209 763 261; x_wconf 73' lang='lat' dir='ltr'>vulgi</span> <span class='ocrx_word' id='word_1_12' title='bbox 788 209 947 250; x_wconf 69' lang='lat' dir='ltr'>umbras</span> <span class='ocrx_word' id='word_1_13' title='bbox 968 207 1058 262; x_wconf 74' lang='lat' dir='ltr'>ipsis</span> <span class='ocrx_word' id='word_1_14' title='bbox 1078 209 1191 252; x_wconf 86' lang='lat' dir='ltr'>rebus</span> <span class='ocrx_word' id='word_1_15' title='bbox 1217 223 1328 253; x_wconf 88' lang='lat' dir='ltr'>ante-</span> 
     </span>
     <span class='ocr_line' id='line_1_4' title="bbox 291 264 1330 322; baseline 0.002 -15"><span class='ocrx_word' id='word_1_16' title='bbox 291 265 463 310; x_wconf 83' lang='lat' dir='ltr'>ferentis</span> <span class='ocrx_word' id='word_1_17' title='bbox 514 265 752 321; x_wconf 80' lang='lat' dir='ltr'>potestatem</span> <span class='ocrx_word' id='word_1_18' title='bbox 810 264 950 321; x_wconf 82' lang='lat' dir='ltr'>legum</span> <span class='ocrx_word' id='word_1_19' title='bbox 1010 269 1294 322; x_wconf 82' lang='lat' dir='ltr'>exuperaverit</span> <span class='ocrx_word' id='word_1_20' title='bbox 1323 300 1330 309; x_wconf 93' lang='lat'>.</span> 
     </span>
     <span class='ocr_line' id='line_1_5' title="bbox 294 320 1325 381; baseline 0 -13"><span class='ocrx_word' id='word_1_21' title='bbox 294 323 418 381; x_wconf 83' lang='lat' dir='ltr'>Legis</span> <span class='ocrx_word' id='word_1_22' title='bbox 448 335 589 366; x_wconf 89' lang='lat' dir='ltr'>autem</span> <span class='ocrx_word' id='word_1_23' title='bbox 613 320 822 364; x_wconf 64' lang='lat' dir='ltr'>Corneliae</span> <span class='ocrx_word' id='word_1_24' title='bbox 854 337 976 377; x_wconf 78' lang='lat' dir='ltr'>poc-na</span> <span class='ocrx_word' id='word_1_25' title='bbox 1009 338 1094 366; x_wconf 88' lang='lat' dir='ltr'>non</span> <span class='ocrx_word' id='word_1_26' title='bbox 1118 325 1240 368; x_wconf 87' lang='lat' dir='ltr'>modo</span> <span class='ocrx_word' id='word_1_27' title='bbox 1260 326 1325 368; x_wconf 85' lang='lat' dir='ltr'>do-</span> 
     </span>
     <span class='ocr_line' id='line_1_6' title="bbox 292 380 1330 432; baseline -0.001 -5"><span class='ocrx_word' id='word_1_28' title='bbox 292 395 432 427; x_wconf 81' lang='lat' dir='ltr'>centes</span> <span class='ocrx_word' id='word_1_29' title='bbox 462 380 506 423; x_wconf 86' lang='lat'>&amp;</span> <span class='ocrx_word' id='word_1_30' title='bbox 534 391 794 432; x_wconf 81' lang='lat' dir='ltr'>exercentes,</span> <span class='ocrx_word' id='word_1_31' title='bbox 829 395 971 423; x_wconf 85' lang='lat' dir='ltr'>verum</span> <span class='ocrx_word' id='word_1_32' title='bbox 1008 380 1050 423; x_wconf 88' lang='lat'>&amp;</span> <span class='ocrx_word' id='word_1_33' title='bbox 1071 381 1265 426; x_wconf 86' lang='lat' dir='ltr'>discentes</span> <span class='ocrx_word' id='word_1_34' title='bbox 1288 382 1330 426; x_wconf 72' lang='grc' dir='ltr'>δι</span> 
     </span>
     <span class='ocr_line' id='line_1_7' title="bbox 291 437 1329 492; baseline -0.001 -8"><span class='ocrx_word' id='word_1_35' title='bbox 291 440 476 484; x_wconf 88' lang='lat' dir='ltr'>conscios</span> <span class='ocrx_word' id='word_1_36' title='bbox 518 437 722 480; x_wconf 85' lang='lat' dir='ltr'>malarum</span> <span class='ocrx_word' id='word_1_37' title='bbox 767 437 917 481; x_wconf 87' lang='lat' dir='ltr'>artium</span> <span class='ocrx_word' id='word_1_38' title='bbox 951 451 1063 481; x_wconf 90' lang='lat' dir='ltr'>tenet</span> <span class='ocrx_word' id='word_1_39' title='bbox 1085 469 1097 492; x_wconf 86' lang='lat'>,</span> <span class='ocrx_word' id='word_1_40' title='bbox 1132 455 1216 483; x_wconf 91' lang='lat' dir='ltr'>non</span> <span class='ocrx_word' id='word_1_41' title='bbox 1250 440 1329 483; x_wconf 85' lang='lat' dir='ltr'>sine</span> 
     </span>
     <span class='ocr_line' id='line_1_8' title="bbox 288 494 1330 554; baseline 0.003 -16"><span class='ocrx_word' id='word_1_42' title='bbox 288 497 430 554; x_wconf 82' lang='lat' dir='ltr'>aliquo</span> <span class='ocrx_word' id='word_1_43' title='bbox 465 508 602 537; x_wconf 88' lang='lat' dir='ltr'>tamen</span> <span class='ocrx_word' id='word_1_44' title='bbox 636 494 898 549; x_wconf 85' lang='lat' dir='ltr'>discrimine,</span> <span class='ocrx_word' id='word_1_45' title='bbox 932 497 996 548; x_wconf 89' lang='grc' dir='ltr'>(α)</span> <span class='ocrx_word' id='word_1_46' title='bbox 1024 511 1121 540; x_wconf 84' lang='lat' dir='ltr'>nam</span> <span class='ocrx_word' id='word_1_47' title='bbox 1150 497 1330 550; x_wconf 87' lang='lat' dir='ltr'>conscii,</span> 
     </span>
     <span class='ocr_line' id='line_1_9' title="bbox 293 552 1327 606; baseline -0.001 -8"><span class='ocrx_word' id='word_1_48' title='bbox 293 554 360 598; x_wconf 88' lang='lat' dir='ltr'>vel</span> <span class='ocrx_word' id='word_1_49' title='bbox 395 552 644 596; x_wconf 88' lang='lat' dir='ltr'>tollebantur</span> <span class='ocrx_word' id='word_1_50' title='bbox 675 554 719 594; x_wconf 87' lang='lat' dir='ltr'>in</span> <span class='ocrx_word' id='word_1_51' title='bbox 751 568 947 606; x_wconf 89' lang='lat' dir='ltr'>crucem,</span> <span class='ocrx_word' id='word_1_52' title='bbox 979 552 1041 597; x_wconf 90' lang='lat' dir='ltr'>vel</span> <span class='ocrx_word' id='word_1_53' title='bbox 1076 554 1209 598; x_wconf 86' lang='lat' dir='ltr'>bestiis</span> <span class='ocrx_word' id='word_1_54' title='bbox 1225 554 1327 606; x_wconf 74' lang='lat' dir='ltr'>obji-</span> 
     </span>
     <span class='ocr_line' id='line_1_10' title="bbox 292 608 1327 666; baseline -0.001 -10"><span class='ocrx_word' id='word_1_55' title='bbox 292 612 533 662; x_wconf 81' lang='lat' dir='ltr'>ciebantur3</span> <span class='ocrx_word' id='word_1_56' title='bbox 579 608 651 664; x_wconf 91' lang='lat' dir='ltr'>ips1</span> <span class='ocrx_word' id='word_1_57' title='bbox 695 625 792 653; x_wconf 86' lang='lat' dir='ltr'>vero</span> <span class='ocrx_word' id='word_1_58' title='bbox 838 610 950 666; x_wconf 87' lang='lat' dir='ltr'>magi</span> <span class='ocrx_word' id='word_1_59' title='bbox 997 611 1081 654; x_wconf 91' lang='lat' dir='ltr'>vivi</span> <span class='ocrx_word' id='word_1_60' title='bbox 1114 612 1327 656; x_wconf 89' lang='lat' dir='ltr'>combure-</span> 
     </span>
     <span class='ocr_line' id='line_1_11' title="bbox 293 665 1323 720; baseline 0.001 -8"><span class='ocrx_word' id='word_1_61' title='bbox 293 670 440 712; x_wconf 85' lang='lat' dir='ltr'>bantur</span> <span class='ocrx_word' id='word_1_62' title='bbox 484 682 579 709; x_wconf 86' lang='lat' dir='ltr'>cum</span> <span class='ocrx_word' id='word_1_63' title='bbox 627 666 703 709; x_wconf 91' lang='lat' dir='ltr'>suis</span> <span class='ocrx_word' id='word_1_64' title='bbox 735 665 879 720; x_wconf 90' lang='lat' dir='ltr'>libris,</span> <span class='ocrx_word' id='word_1_65' title='bbox 910 679 954 710; x_wconf 89' lang='lat' dir='ltr'>ut</span> <span class='ocrx_word' id='word_1_66' title='bbox 987 683 1071 710; x_wconf 88' lang='lat' dir='ltr'>non</span> <span class='ocrx_word' id='word_1_67' title='bbox 1104 670 1227 712; x_wconf 89' lang='lat' dir='ltr'>modo</span> <span class='ocrx_word' id='word_1_68' title='bbox 1259 685 1323 713; x_wconf 78' lang='lat' dir='ltr'>ex-</span> 
     </span>
     <span class='ocr_line' id='line_1_12' title="bbox 292 723 1325 781; baseline 0.001 -12"><span class='ocrx_word' id='word_1_69' title='bbox 292 726 512 777; x_wconf 85' lang='lat' dir='ltr'>ercitium,</span> <span class='ocrx_word' id='word_1_70' title='bbox 558 723 616 766; x_wconf 89' lang='lat' dir='ltr'>sed</span> <span class='ocrx_word' id='word_1_71' title='bbox 664 724 745 778; x_wconf 89' lang='lat' dir='ltr'>ipsa</span> <span class='ocrx_word' id='word_1_72' title='bbox 788 740 947 780; x_wconf 85' lang='lat' dir='ltr'>quoque</span> <span class='ocrx_word' id='word_1_73' title='bbox 982 725 1147 769; x_wconf 88' lang='lat' dir='ltr'>scientia</span> <span class='ocrx_word' id='word_1_74' title='bbox 1181 725 1325 781; x_wconf 51' lang='lat' dir='ltr'>pleste-</span> 
     </span>
     <span class='ocr_line' id='line_1_13' title="bbox 291 782 1331 837; baseline -0.001 -10"><span class='ocrx_word' id='word_1_75' title='bbox 291 797 430 827; x_wconf 85' lang='lat' dir='ltr'>retur.</span> <span class='ocrx_word' id='word_1_76' title='bbox 463 782 707 836; x_wconf 89' lang='lat' dir='ltr'>Supererant</span> <span class='ocrx_word' id='word_1_77' title='bbox 732 782 905 835; x_wconf 85' lang='lat' dir='ltr'>medici,</span> <span class='ocrx_word' id='word_1_78' title='bbox 949 784 1017 837; x_wconf 90' lang='lat' dir='ltr'>qui</span> <span class='ocrx_word' id='word_1_79' title='bbox 1039 798 1123 826; x_wconf 89' lang='lat' dir='ltr'>non</span> <span class='ocrx_word' id='word_1_80' title='bbox 1145 783 1237 836; x_wconf 85' lang='lat' dir='ltr'>suo,</span> <span class='ocrx_word' id='word_1_81' title='bbox 1255 783 1331 826; x_wconf 58' lang='lat' dir='ltr'>{ed</span> 
     </span>
     <span class='ocr_line' id='line_1_14' title="bbox 289 839 1333 894; baseline -0.001 -10"><span class='ocrx_word' id='word_1_82' title='bbox 289 840 556 884; x_wconf 80' lang='lat' dir='ltr'>fallaciffimae</span> <span class='ocrx_word' id='word_1_83' title='bbox 588 839 711 890; x_wconf 84' lang='lat' dir='ltr'>artis,</span> <span class='ocrx_word' id='word_1_84' title='bbox 744 852 863 894; x_wconf 83' lang='lat' dir='ltr'>atque</span> <span class='ocrx_word' id='word_1_85' title='bbox 905 839 1097 894; x_wconf 86' lang='lat' dir='ltr'>anticipis</span> <span class='ocrx_word' id='word_1_86' title='bbox 1138 840 1333 883; x_wconf 63' lang='lat' dir='ltr'>doehinae</span> 
     </span>
     <span class='ocr_line' id='line_1_15' title="bbox 289 896 1327 951; baseline 0 -12"><span class='ocrx_word' id='word_1_87' title='bbox 289 898 399 941; x_wconf 83' lang='lat' dir='ltr'>vicio</span> <span class='ocrx_word' id='word_1_88' title='bbox 421 912 505 940; x_wconf 91' lang='lat' dir='ltr'>non</span> <span class='ocrx_word' id='word_1_89' title='bbox 532 912 620 938; x_wconf 84' lang='lat' dir='ltr'>raro</span> <span class='ocrx_word' id='word_1_90' title='bbox 641 909 819 939; x_wconf 88' lang='lat' dir='ltr'>mortem</span> <span class='ocrx_word' id='word_1_91' title='bbox 848 896 1021 939; x_wconf 81' lang='lat' dir='ltr'>afferunt</span> <span class='ocrx_word' id='word_1_92' title='bbox 1052 897 1327 951; x_wconf 80' lang='lat' dir='ltr'>inopinantes:</span> 
     </span>
     <span class='ocr_line' id='line_1_16' title="bbox 290 952 1331 1010; baseline -0.002 -12"><span class='ocrx_word' id='word_1_93' title='bbox 290 967 335 999; x_wconf 91' lang='lat' dir='ltr'>ut</span> <span class='ocrx_word' id='word_1_94' title='bbox 363 954 497 1010; x_wconf 86' lang='lat' dir='ltr'>plures</span> <span class='ocrx_word' id='word_1_95' title='bbox 523 953 742 1008; x_wconf 87' lang='lat' dir='ltr'>aliquando</span> <span class='ocrx_word' id='word_1_96' title='bbox 768 952 970 997; x_wconf 85' lang='lat' dir='ltr'>medicina</span> <span class='ocrx_word' id='word_1_97' title='bbox 1002 954 1105 997; x_wconf 84' lang='lat' dir='ltr'>vitas</span> <span class='ocrx_word' id='word_1_98' title='bbox 1133 954 1295 998; x_wconf 84' lang='lat' dir='ltr'>hauriat</span> <span class='ocrx_word' id='word_1_99' title='bbox 1320 987 1331 1008; x_wconf 83' lang='lat'>,</span> 
     </span>
     <span class='ocr_line' id='line_1_17' title="bbox 289 1010 1326 1068; baseline -0.001 -13"><span class='ocrx_word' id='word_1_100' title='bbox 289 1028 414 1068; x_wconf 85' lang='lat' dir='ltr'>quarn</span> <span class='ocrx_word' id='word_1_101' title='bbox 441 1010 597 1066; x_wconf 81' lang='lat' dir='ltr'>gladius</span> <span class='ocrx_word' id='word_1_102' title='bbox 623 1010 667 1053; x_wconf 71' lang='grc' dir='ltr'>ἃ</span> <span class='ocrx_word' id='word_1_103' title='bbox 689 1026 893 1053; x_wconf 78' lang='lat' dir='ltr'>venenum</span> <span class='ocrx_word' id='word_1_104' title='bbox 911 1043 920 1053; x_wconf 86' lang='grc'><strong>.</strong></span> <span class='ocrx_word' id='word_1_105' title='bbox 952 1011 1027 1055; x_wconf 85' lang='lat' dir='ltr'>Sed</span> <span class='ocrx_word' id='word_1_106' title='bbox 1049 1011 1326 1056; x_wconf 81' lang='lat' dir='ltr'>inhumanum</span> 
     </span>
     <span class='ocr_line' id='line_1_18' title="bbox 288 1067 1357 1124; baseline 0 -12"><span class='ocrx_word' id='word_1_107' title='bbox 288 1068 413 1121; x_wconf 74' lang='lat' dir='ltr'>esset,</span> <span class='ocrx_word' id='word_1_108' title='bbox 452 1069 495 1111; x_wconf 90' lang='lat' dir='ltr'>in</span> <span class='ocrx_word' id='word_1_109' title='bbox 529 1067 703 1111; x_wconf 87' lang='lat' dir='ltr'>crimine</span> <span class='ocrx_word' id='word_1_110' title='bbox 736 1067 963 1111; x_wconf 84' lang='lat' dir='ltr'>insontibus</span> <span class='ocrx_word' id='word_1_111' title='bbox 991 1084 1143 1124; x_wconf 89' lang='lat' dir='ltr'>ponere</span> <span class='ocrx_word' id='word_1_112' title='bbox 1177 1073 1357 1112; x_wconf 75' lang='lat' dir='ltr'>naturae!</span> 
     </span>
     <span class='ocr_line' id='line_1_19' title="bbox 285 1125 1327 1181; baseline 0 -12"><span class='ocrx_word' id='word_1_113' title='bbox 285 1125 573 1169; x_wconf 83' lang='lat' dir='ltr'>obscuritatem</span> <span class='ocrx_word' id='word_1_114' title='bbox 591 1157 601 1177; x_wconf 90' lang='lat'>,</span> <span class='ocrx_word' id='word_1_115' title='bbox 616 1125 659 1167; x_wconf 74' lang='lat'>8&lt;</span> <span class='ocrx_word' id='word_1_116' title='bbox 682 1125 985 1181; x_wconf 79' lang='lat' dir='ltr'>ignorantiamc</span> <span class='ocrx_word' id='word_1_117' title='bbox 1005 1126 1189 1170; x_wconf 81' lang='lat' dir='ltr'>ansarum</span> <span class='ocrx_word' id='word_1_118' title='bbox 1212 1127 1327 1169; x_wconf 71' lang='lat' dir='ltr'>invo-</span> 
     </span>
     <span class='ocr_line' id='line_1_20' title="bbox 286 1182 1355 1238; baseline 0.004 -13"><span class='ocrx_word' id='word_1_119' title='bbox 286 1182 544 1226; x_wconf 86' lang='lat' dir='ltr'>luntariam:</span> <span class='ocrx_word' id='word_1_120' title='bbox 593 1183 696 1225; x_wconf 87' lang='lat' dir='ltr'>unde</span> <span class='ocrx_word' id='word_1_121' title='bbox 747 1182 833 1238; x_wconf 81' lang='lat' dir='ltr'>lege</span> <span class='ocrx_word' id='word_1_122' title='bbox 883 1183 1082 1227; x_wconf 80' lang='lat' dir='ltr'>Cornelia</span> <span class='ocrx_word' id='word_1_123' title='bbox 1116 1183 1355 1235; x_wconf 60' lang='lat' dir='ltr'>subjicitur.</span> 
     </span>
     <span class='ocr_line' id='line_1_21' title="bbox 291 1231 1356 1307; baseline 0 -24"><span class='ocrx_word' id='word_1_124' title='bbox 291 1241 423 1295; x_wconf 87' lang='lat' dir='ltr'>poenis</span> <span class='ocrx_word' id='word_1_125' title='bbox 477 1252 640 1282; x_wconf 79' lang='lat' dir='ltr'>tanturn</span> <span class='ocrx_word' id='word_1_126' title='bbox 693 1239 902 1295; x_wconf 87' lang='lat' dir='ltr'>imperitia</span> <span class='ocrx_word' id='word_1_127' title='bbox 957 1241 1004 1284; x_wconf 73' lang='grc' dir='ltr'>δι</span> <span class='ocrx_word' id='word_1_128' title='bbox 1051 1231 1356 1307; x_wconf 67' lang='lat' dir='ltr'>imprudentia{</span> 
     </span>
     <span class='ocr_line' id='line_1_22' title="bbox 289 1296 1356 1355; baseline 0 -15"><span class='ocrx_word' id='word_1_129' title='bbox 289 1298 543 1341; x_wconf 86' lang='lat' dir='ltr'>medicorum</span> <span class='ocrx_word' id='word_1_130' title='bbox 567 1329 578 1347; x_wconf 84' lang='lat'>‚</span> <span class='ocrx_word' id='word_1_131' title='bbox 613 1296 637 1339; x_wconf 83' lang='lat' dir='ltr'>si</span> <span class='ocrx_word' id='word_1_132' title='bbox 660 1296 763 1340; x_wconf 84' lang='lat' dir='ltr'>forte</span> <span class='ocrx_word' id='word_1_133' title='bbox 798 1298 1055 1341; x_wconf 82' lang='lat' dir='ltr'>medicamen</span> <span class='ocrx_word' id='word_1_134' title='bbox 1080 1299 1127 1340; x_wconf 87' lang='lat' dir='ltr'>ad</span> <span class='ocrx_word' id='word_1_135' title='bbox 1157 1296 1327 1341; x_wconf 86' lang='lat' dir='ltr'>salutem</span> <span class='ocrx_word' id='word_1_136' title='bbox 1352 1309 1356 1355; x_wconf 68' lang='grc' dir='ltr'>ξ</span> 
     </span>
     <span class='ocr_line' id='line_1_23' title="bbox 287 1353 1330 1410; baseline 0 -13"><span class='ocrx_word' id='word_1_137' title='bbox 287 1355 474 1398; x_wconf 85' lang='lat' dir='ltr'>oblatum</span> <span class='ocrx_word' id='word_1_138' title='bbox 495 1354 592 1396; x_wconf 86' lang='lat' dir='ltr'>artis</span> <span class='ocrx_word' id='word_1_139' title='bbox 619 1353 778 1397; x_wconf 80' lang='lat' dir='ltr'>inscitia</span> <span class='ocrx_word' id='word_1_140' title='bbox 793 1386 804 1407; x_wconf 89' lang='lat'>‚</span> <span class='ocrx_word' id='word_1_141' title='bbox 826 1354 889 1397; x_wconf 78' lang='lat' dir='ltr'>vel</span> <span class='ocrx_word' id='word_1_142' title='bbox 910 1354 1056 1397; x_wconf 88' lang='lat' dir='ltr'>medici</span> <span class='ocrx_word' id='word_1_143' title='bbox 1076 1354 1330 1410; x_wconf 78' lang='lat' dir='ltr'>negligentia</span> 
     </span>
     <span class='ocr_line' id='line_1_24' title="bbox 289 1411 1332 1467; baseline 0 -13"><span class='ocrx_word' id='word_1_144' title='bbox 289 1425 486 1463; x_wconf 65' lang='lat' dir='ltr'>{egrotum</span> <span class='ocrx_word' id='word_1_145' title='bbox 505 1411 789 1454; x_wconf 81' lang='lat' dir='ltr'>interemerit:</span> <span class='ocrx_word' id='word_1_146' title='bbox 825 1427 871 1454; x_wconf 84' lang='lat' dir='ltr'>ac</span> <span class='ocrx_word' id='word_1_147' title='bbox 898 1424 988 1454; x_wconf 87' lang='lat' dir='ltr'>tum</span> <span class='ocrx_word' id='word_1_148' title='bbox 1016 1411 1222 1454; x_wconf 85' lang='lat' dir='ltr'>honestior</span> <span class='ocrx_word' id='word_1_149' title='bbox 1241 1413 1332 1467; x_wconf 90' lang='lat' dir='ltr'>qui-</span> 
     </span>
     <span class='ocr_line' id='line_1_25' title="bbox 290 1467 1331 1521; baseline 0 -10"><span class='ocrx_word' id='word_1_150' title='bbox 290 1469 383 1511; x_wconf 85' lang='lat' dir='ltr'>dem</span> <span class='ocrx_word' id='word_1_151' title='bbox 416 1468 596 1511; x_wconf 85' lang='lat' dir='ltr'>medicus</span> <span class='ocrx_word' id='word_1_152' title='bbox 639 1468 680 1510; x_wconf 86' lang='lat' dir='ltr'>in</span> <span class='ocrx_word' id='word_1_153' title='bbox 710 1467 883 1510; x_wconf 78' lang='lat' dir='ltr'>insulam</span> <span class='ocrx_word' id='word_1_154' title='bbox 915 1468 1223 1521; x_wconf 79' lang='lat' dir='ltr'>deportabitur,</span> <span class='ocrx_word' id='word_1_155' title='bbox 1257 1469 1331 1511; x_wconf 88' lang='lat' dir='ltr'>hu-</span> 
     </span>
     <span class='ocr_line' id='line_1_26' title="bbox 290 1525 1332 1579; baseline -0.001 -11"><span class='ocrx_word' id='word_1_156' title='bbox 290 1526 433 1569; x_wconf 78' lang='lat' dir='ltr'>milior</span> <span class='ocrx_word' id='word_1_157' title='bbox 459 1540 552 1568; x_wconf 75' lang='lat' dir='ltr'>vero</span> <span class='ocrx_word' id='word_1_158' title='bbox 575 1525 708 1579; x_wconf 85' lang='lat' dir='ltr'>capite</span> <span class='ocrx_word' id='word_1_159' title='bbox 726 1525 942 1578; x_wconf 86' lang='lat' dir='ltr'>punietur.</span> <span class='ocrx_word' id='word_1_160' title='bbox 974 1526 1034 1577; x_wconf 68' lang='lat' dir='ltr'>(bi</span> <span class='ocrx_word' id='word_1_161' title='bbox 1050 1526 1242 1569; x_wconf 87' lang='lat' dir='ltr'>Tandem</span> <span class='ocrx_word' id='word_1_162' title='bbox 1271 1527 1332 1567; x_wconf 86' lang='lat' dir='ltr'>in-</span> 
     </span>
     <span class='ocr_line' id='line_1_27' title="bbox 289 1582 1332 1638; baseline -0.001 -13"><span class='ocrx_word' id='word_1_163' title='bbox 289 1582 517 1625; x_wconf 84' lang='lat' dir='ltr'>cendiarios</span> <span class='ocrx_word' id='word_1_164' title='bbox 534 1613 545 1634; x_wconf 87' lang='lat'>,</span> <span class='ocrx_word' id='word_1_165' title='bbox 576 1582 644 1638; x_wconf 84' lang='lat' dir='ltr'>qui</span> <span class='ocrx_word' id='word_1_166' title='bbox 675 1582 768 1624; x_wconf 87' lang='lat' dir='ltr'>data</span> <span class='ocrx_word' id='word_1_167' title='bbox 780 1598 903 1635; x_wconf 88' lang='lat' dir='ltr'>opera</span> <span class='ocrx_word' id='word_1_168' title='bbox 919 1583 961 1624; x_wconf 85' lang='lat' dir='ltr'>in</span> <span class='ocrx_word' id='word_1_169' title='bbox 979 1584 1076 1625; x_wconf 87' lang='lat' dir='ltr'>urbe</span> <span class='ocrx_word' id='word_1_170' title='bbox 1093 1583 1332 1625; x_wconf 84' lang='lat' dir='ltr'>incendium</span> 
     </span>
     <span class='ocr_line' id='line_1_28' title="bbox 287 1638 1330 1695; baseline -0.001 -13"><span class='ocrx_word' id='word_1_171' title='bbox 287 1640 554 1690; x_wconf 79' lang='lat' dir='ltr'>excitassent,</span> <span class='ocrx_word' id='word_1_172' title='bbox 585 1638 658 1682; x_wconf 81' lang='lat' dir='ltr'>etsi</span> <span class='ocrx_word' id='word_1_173' title='bbox 693 1639 975 1682; x_wconf 81' lang='lat' dir='ltr'>vetustioribus</span> <span class='ocrx_word' id='word_1_174' title='bbox 1016 1640 1171 1695; x_wconf 77' lang='lat' dir='ltr'>legibus</span> <span class='ocrx_word' id='word_1_175' title='bbox 1198 1640 1330 1681; x_wconf 89' lang='lat' dir='ltr'>obno-</span> 
     </span>
     <span class='ocr_line' id='line_1_29' title="bbox 287 1696 1333 1752; baseline -0.001 -13"><span class='ocrx_word' id='word_1_176' title='bbox 287 1697 406 1748; x_wconf 68' lang='lat' dir='ltr'>xios,</span> <span class='ocrx_word' id='word_1_177' title='bbox 444 1696 607 1750; x_wconf 82' lang='lat' dir='ltr'>punivit</span> <span class='ocrx_word' id='word_1_178' title='bbox 632 1697 759 1739; x_wconf 89' lang='lat' dir='ltr'>etiam</span> <span class='ocrx_word' id='word_1_179' title='bbox 786 1696 851 1739; x_wconf 80' lang='lat' dir='ltr'>lex</span> <span class='ocrx_word' id='word_1_180' title='bbox 871 1696 1096 1739; x_wconf 88' lang='lat' dir='ltr'>Cornelia:</span> <span class='ocrx_word' id='word_1_181' title='bbox 1129 1712 1333 1752; x_wconf 85' lang='lat' dir='ltr'>perquam</span> 
     </span>
     <span class='ocr_line' id='line_1_30' title="bbox 290 1751 1333 1809; baseline 0 -14"><span class='ocrx_word' id='word_1_182' title='bbox 290 1752 533 1795; x_wconf 75' lang='lat' dir='ltr'>humiliores</span> <span class='ocrx_word' id='word_1_183' title='bbox 547 1751 680 1795; x_wconf 81' lang='lat' dir='ltr'>bestiis</span> <span class='ocrx_word' id='word_1_184' title='bbox 691 1752 964 1805; x_wconf 68' lang='lat' dir='ltr'>objiciuntur,</span> <span class='ocrx_word' id='word_1_185' title='bbox 985 1753 1333 1809; x_wconf 85' lang='lat' dir='ltr'>honestiores,qui</span> 
     </span>
     <span class='ocr_line' id='line_1_31' title="bbox 291 1808 1335 1866; baseline -0.001 -15"><span class='ocrx_word' id='word_1_186' title='bbox 291 1808 428 1853; x_wconf 88' lang='lat' dir='ltr'>locum</span> <span class='ocrx_word' id='word_1_187' title='bbox 445 1809 486 1852; x_wconf 88' lang='lat'>&amp;</span> <span class='ocrx_word' id='word_1_188' title='bbox 500 1810 670 1865; x_wconf 79' lang='lat' dir='ltr'>gradum</span> <span class='ocrx_word' id='word_1_189' title='bbox 687 1809 733 1852; x_wconf 92' lang='lat' dir='ltr'>in</span> <span class='ocrx_word' id='word_1_190' title='bbox 749 1810 846 1853; x_wconf 89' lang='lat' dir='ltr'>urbe</span> <span class='ocrx_word' id='word_1_191' title='bbox 861 1810 1041 1866; x_wconf 77' lang='lat' dir='ltr'>aliquem</span> <span class='ocrx_word' id='word_1_192' title='bbox 1057 1822 1223 1853; x_wconf 88' lang='lat' dir='ltr'>teneant</span> <span class='ocrx_word' id='word_1_193' title='bbox 1239 1841 1250 1863; x_wconf 85' lang='lat'>,</span> <span class='ocrx_word' id='word_1_194' title='bbox 1267 1822 1335 1852; x_wconf 86' lang='lat' dir='ltr'>aut</span> 
     </span>
     <span class='ocr_line' id='line_1_32' title="bbox 292 1866 1335 1923; baseline -0.001 -14"><span class='ocrx_word' id='word_1_195' title='bbox 292 1867 425 1923; x_wconf 80' lang='lat' dir='ltr'>capite</span> <span class='ocrx_word' id='word_1_196' title='bbox 440 1866 760 1922; x_wconf 52' lang='lat' dir='ltr'>pleStunturfflut</span> <span class='ocrx_word' id='word_1_197' title='bbox 775 1868 820 1910; x_wconf 89' lang='lat' dir='ltr'>in</span> <span class='ocrx_word' id='word_1_198' title='bbox 836 1866 983 1911; x_wconf 87' lang='lat' dir='ltr'>insulas</span> <span class='ocrx_word' id='word_1_199' title='bbox 998 1867 1335 1921; x_wconf 80' lang='lat' dir='ltr'>deportantur.(c)</span> 
     </span>
    </p>
   </div>
   <div class='ocr_carea' id='block_1_2' title="bbox 318 1952 1306 2094">
    <p class='ocr_par' dir='ltr' id='par_1_2' title="bbox 318 1952 1306 2094">
     <span class='ocr_line' id='line_1_33' title="bbox 475 1952 1159 1997; baseline 0 -3"><span class='ocrx_word' id='word_1_200' title='bbox 475 1952 515 1994; x_wconf 89' lang='lat' dir='ltr'>C</span> <span class='ocrx_word' id='word_1_201' title='bbox 577 1954 615 1995; x_wconf 90' lang='lat' dir='ltr'><strong>A</strong></span> <span class='ocrx_word' id='word_1_202' title='bbox 680 1953 708 1995; x_wconf 89' lang='lat' dir='ltr'>P</span> <span class='ocrx_word' id='word_1_203' title='bbox 767 1954 811 1995; x_wconf 93' lang='lat' dir='ltr'>U</span> <span class='ocrx_word' id='word_1_204' title='bbox 872 1953 916 1993; x_wconf 94' lang='lat' dir='ltr'><strong>T</strong></span> <span class='ocrx_word' id='word_1_205' title='bbox 1035 1954 1159 1997; x_wconf 90' lang='lat' dir='ltr'>CIV.</span> 
     </span>
     <span class='ocr_line' id='line_1_34' title="bbox 318 2037 1306 2094; baseline -0.004 -11"><span class='ocrx_word' id='word_1_206' title='bbox 318 2039 384 2083; x_wconf 87' lang='lat' dir='ltr'>De</span> <span class='ocrx_word' id='word_1_207' title='bbox 403 2038 503 2094; x_wconf 73' lang='lat' dir='ltr'>Lege</span> <span class='ocrx_word' id='word_1_208' title='bbox 516 2039 703 2081; x_wconf 72' lang='lat' dir='ltr'>Cornelia</span> <span class='ocrx_word' id='word_1_209' title='bbox 723 2037 778 2081; x_wconf 65' lang='lat'>(9²</span> <span class='ocrx_word' id='word_1_210' title='bbox 793 2039 985 2093; x_wconf 70' lang='lat' dir='ltr'>Pompeia</span> <span class='ocrx_word' id='word_1_211' title='bbox 999 2040 1046 2082; x_wconf 87' lang='lat' dir='ltr'>de</span> <span class='ocrx_word' id='word_1_212' title='bbox 1064 2039 1306 2082; x_wconf 74' lang='lat' dir='ltr'>Pari-leidis.</span> 
     </span>
    </p>
   </div>
   <div class='ocr_carea' id='block_1_3' title="bbox 1351 1107 1357 1217">
    <p class='ocr_par' dir='ltr' id='par_1_3' title="bbox 1351 1107 1357 1217">
     <span class='ocr_line' id='line_1_35' title="bbox 1351 1107 1357 1217; baseline 0 2262"><span class='ocrx_word' id='word_1_213' title='bbox 1351 1107 1357 1217; x_wconf 95' lang='lat' dir='ltr'> </span> 
     </span>
    </p>
   </div>
   <div class='ocr_carea' id='block_1_4' title="bbox 351 2122 1334 2236">
    <p class='ocr_par' dir='ltr' id='par_1_4' title="bbox 351 2122 1334 2236">
     <span class='ocr_line' id='line_1_36' title="bbox 351 2122 1334 2179; baseline 0.001 -13"><span class='ocrx_word' id='word_1_214' title='bbox 351 2122 389 2146; x_wconf 43' lang='lat'>⁷*</span> <span class='ocrx_word' id='word_1_215' title='bbox 409 2123 537 2179; x_wconf 82' lang='lat' dir='ltr'>Apire</span> <span class='ocrx_word' id='word_1_216' title='bbox 571 2123 669 2179; x_wconf 84' lang='lat' dir='ltr'>legis</span> <span class='ocrx_word' id='word_1_217' title='bbox 700 2123 911 2167; x_wconf 84' lang='lat' dir='ltr'>Corneliae</span> <span class='ocrx_word' id='word_1_218' title='bbox 943 2124 989 2167; x_wconf 91' lang='lat' dir='ltr'>de</span> <span class='ocrx_word' id='word_1_219' title='bbox 1025 2123 1173 2167; x_wconf 79' lang='lat' dir='ltr'>ficariis</span> <span class='ocrx_word' id='word_1_220' title='bbox 1199 2123 1334 2167; x_wconf 81' lang='lat' dir='ltr'>inclu-</span> 
     </span>
     <span class='ocr_line' id='line_1_37' title="bbox 432 2181 1332 2236; baseline 0.001 -13"><span class='ocrx_word' id='word_1_221' title='bbox 432 2182 517 2224; x_wconf 86' lang='lat' dir='ltr'>sum</span> <span class='ocrx_word' id='word_1_222' title='bbox 549 2195 632 2224; x_wconf 87' lang='lat' dir='ltr'>erat</span> <span class='ocrx_word' id='word_1_223' title='bbox 662 2182 766 2233; x_wconf 77' lang='lat'>(**&gt;</span> <span class='ocrx_word' id='word_1_224' title='bbox 797 2193 918 2236; x_wconf 81' lang='lat' dir='ltr'>caput</span> <span class='ocrx_word' id='word_1_225' title='bbox 950 2181 1063 2224; x_wconf 81' lang='lat' dir='ltr'>aliud</span> <span class='ocrx_word' id='word_1_226' title='bbox 1096 2182 1245 2224; x_wconf 78' lang='lat' dir='ltr'>veteris</span> <span class='ocrx_word' id='word_1_227' title='bbox 1276 2181 1332 2224; x_wconf 93' lang='lat' dir='ltr'>le-</span> 
     </span>
    </p>
   </div>
   <div class='ocr_carea' id='block_1_5' title="bbox 647 2311 753 2320">
    <p class='ocr_par' dir='ltr' id='par_1_5' title="bbox 647 2311 753 2320">
     <span class='ocr_line' id='line_1_38' title="bbox 647 2311 753 2320; baseline 0 1159"><span class='ocrx_word' id='word_1_228' title='bbox 647 2311 753 2320; x_wconf 95' lang='lat' dir='ltr'> </span> 
     </span>
    </p>
   </div>
   <div class='ocr_carea' id='block_1_6' title="bbox 288 2338 1334 3189">
    <p class='ocr_par' dir='ltr' id='par_1_6' title="bbox 288 2338 1334 2918">
     <span class='ocr_line' id='line_1_39' title="bbox 335 2338 1333 2382; baseline 0.001 -12"><span class='ocrx_word' id='word_1_229' title='bbox 335 2339 412 2378; x_wconf 74' lang='lat'>(⁴‘)</span> <span class='ocrx_word' id='word_1_230' title='bbox 438 2342 546 2380; x_wconf 81' lang='lat' dir='ltr'>Quam</span> <span class='ocrx_word' id='word_1_231' title='bbox 600 2339 815 2373; x_wconf 83' lang='lat' dir='ltr'>vehementer</span> <span class='ocrx_word' id='word_1_232' title='bbox 855 2349 991 2382; x_wconf 84' lang='lat' dir='ltr'>propter</span> <span class='ocrx_word' id='word_1_233' title='bbox 1031 2338 1194 2378; x_wconf 79' lang='lat' dir='ltr'>ejusmodi</span> <span class='ocrx_word' id='word_1_234' title='bbox 1218 2340 1333 2382; x_wconf 80' lang='lat' dir='ltr'>impo-</span> 
     </span>
     <span class='ocr_line' id='line_1_40' title="bbox 291 2383 1327 2427; baseline 0.003 -12"><span class='ocrx_word' id='word_1_235' title='bbox 291 2383 387 2415; x_wconf 70' lang='lat' dir='ltr'>noris</span> <span class='ocrx_word' id='word_1_236' title='bbox 426 2383 606 2417; x_wconf 67' lang='lat' dir='ltr'>Alexandri</span> <span class='ocrx_word' id='word_1_237' title='bbox 654 2384 912 2418; x_wconf 73' lang='lat' dir='ltr'>vaticinationes</span> <span class='ocrx_word' id='word_1_238' title='bbox 937 2383 1206 2427; x_wconf 78' lang='lat' dir='ltr'>trepidaverint,</span> <span class='ocrx_word' id='word_1_239' title='bbox 1232 2394 1327 2427; x_wconf 71' lang='lat' dir='ltr'>quot·</span> 
     </span>
     <span class='ocr_line' id='line_1_41' title="bbox 294 2429 1332 2471; baseline 0 -11"><span class='ocrx_word' id='word_1_240' title='bbox 294 2437 375 2470; x_wconf 86' lang='lat' dir='ltr'>quot</span> <span class='ocrx_word' id='word_1_241' title='bbox 411 2438 505 2461; x_wconf 78' lang='lat' dir='ltr'>erant</span> <span class='ocrx_word' id='word_1_242' title='bbox 535 2430 569 2461; x_wconf 88' lang='lat' dir='ltr'>in</span> <span class='ocrx_word' id='word_1_243' title='bbox 594 2430 672 2461; x_wconf 82' lang='lat' dir='ltr'>orbe</span> <span class='ocrx_word' id='word_1_244' title='bbox 699 2431 879 2466; x_wconf 80' lang='lat' dir='ltr'>Romano,</span> <span class='ocrx_word' id='word_1_245' title='bbox 923 2429 998 2461; x_wconf 73' lang='lat' dir='ltr'>vide</span> <span class='ocrx_word' id='word_1_246' title='bbox 1039 2429 1124 2471; x_wconf 81' lang='lat' dir='ltr'>apud</span> <span class='ocrx_word' id='word_1_247' title='bbox 1151 2429 1332 2462; x_wconf 79' lang='lat' dir='ltr'>Lutianum</span> 
     </span>
     <span class='ocr_line' id='line_1_42' title="bbox 288 2472 1332 2517; baseline 0.002 -13"><span class='ocrx_word' id='word_1_248' title='bbox 288 2472 325 2504; x_wconf 83' lang='lat' dir='ltr'>in</span> <span class='ocrx_word' id='word_1_249' title='bbox 350 2474 558 2517; x_wconf 62' lang='grc' dir='ltr'>Αλλεξοίνδρῳ</span> <span class='ocrx_word' id='word_1_250' title='bbox 583 2496 590 2503; x_wconf 94' lang='grc'><em>.</em></span> <span class='ocrx_word' id='word_1_251' title='bbox 631 2478 786 2507; x_wconf 74' lang='lat' dir='ltr'>Ceterum</span> <span class='ocrx_word' id='word_1_252' title='bbox 811 2474 917 2506; x_wconf 74' lang='lat' dir='ltr'>suavis</span> <span class='ocrx_word' id='word_1_253' title='bbox 943 2475 989 2506; x_wconf 84' lang='lat' dir='ltr'>est</span> <span class='ocrx_word' id='word_1_254' title='bbox 1018 2478 1091 2506; x_wconf 81' lang='lat' dir='ltr'>Azo</span> <span class='ocrx_word' id='word_1_255' title='bbox 1117 2475 1151 2506; x_wconf 89' lang='lat' dir='ltr'>in</span> <span class='ocrx_word' id='word_1_256' title='bbox 1176 2472 1280 2516; x_wconf 69' lang='lat' dir='ltr'>gltha</span> <span class='ocrx_word' id='word_1_257' title='bbox 1295 2474 1332 2506; x_wconf 83' lang='lat' dir='ltr'>ad</span> 
     </span>
     <span class='ocr_line' id='line_1_43' title="bbox 295 2518 1333 2560; baseline 0.002 -11"><span class='ocrx_word' id='word_1_258' title='bbox 295 2519 437 2549; x_wconf 73' lang='lat' dir='ltr'>titulum</span> <span class='ocrx_word' id='word_1_259' title='bbox 505 2519 630 2551; x_wconf 78' lang='lat' dir='ltr'>Codicis</span> <span class='ocrx_word' id='word_1_260' title='bbox 677 2519 715 2550; x_wconf 73' lang='lat' dir='ltr'>de</span> <span class='ocrx_word' id='word_1_261' title='bbox 768 2519 1020 2551; x_wconf 67' lang='lat' dir='ltr'>mathematicis</span> <span class='ocrx_word' id='word_1_262' title='bbox 1057 2518 1095 2550; x_wconf 70' lang='grc'>(9·</span> <span class='ocrx_word' id='word_1_263' title='bbox 1135 2518 1297 2560; x_wconf 68' lang='lat' dir='ltr'>mslcficr&#39;s</span> <span class='ocrx_word' id='word_1_264' title='bbox 1322 2541 1333 2557; x_wconf 85' lang='lat'><strong>‚</strong></span> 
     </span>
     <span class='ocr_line' id='line_1_44' title="bbox 297 2562 1332 2604; baseline 0.001 -11"><span class='ocrx_word' id='word_1_265' title='bbox 297 2562 428 2604; x_wconf 83' lang='lat' dir='ltr'>quando</span> <span class='ocrx_word' id='word_1_266' title='bbox 467 2562 661 2601; x_wconf 74' lang='lat' dir='ltr'>Mathefin‚</span> <span class='ocrx_word' id='word_1_267' title='bbox 701 2573 777 2596; x_wconf 84' lang='lat' dir='ltr'>eum</span> <span class='ocrx_word' id='word_1_268' title='bbox 818 2564 1048 2598; x_wconf 80' lang='lat' dir='ltr'>Geometriam</span> <span class='ocrx_word' id='word_1_269' title='bbox 1076 2564 1106 2594; x_wconf 61' lang='grc' dir='ltr'>ὃς</span> <span class='ocrx_word' id='word_1_270' title='bbox 1134 2563 1332 2596; x_wconf 77' lang='lat' dir='ltr'>Arithmeti-</span> 
     </span>
     <span class='ocr_line' id='line_1_45' title="bbox 297 2607 1331 2649; baseline 0 -11"><span class='ocrx_word' id='word_1_271' title='bbox 297 2617 368 2639; x_wconf 85' lang='lat' dir='ltr'>cam</span> <span class='ocrx_word' id='word_1_272' title='bbox 395 2607 551 2648; x_wconf 75' lang='lat' dir='ltr'>fignificat</span> <span class='ocrx_word' id='word_1_273' title='bbox 571 2631 580 2646; x_wconf 85' lang='lat'>‚</span> <span class='ocrx_word' id='word_1_274' title='bbox 607 2608 673 2641; x_wconf 79' lang='lat' dir='ltr'>sine</span> <span class='ocrx_word' id='word_1_275' title='bbox 697 2607 920 2649; x_wconf 80' lang='lat' dir='ltr'>adspiratione</span> <span class='ocrx_word' id='word_1_276' title='bbox 936 2631 946 2647; x_wconf 92' lang='lat'>,</span> <span class='ocrx_word' id='word_1_277' title='bbox 990 2617 1105 2640; x_wconf 84' lang='lat' dir='ltr'>contra</span> <span class='ocrx_word' id='word_1_278' title='bbox 1130 2617 1205 2640; x_wconf 84' lang='lat' dir='ltr'>cum</span> <span class='ocrx_word' id='word_1_279' title='bbox 1229 2607 1331 2649; x_wconf 82' lang='lat' dir='ltr'>adspi-</span> 
     </span>
     <span class='ocr_line' id='line_1_46' title="bbox 296 2651 1333 2696; baseline 0.001 -13"><span class='ocrx_word' id='word_1_280' title='bbox 296 2651 426 2684; x_wconf 86' lang='lat' dir='ltr'>ratione</span> <span class='ocrx_word' id='word_1_281' title='bbox 455 2652 662 2684; x_wconf 68' lang='lat' dir='ltr'>stribendam</span> <span class='ocrx_word' id='word_1_282' title='bbox 689 2653 798 2686; x_wconf 73' lang='lat' dir='ltr'>censet</span> <span class='ocrx_word' id='word_1_283' title='bbox 814 2676 823 2691; x_wconf 90' lang='lat'><strong>‚</strong></span> <span class='ocrx_word' id='word_1_284' title='bbox 849 2652 979 2696; x_wconf 75' lang='lat' dir='ltr'>quando</span> <span class='ocrx_word' id='word_1_285' title='bbox 1004 2653 1149 2695; x_wconf 78' lang='lat' dir='ltr'>designet</span> <span class='ocrx_word' id='word_1_286' title='bbox 1173 2653 1333 2685; x_wconf 81' lang='lat' dir='ltr'>vaticina-</span> 
     </span>
     <span class='ocr_line' id='line_1_47' title="bbox 296 2696 1334 2737; baseline 0.002 -10"><span class='ocrx_word' id='word_1_287' title='bbox 296 2696 451 2735; x_wconf 75' lang='lat' dir='ltr'>tionem,</span> <span class='ocrx_word' id='word_1_288' title='bbox 494 2697 560 2733; x_wconf 75' lang='lat' dir='ltr'>sic,</span> <span class='ocrx_word' id='word_1_289' title='bbox 600 2706 635 2729; x_wconf 76' lang='lat' dir='ltr'>ut</span> <span class='ocrx_word' id='word_1_290' title='bbox 676 2697 754 2730; x_wconf 75' lang='lat' dir='ltr'>scire</span> <span class='ocrx_word' id='word_1_291' title='bbox 790 2697 888 2730; x_wconf 79' lang='lat' dir='ltr'>faciat</span> <span class='ocrx_word' id='word_1_292' title='bbox 927 2698 1080 2737; x_wconf 72' lang='lat' dir='ltr'>matesis,</span> <span class='ocrx_word' id='word_1_293' title='bbox 1109 2696 1160 2729; x_wconf 53' lang='lat' dir='ltr'>sed</span> <span class='ocrx_word' id='word_1_294' title='bbox 1186 2696 1334 2730; x_wconf 75' lang='lat' dir='ltr'>divinare</span> 
     </span>
     <span class='ocr_line' id='line_1_48' title="bbox 296 2740 1331 2784; baseline 0.002 -12"><span class='ocrx_word' id='word_1_295' title='bbox 296 2740 450 2773; x_wconf 70' lang='lat' dir='ltr'>mathesis</span> <span class='ocrx_word' id='word_1_296' title='bbox 472 2764 479 2770; x_wconf 95' lang='lat'>.</span> <span class='ocrx_word' id='word_1_297' title='bbox 511 2742 603 2773; x_wconf 84' lang='lat' dir='ltr'>Inter</span> <span class='ocrx_word' id='word_1_298' title='bbox 629 2743 714 2783; x_wconf 75' lang='lat' dir='ltr'>leges</span> <span class='ocrx_word' id='word_1_299' title='bbox 739 2754 756 2774; x_wconf 88' lang='lat' dir='ltr'>a</span> <span class='ocrx_word' id='word_1_300' title='bbox 783 2743 987 2784; x_wconf 77' lang='lat' dir='ltr'>Principibus</span> <span class='ocrx_word' id='word_1_301' title='bbox 1013 2742 1206 2775; x_wconf 75' lang='lat' dir='ltr'>christianis</span> <span class='ocrx_word' id='word_1_302' title='bbox 1220 2751 1331 2774; x_wconf 58' lang='lat' dir='ltr'>contra</span> 
     </span>
     <span class='ocr_line' id='line_1_49' title="bbox 293 2785 1332 2830; baseline 0.002 -14"><span class='ocrx_word' id='word_1_303' title='bbox 293 2785 553 2818; x_wconf 73' lang='lat' dir='ltr'>Mathematicos</span> <span class='ocrx_word' id='word_1_304' title='bbox 580 2786 660 2818; x_wconf 81' lang='lat' dir='ltr'>latas</span> <span class='ocrx_word' id='word_1_305' title='bbox 685 2788 842 2820; x_wconf 68' lang='lat' dir='ltr'>notabilis</span> <span class='ocrx_word' id='word_1_306' title='bbox 873 2787 918 2820; x_wconf 69' lang='lat' dir='ltr'>est</span> <span class='ocrx_word' id='word_1_307' title='bbox 949 2798 997 2819; x_wconf 83' lang='lat' dir='ltr'>to.</span> <span class='ocrx_word' id='word_1_308' title='bbox 1019 2791 1053 2819; x_wconf 89' lang='lat' dir='ltr'>C.</span> <span class='ocrx_word' id='word_1_309' title='bbox 1080 2788 1117 2819; x_wconf 75' lang='lat' dir='ltr'>de</span> <span class='ocrx_word' id='word_1_310' title='bbox 1132 2788 1236 2830; x_wconf 79' lang='lat' dir='ltr'>Epist·</span> <span class='ocrx_word' id='word_1_311' title='bbox 1257 2788 1332 2820; x_wconf 78' lang='lat' dir='ltr'>aud.</span> 
     </span>
     <span class='ocr_line' id='line_1_50' title="bbox 294 2829 1332 2872; baseline 0.003 -11"><span class='ocrx_word' id='word_1_312' title='bbox 294 2829 330 2862; x_wconf 80' lang='lat' dir='ltr'>in</span> <span class='ocrx_word' id='word_1_313' title='bbox 353 2839 416 2872; x_wconf 80' lang='lat' dir='ltr'>qua</span> <span class='ocrx_word' id='word_1_314' title='bbox 442 2840 507 2861; x_wconf 89' lang='lat' dir='ltr'>non</span> <span class='ocrx_word' id='word_1_315' title='bbox 532 2837 663 2862; x_wconf 81' lang='lat' dir='ltr'>tantuin</span> <span class='ocrx_word' id='word_1_316' title='bbox 693 2842 732 2861; x_wconf 79' lang='lat' dir='ltr'>cx</span> <span class='ocrx_word' id='word_1_317' title='bbox 761 2833 839 2865; x_wconf 78' lang='lat' dir='ltr'>urbe</span> <span class='ocrx_word' id='word_1_318' title='bbox 870 2832 921 2864; x_wconf 85' lang='lat' dir='ltr'>sed</span> <span class='ocrx_word' id='word_1_319' title='bbox 947 2832 1100 2865; x_wconf 70' lang='lat' dir='ltr'>omnibus</span> <span class='ocrx_word' id='word_1_320' title='bbox 1117 2832 1210 2864; x_wconf 82' lang='lat' dir='ltr'>simul</span> <span class='ocrx_word' id='word_1_321' title='bbox 1223 2842 1262 2864; x_wconf 88' lang='lat' dir='ltr'>ex</span> <span class='ocrx_word' id='word_1_322' title='bbox 1290 2833 1332 2864; x_wconf 89' lang='lat' dir='ltr'>ci-</span> 
     </span>
     <span class='ocr_line' id='line_1_51' title="bbox 295 2874 1148 2918; baseline 0.001 -12"><span class='ocrx_word' id='word_1_323' title='bbox 295 2874 455 2908; x_wconf 74' lang='lat' dir='ltr'>vitatibus</span> <span class='ocrx_word' id='word_1_324' title='bbox 481 2874 650 2915; x_wconf 81' lang='lat' dir='ltr'>pellantur</span> <span class='ocrx_word' id='word_1_325' title='bbox 682 2874 737 2906; x_wconf 84' lang='lat' dir='ltr'>sub</span> <span class='ocrx_word' id='word_1_326' title='bbox 767 2886 863 2916; x_wconf 74' lang='lat' dir='ltr'>poena</span> <span class='ocrx_word' id='word_1_327' title='bbox 888 2875 1148 2918; x_wconf 79' lang='lat' dir='ltr'>deportationis.</span> 
     </span>
    </p>

    <p class='ocr_par' dir='ltr' id='par_1_7' title="bbox 302 2919 1328 3005">
     <span class='ocr_line' id='line_1_52' title="bbox 344 2919 1328 2962; baseline 0.002 -13"><span class='ocrx_word' id='word_1_328' title='bbox 344 2927 352 2955; x_wconf 79' lang='lat'><strong>&lt;</strong></span> <span class='ocrx_word' id='word_1_329' title='bbox 371 2929 390 2949; x_wconf 87' lang='lat' dir='ltr'>a</span> <span class='ocrx_word' id='word_1_330' title='bbox 406 2919 413 2953; x_wconf 78' lang='grc' dir='ltr'>Ι</span> <span class='ocrx_word' id='word_1_331' title='bbox 442 2922 516 2951; x_wconf 81' lang='lat' dir='ltr'>L.2-</span> <span class='ocrx_word' id='word_1_332' title='bbox 531 2920 596 2960; x_wconf 83' lang='lat' dir='ltr'>seq.</span> <span class='ocrx_word' id='word_1_333' title='bbox 615 2921 648 2949; x_wconf 87' lang='lat' dir='ltr'>C.</span> <span class='ocrx_word' id='word_1_334' title='bbox 666 2919 702 2950; x_wconf 83' lang='lat' dir='ltr'>de</span> <span class='ocrx_word' id='word_1_335' title='bbox 719 2921 824 2961; x_wconf 71' lang='lat' dir='ltr'>males.</span> <span class='ocrx_word' id='word_1_336' title='bbox 842 2919 881 2951; x_wconf 56' lang='grc' dir='ltr'><em>Θ</em></span> <span class='ocrx_word' id='word_1_337' title='bbox 904 2923 1056 2953; x_wconf 75' lang='lat' dir='ltr'>matbem.</span> <span class='ocrx_word' id='word_1_338' title='bbox 1084 2920 1187 2955; x_wconf 83' lang='lat' dir='ltr'>Paull.</span> <span class='ocrx_word' id='word_1_339' title='bbox 1202 2922 1328 2962; x_wconf 68' lang='grc' dir='ltr'>5.]εηε.</span> 
     </span>
     <span class='ocr_line' id='line_1_53' title="bbox 302 2964 673 3005; baseline 0 -10"><span class='ocrx_word' id='word_1_340' title='bbox 302 2973 353 3003; x_wconf 82' lang='lat'>23.</span> <span class='ocrx_word' id='word_1_341' title='bbox 380 2966 407 3005; x_wconf 65' lang='grc' dir='ltr'>ξ.</span> <span class='ocrx_word' id='word_1_342' title='bbox 423 2964 555 3005; x_wconf 78' lang='lat' dir='ltr'>magicae</span> <span class='ocrx_word' id='word_1_343' title='bbox 566 2966 650 2995; x_wconf 73' lang='lat' dir='ltr'>artis</span> <span class='ocrx_word' id='word_1_344' title='bbox 666 2986 673 2994; x_wconf 96' lang='lat'>.</span> 
     </span>
    </p>

    <p class='ocr_par' dir='ltr' id='par_1_8' title="bbox 297 3006 1329 3093">
     <span class='ocr_line' id='line_1_54' title="bbox 343 3006 1329 3053; baseline 0.003 -13"><span class='ocrx_word' id='word_1_345' title='bbox 343 3012 353 3046; x_wconf 94' lang='lat'>(</span> <span class='ocrx_word' id='word_1_346' title='bbox 371 3008 389 3040; x_wconf 81' lang='lat' dir='ltr'><em>b</em></span> <span class='ocrx_word' id='word_1_347' title='bbox 405 3011 413 3046; x_wconf 90' lang='lat'><strong>)</strong></span> <span class='ocrx_word' id='word_1_348' title='bbox 442 3010 478 3038; x_wconf 87' lang='lat' dir='ltr'>L.</span> <span class='ocrx_word' id='word_1_349' title='bbox 496 3008 639 3041; x_wconf 76' lang='lat' dir='ltr'>illicitas</span> <span class='ocrx_word' id='word_1_350' title='bbox 658 3007 779 3052; x_wconf 57' lang='lat' dir='ltr'>§.ficum</span> <span class='ocrx_word' id='word_1_351' title='bbox 793 3006 834 3053; x_wconf 72' lang='lat' dir='ltr'>ff</span> <span class='ocrx_word' id='word_1_352' title='bbox 850 3008 886 3041; x_wconf 77' lang='lat' dir='ltr'>de</span> <span class='ocrx_word' id='word_1_353' title='bbox 907 3007 989 3052; x_wconf 76' lang='lat' dir='ltr'>offic·</span> <span class='ocrx_word' id='word_1_354' title='bbox 1012 3009 1329 3052; x_wconf 73' lang='lat' dir='ltr'>Praessd.Paull.fint.</span> 
     </span>
     <span class='ocr_line' id='line_1_55' title="bbox 297 3051 557 3093; baseline -0.012 -7"><span class='ocrx_word' id='word_1_355' title='bbox 297 3053 352 3086; x_wconf 78' lang='lat' dir='ltr'>boc</span> <span class='ocrx_word' id='word_1_356' title='bbox 366 3054 426 3085; x_wconf 73' lang='lat' dir='ltr'>tic·</span> <span class='ocrx_word' id='word_1_357' title='bbox 452 3054 484 3083; x_wconf 74' lang='lat' dir='ltr'>in</span> <span class='ocrx_word' id='word_1_358' title='bbox 496 3051 557 3093; x_wconf 72' lang='lat' dir='ltr'>fin.</span> 
     </span>
    </p>

    <p class='ocr_par' dir='ltr' id='par_1_9' title="bbox 302 3096 1333 3189">
     <span class='ocr_line' id='line_1_56' title="bbox 351 3096 1333 3146; baseline 0.006 -18"><span class='ocrx_word' id='word_1_359' title='bbox 351 3099 368 3137; x_wconf 90' lang='lat'><strong>(</strong></span> <span class='ocrx_word' id='word_1_360' title='bbox 385 3109 397 3128; x_wconf 80' lang='grc' dir='ltr'><em>ι</em></span> <span class='ocrx_word' id='word_1_361' title='bbox 411 3096 430 3135; x_wconf 79' lang='grc'>)</span> <span class='ocrx_word' id='word_1_362' title='bbox 456 3097 491 3127; x_wconf 85' lang='lat' dir='ltr'>L.</span> <span class='ocrx_word' id='word_1_363' title='bbox 509 3100 568 3129; x_wconf 69' lang='lat' dir='ltr'>ult.</span> <span class='ocrx_word' id='word_1_364' title='bbox 588 3100 604 3140; x_wconf 84' lang='lat'><em>§</em></span> <span class='ocrx_word' id='word_1_365' title='bbox 621 3100 684 3130; x_wconf 75' lang='lat' dir='ltr'>ult.</span> <span class='ocrx_word' id='word_1_366' title='bbox 699 3099 735 3130; x_wconf 83' lang='lat' dir='ltr'>de</span> <span class='ocrx_word' id='word_1_367' title='bbox 749 3099 852 3132; x_wconf 69' lang='lat' dir='ltr'>inced-</span> <span class='ocrx_word' id='word_1_368' title='bbox 866 3099 950 3131; x_wconf 73' lang='lat' dir='ltr'>rain.</span> <span class='ocrx_word' id='word_1_369' title='bbox 969 3100 1119 3144; x_wconf 69' lang='lat' dir='ltr'>naufrag.</span> <span class='ocrx_word' id='word_1_370' title='bbox 1138 3099 1333 3146; x_wconf 72' lang='lat' dir='ltr'>L-xo-ffarl</span> 
     </span>
     <span class='ocr_line' id='line_1_57' title="bbox 302 3141 969 3189; baseline 0.009 -15"><span class='ocrx_word' id='word_1_371' title='bbox 302 3143 364 3186; x_wconf 71' lang='lat' dir='ltr'>leg.</span> <span class='ocrx_word' id='word_1_372' title='bbox 386 3144 477 3176; x_wconf 77' lang='lat' dir='ltr'>Corn·</span> <span class='ocrx_word' id='word_1_373' title='bbox 494 3141 697 3187; x_wconf 66' lang='lat' dir='ltr'>deficart&#39;is,</span> <span class='ocrx_word' id='word_1_374' title='bbox 724 3144 761 3179; x_wconf 58' lang='grc' dir='ltr'>ξς</span> <span class='ocrx_word' id='word_1_375' title='bbox 777 3142 888 3189; x_wconf 66' lang='lat' dir='ltr'>¹⁶¹‘ff-</span> <span class='ocrx_word' id='word_1_376' title='bbox 904 3145 969 3180; x_wconf 80' lang='lat' dir='ltr'>eod.</span> 
     </span>
    </p>
   </div>
   <div class='ocr_carea' id='block_1_7' title="bbox 981 2310 1198 2321">
    <p class='ocr_par' dir='ltr' id='par_1_10' title="bbox 981 2310 1198 2321">
     <span class='ocr_line' id='line_1_58' title="bbox 981 2310 1198 2321; baseline 0 1158"><span class='ocrx_word' id='word_1_377' title='bbox 981 2310 1198 2321; x_wconf 95' lang='lat' dir='ltr'> </span> 
     </span>
    </p>
   </div>
   <div class='ocr_carea' id='block_1_8' title="bbox 1218 2312 1325 2320">
    <p class='ocr_par' dir='ltr' id='par_1_11' title="bbox 1218 2312 1325 2320">
     <span class='ocr_line' id='line_1_59' title="bbox 1218 2312 1325 2320; baseline 0 0"><span class='ocrx_word' id='word_1_378' title='bbox 1218 2312 1325 2320; x_wconf 95' lang='lat' dir='ltr'> </span> 
     </span>
    </p>
   </div>
   <div class='ocr_carea' id='block_1_9' title="bbox 1351 913 1357 1071">
    <p class='ocr_par' dir='ltr' id='par_1_12' title="bbox 1351 913 1357 1071">
     <span class='ocr_line' id='line_1_60' title="bbox 1351 913 1357 1071; baseline 0 2408"><span class='ocrx_word' id='word_1_379' title='bbox 1351 913 1357 1071; x_wconf 95' lang='lat' dir='ltr'> </span> 
     </span>
    </p>
   </div>
   <div class='ocr_carea' id='block_1_10' title="bbox 931 78 1736 155">
    <p class='ocr_par' dir='ltr' id='par_1_13' title="bbox 931 78 1736 155">
     <span class='ocr_line' id='line_1_61' title="bbox 931 78 1736 155; baseline 0.016 -27"><span class='ocrx_word' id='word_1_380' title='bbox 931 78 1073 129; x_wconf 80' lang='lat' dir='ltr'>DE</span> <span class='ocrx_word' id='word_1_381' title='bbox 1157 79 1736 155; x_wconf 77' lang='lat' dir='ltr'>LEGIBUS,</span> 
     </span>
    </p>
   </div>
   <div class='ocr_carea' id='block_1_11' title="bbox 1381 158 2419 510">
    <p class='ocr_par' dir='ltr' id='par_1_14' title="bbox 1381 158 2419 510">
     <span class='ocr_line' id='line_1_62' title="bbox 1382 158 2415 223; baseline 0.022 -24"><span class='ocrx_word' id='word_1_382' title='bbox 1382 158 1442 214; x_wconf 73' lang='lat' dir='ltr'>gis</span> <span class='ocrx_word' id='word_1_383' title='bbox 1475 159 1660 223; x_wconf 72' lang='lat' dir='ltr'>adversus</span> <span class='ocrx_word' id='word_1_384' title='bbox 1699 161 1936 216; x_wconf 66' lang='lat' dir='ltr'>parricidas:</span> <span class='ocrx_word' id='word_1_385' title='bbox 1984 183 2107 222; x_wconf 73' lang='lat' dir='ltr'>quam</span> <span class='ocrx_word' id='word_1_386' title='bbox 2141 186 2319 220; x_wconf 85' lang='lat' dir='ltr'>veterem</span> <span class='ocrx_word' id='word_1_387' title='bbox 2356 176 2415 220; x_wconf 75' lang='lat' dir='ltr'>le-</span> 
     </span>
     <span class='ocr_line' id='line_1_63' title="bbox 1381 216 2413 287; baseline 0.017 -28"><span class='ocrx_word' id='word_1_388' title='bbox 1381 232 1474 271; x_wconf 81' lang='lat' dir='ltr'>gem</span> <span class='ocrx_word' id='word_1_389' title='bbox 1507 216 1577 260; x_wconf 83' lang='lat' dir='ltr'>alu</span> <span class='ocrx_word' id='word_1_390' title='bbox 1601 234 1672 272; x_wconf 86' lang='lat' dir='ltr'>pro</span> <span class='ocrx_word' id='word_1_391' title='bbox 1696 219 1785 276; x_wconf 85' lang='lat' dir='ltr'>lege</span> <span class='ocrx_word' id='word_1_392' title='bbox 1805 223 1908 265; x_wconf 86' lang='lat' dir='ltr'>XII.</span> <span class='ocrx_word' id='word_1_393' title='bbox 1932 225 2056 269; x_wconf 87' lang='lat' dir='ltr'>tabul.</span> <span class='ocrx_word' id='word_1_394' title='bbox 2079 229 2413 287; x_wconf 86' lang='lat' dir='ltr'>interpretantur,</span> 
     </span>
     <span class='ocr_line' id='line_1_64' title="bbox 1383 274 2413 337; baseline 0.018 -21"><span class='ocrx_word' id='word_1_395' title='bbox 1383 287 1425 316; x_wconf 93' lang='lat' dir='ltr'>ut</span> <span class='ocrx_word' id='word_1_396' title='bbox 1459 274 1631 327; x_wconf 90' lang='lat' dir='ltr'>Jacobus</span> <span class='ocrx_word' id='word_1_397' title='bbox 1663 278 1942 324; x_wconf 83' lang='lat' dir='ltr'>Gothosredus</span> <span class='ocrx_word' id='word_1_398' title='bbox 1963 298 1974 335; x_wconf 78' lang='lat'>3</span> <span class='ocrx_word' id='word_1_399' title='bbox 2010 285 2072 334; x_wconf 80' lang='lat' dir='ltr'>(d</span> <span class='ocrx_word' id='word_1_400' title='bbox 2093 295 2108 337; x_wconf 90' lang='lat'><strong><em>)</em></strong></span> <span class='ocrx_word' id='word_1_401' title='bbox 2126 287 2198 332; x_wconf 85' lang='lat' dir='ltr'>alii</span> <span class='ocrx_word' id='word_1_402' title='bbox 2224 290 2413 334; x_wconf 83' lang='lat' dir='ltr'>minime.</span> 
     </span>
     <span class='ocr_line' id='line_1_65' title="bbox 1386 331 2411 403; baseline 0.018 -30"><span class='ocrx_word' id='word_1_403' title='bbox 1386 331 1588 397; x_wconf 79' lang='lat' dir='ltr'>Romulus</span> <span class='ocrx_word' id='word_1_404' title='bbox 1619 347 1728 378; x_wconf 85' lang='lat' dir='ltr'>certe</span> <span class='ocrx_word' id='word_1_405' title='bbox 1751 348 1921 398; x_wconf 37' lang='lat' dir='ltr'>‚tantum</span> <span class='ocrx_word' id='word_1_406' title='bbox 1955 338 2111 386; x_wconf 88' lang='lat' dir='ltr'>facinus</span> <span class='ocrx_word' id='word_1_407' title='bbox 2145 361 2194 389; x_wconf 87' lang='lat' dir='ltr'>ne</span> <span class='ocrx_word' id='word_1_408' title='bbox 2213 347 2411 403; x_wconf 83' lang='lat' dir='ltr'>opinione</span> 
     </span>
     <span class='ocr_line' id='line_1_66' title="bbox 1382 391 2419 456; baseline 0.017 -25"><span class='ocrx_word' id='word_1_409' title='bbox 1382 391 1544 447; x_wconf 76' lang='lat' dir='ltr'>quidem</span> <span class='ocrx_word' id='word_1_410' title='bbox 1572 402 1641 432; x_wconf 88' lang='lat' dir='ltr'>aut</span> <span class='ocrx_word' id='word_1_411' title='bbox 1665 393 1896 444; x_wconf 64' lang='lat' dir='ltr'>conyee&#39;tura</span> <span class='ocrx_word' id='word_1_412' title='bbox 1921 397 2188 456; x_wconf 77' lang='lat' dir='ltr'>praesumens‚</span> <span class='ocrx_word' id='word_1_413' title='bbox 2221 404 2335 447; x_wconf 87' lang='lat' dir='ltr'>nulla</span> <span class='ocrx_word' id='word_1_414' title='bbox 2358 404 2419 447; x_wconf 85' lang='lat' dir='ltr'>il·</span> 
     </span>
     <span class='ocr_line' id='line_1_67' title="bbox 1382 448 2417 510; baseline 0.014 -19"><span class='ocrx_word' id='word_1_415' title='bbox 1382 449 1447 492; x_wconf 93' lang='lat' dir='ltr'>lud</span> <span class='ocrx_word' id='word_1_416' title='bbox 1484 448 1570 505; x_wconf 86' lang='lat' dir='ltr'>lege</span> <span class='ocrx_word' id='word_1_417' title='bbox 1605 450 1806 494; x_wconf 86' lang='lat' dir='ltr'>coercuit:</span> <span class='ocrx_word' id='word_1_418' title='bbox 1840 453 1911 497; x_wconf 87' lang='lat' dir='ltr'>etfi</span> <span class='ocrx_word' id='word_1_419' title='bbox 1945 470 2087 510; x_wconf 82' lang='lat' dir='ltr'>poenas</span> <span class='ocrx_word' id='word_1_420' title='bbox 2117 459 2163 503; x_wconf 89' lang='lat' dir='ltr'>de</span> <span class='ocrx_word' id='word_1_421' title='bbox 2190 460 2417 505; x_wconf 87' lang='lat' dir='ltr'>hominum</span> 
     </span>
    </p>
   </div>
   <div class='ocr_carea' id='block_1_12' title="bbox 1382 505 2417 620">
    <p class='ocr_par' dir='ltr' id='par_1_15' title="bbox 1382 505 2417 620">
     <span class='ocr_line' id='line_1_68' title="bbox 1382 505 2412 570; baseline 0.013 -22"><span class='ocrx_word' id='word_1_422' title='bbox 1382 506 1484 550; x_wconf 72' lang='lat' dir='ltr'>carde</span> <span class='ocrx_word' id='word_1_423' title='bbox 1534 505 1809 552; x_wconf 86' lang='lat' dir='ltr'>constituerit.</span> <span class='ocrx_word' id='word_1_424' title='bbox 1853 512 2125 570; x_wconf 65' lang='lat' dir='ltr'>(e)=Neque</span> <span class='ocrx_word' id='word_1_425' title='bbox 2167 517 2211 561; x_wconf 92' lang='lat' dir='ltr'>in</span> <span class='ocrx_word' id='word_1_426' title='bbox 2255 531 2412 562; x_wconf 86' lang='lat' dir='ltr'>veteres</span> 
     </span>
     <span class='ocr_line' id='line_1_69' title="bbox 1383 565 2417 620; baseline 0.013 -14"><span class='ocrx_word' id='word_1_427' title='bbox 1383 565 1671 607; x_wconf 77' lang='lat' dir='ltr'>Romanorum</span> <span class='ocrx_word' id='word_1_428' title='bbox 1714 565 1976 612; x_wconf 63' lang='lat' dir='ltr'>sanstiffimos</span> <span class='ocrx_word' id='word_1_429' title='bbox 2025 587 2158 618; x_wconf 86' lang='lat' dir='ltr'>mores</span> <span class='ocrx_word' id='word_1_430' title='bbox 2189 586 2273 619; x_wconf 90' lang='lat' dir='ltr'>tam</span> <span class='ocrx_word' id='word_1_431' title='bbox 2305 576 2417 620; x_wconf 89' lang='lat' dir='ltr'>dete-</span> 
     </span>
    </p>
   </div>
   <div class='ocr_carea' id='block_1_13' title="bbox 1378 621 2424 1436">
    <p class='ocr_par' dir='ltr' id='par_1_16' title="bbox 1378 621 2424 1436">
     <span class='ocr_line' id='line_1_70' title="bbox 1384 621 2416 679; baseline 0.015 -17"><span class='ocrx_word' id='word_1_432' title='bbox 1384 621 1518 664; x_wconf 78' lang='lat' dir='ltr'>stabile</span> <span class='ocrx_word' id='word_1_433' title='bbox 1555 621 1678 666; x_wconf 89' lang='lat' dir='ltr'>scelus</span> <span class='ocrx_word' id='word_1_434' title='bbox 1708 621 1857 679; x_wconf 90' lang='lat' dir='ltr'>irrupit</span> <span class='ocrx_word' id='word_1_435' title='bbox 1878 639 1973 670; x_wconf 86' lang='lat' dir='ltr'>ante</span> <span class='ocrx_word' id='word_1_436' title='bbox 2005 645 2161 674; x_wconf 89' lang='lat' dir='ltr'>annum</span> <span class='ocrx_word' id='word_1_437' title='bbox 2184 634 2239 675; x_wconf 88' lang='lat' dir='ltr'>A.</span> <span class='ocrx_word' id='word_1_438' title='bbox 2271 634 2330 675; x_wconf 86' lang='lat' dir='ltr'>U.</span> <span class='ocrx_word' id='word_1_439' title='bbox 2361 633 2416 676; x_wconf 88' lang='lat' dir='ltr'>C.</span> 
     </span>
     <span class='ocr_line' id='line_1_71' title="bbox 1383 678 2420 742; baseline 0.012 -23"><span class='ocrx_word' id='word_1_440' title='bbox 1383 678 1717 742; x_wconf 80' lang='lat' dir='ltr'>sexcentesimum</span> <span class='ocrx_word' id='word_1_441' title='bbox 1740 714 1749 724; x_wconf 94' lang='lat'>.</span> <span class='ocrx_word' id='word_1_442' title='bbox 1795 681 1876 735; x_wconf 90' lang='lat' dir='ltr'>(f)</span> <span class='ocrx_word' id='word_1_443' title='bbox 1913 700 1994 740; x_wconf 87' lang='lat' dir='ltr'>quo</span> <span class='ocrx_word' id='word_1_444' title='bbox 2038 699 2222 742; x_wconf 88' lang='lat' dir='ltr'>tempore</span> <span class='ocrx_word' id='word_1_445' title='bbox 2256 691 2301 732; x_wconf 83' lang='lat' dir='ltr'>L.</span> <span class='ocrx_word' id='word_1_446' title='bbox 2327 690 2420 732; x_wconf 90' lang='lat' dir='ltr'>Ho-</span> 
     </span>
     <span class='ocr_line' id='line_1_72' title="bbox 1381 735 2421 800; baseline 0.012 -22"><span class='ocrx_word' id='word_1_447' title='bbox 1381 735 1473 800; x_wconf 76' lang='lat' dir='ltr'>stius</span> <span class='ocrx_word' id='word_1_448' title='bbox 1516 749 1730 793; x_wconf 79' lang='lat' dir='ltr'>parentem</span> <span class='ocrx_word' id='word_1_449' title='bbox 1767 740 1950 794; x_wconf 88' lang='lat' dir='ltr'>occidit,</span> <span class='ocrx_word' id='word_1_450' title='bbox 1995 743 2061 786; x_wconf 92' lang='lat' dir='ltr'>cui</span> <span class='ocrx_word' id='word_1_451' title='bbox 2105 746 2262 790; x_wconf 79' lang='lat' dir='ltr'>accessit</span> <span class='ocrx_word' id='word_1_452' title='bbox 2294 745 2421 790; x_wconf 83' lang='lat' dir='ltr'>caedes</span> 
     </span>
     <span class='ocr_line' id='line_1_73' title="bbox 1380 793 2419 856; baseline 0.01 -20"><span class='ocrx_word' id='word_1_453' title='bbox 1380 793 1488 847; x_wconf 79' lang='lat' dir='ltr'>aha,</span> <span class='ocrx_word' id='word_1_454' title='bbox 1531 810 1657 850; x_wconf 88' lang='lat' dir='ltr'>quam</span> <span class='ocrx_word' id='word_1_455' title='bbox 1697 796 1893 840; x_wconf 80' lang='lat' dir='ltr'>habemus</span> <span class='ocrx_word' id='word_1_456' title='bbox 1921 813 1970 841; x_wconf 77' lang='lat' dir='ltr'>ex</span> <span class='ocrx_word' id='word_1_457' title='bbox 2001 800 2181 856; x_wconf 88' lang='lat' dir='ltr'>epitome</span> <span class='ocrx_word' id='word_1_458' title='bbox 2217 801 2419 846; x_wconf 77' lang='lat' dir='ltr'>Liviana.</span> 
     </span>
     <span class='ocr_line' id='line_1_74' title="bbox 1380 853 2415 907; baseline 0.012 -15"><span class='ocrx_word' id='word_1_459' title='bbox 1380 853 1464 907; x_wconf 74' lang='lat' dir='ltr'>(g)</span> <span class='ocrx_word' id='word_1_460' title='bbox 1492 853 1632 896; x_wconf 82' lang='lat' dir='ltr'>Fertur</span> <span class='ocrx_word' id='word_1_461' title='bbox 1651 854 1765 896; x_wconf 86' lang='lat' dir='ltr'>enirn</span> <span class='ocrx_word' id='word_1_462' title='bbox 1793 853 1960 898; x_wconf 88' lang='lat' dir='ltr'>Publius</span> <span class='ocrx_word' id='word_1_463' title='bbox 1991 858 2214 902; x_wconf 84' lang='lat' dir='ltr'>Malleolus</span> <span class='ocrx_word' id='word_1_464' title='bbox 2236 873 2415 903; x_wconf 87' lang='lat' dir='ltr'>matrem</span> 
     </span>
     <span class='ocr_line' id='line_1_75' title="bbox 1382 909 2422 973; baseline 0.011 -23"><span class='ocrx_word' id='word_1_465' title='bbox 1382 909 1567 952; x_wconf 78' lang='lat' dir='ltr'>sustulisse</span> <span class='ocrx_word' id='word_1_466' title='bbox 1593 911 1638 954; x_wconf 88' lang='lat' dir='ltr'>de</span> <span class='ocrx_word' id='word_1_467' title='bbox 1661 911 1769 954; x_wconf 86' lang='lat' dir='ltr'>vita:</span> <span class='ocrx_word' id='word_1_468' title='bbox 1804 910 1972 968; x_wconf 86' lang='lat' dir='ltr'>ideoque</span> <span class='ocrx_word' id='word_1_469' title='bbox 1994 916 2119 959; x_wconf 89' lang='lat' dir='ltr'>veteri</span> <span class='ocrx_word' id='word_1_470' title='bbox 2143 916 2228 972; x_wconf 84' lang='lat' dir='ltr'>lege</span> <span class='ocrx_word' id='word_1_471' title='bbox 2255 917 2302 960; x_wconf 89' lang='lat' dir='ltr'>de</span> <span class='ocrx_word' id='word_1_472' title='bbox 2329 931 2422 973; x_wconf 85' lang='lat' dir='ltr'>par-</span> 
     </span>
     <span class='ocr_line' id='line_1_76' title="bbox 1382 966 2418 1028; baseline 0.008 -20"><span class='ocrx_word' id='word_1_473' title='bbox 1382 966 1516 1010; x_wconf 88' lang='lat' dir='ltr'>ricidis</span> <span class='ocrx_word' id='word_1_474' title='bbox 1537 967 1717 1012; x_wconf 84' lang='lat' dir='ltr'>insutum</span> <span class='ocrx_word' id='word_1_475' title='bbox 1739 968 1855 1012; x_wconf 91' lang='lat' dir='ltr'>culeo</span> <span class='ocrx_word' id='word_1_476' title='bbox 1878 1001 1890 1023; x_wconf 89' lang='lat'>,</span> <span class='ocrx_word' id='word_1_477' title='bbox 1921 970 2041 1015; x_wconf 85' lang='lat' dir='ltr'>fimul</span> <span class='ocrx_word' id='word_1_478' title='bbox 2068 987 2162 1017; x_wconf 86' lang='lat' dir='ltr'>cum</span> <span class='ocrx_word' id='word_1_479' title='bbox 2185 988 2284 1017; x_wconf 87' lang='lat' dir='ltr'>cane</span> <span class='ocrx_word' id='word_1_480' title='bbox 2309 1005 2322 1028; x_wconf 87' lang='lat'>‚</span> <span class='ocrx_word' id='word_1_481' title='bbox 2354 973 2418 1016; x_wconf 89' lang='lat' dir='ltr'>vi-</span> 
     </span>
     <span class='ocr_line' id='line_1_77' title="bbox 1381 1024 2422 1088; baseline 0.01 -23"><span class='ocrx_word' id='word_1_482' title='bbox 1381 1039 1503 1079; x_wconf 87' lang='lat' dir='ltr'>pera,</span> <span class='ocrx_word' id='word_1_483' title='bbox 1535 1024 1648 1088; x_wconf 72' lang='lat' dir='ltr'>firnia</span> <span class='ocrx_word' id='word_1_484' title='bbox 1673 1026 1717 1068; x_wconf 69' lang='grc' dir='ltr'>δε</span> <span class='ocrx_word' id='word_1_485' title='bbox 1753 1025 1865 1082; x_wconf 84' lang='lat' dir='ltr'>gallo</span> <span class='ocrx_word' id='word_1_486' title='bbox 1902 1026 2133 1083; x_wconf 85' lang='lat' dir='ltr'>gallinaceo</span> <span class='ocrx_word' id='word_1_487' title='bbox 2167 1030 2343 1074; x_wconf 90' lang='lat' dir='ltr'>mersum</span> <span class='ocrx_word' id='word_1_488' title='bbox 2373 1030 2422 1074; x_wconf 83' lang='lat' dir='ltr'>in</span> 
     </span>
     <span class='ocr_line' id='line_1_78' title="bbox 1381 1081 2422 1143; baseline 0.01 -21"><span class='ocrx_word' id='word_1_489' title='bbox 1381 1096 1492 1124; x_wconf 87' lang='lat' dir='ltr'>mare</span> <span class='ocrx_word' id='word_1_490' title='bbox 1526 1081 1662 1125; x_wconf 82' lang='lat' dir='ltr'>fuisse.</span> <span class='ocrx_word' id='word_1_491' title='bbox 1696 1083 1817 1138; x_wconf 82' lang='lat' dir='ltr'>Quod</span> <span class='ocrx_word' id='word_1_492' title='bbox 1849 1086 2143 1139; x_wconf 82' lang='lat' dir='ltr'>parricidarum</span> <span class='ocrx_word' id='word_1_493' title='bbox 2173 1087 2422 1143; x_wconf 84' lang='lat' dir='ltr'>supplicium</span> 
     </span>
     <span class='ocr_line' id='line_1_79' title="bbox 1378 1139 2423 1198; baseline 0.007 -17"><span class='ocrx_word' id='word_1_494' title='bbox 1378 1154 1428 1181; x_wconf 82' lang='lat' dir='ltr'>ex</span> <span class='ocrx_word' id='word_1_495' title='bbox 1446 1139 1595 1182; x_wconf 88' lang='lat' dir='ltr'>vetusta</span> <span class='ocrx_word' id='word_1_496' title='bbox 1611 1139 1698 1196; x_wconf 85' lang='lat' dir='ltr'>lege</span> <span class='ocrx_word' id='word_1_497' title='bbox 1711 1140 1973 1198; x_wconf 86' lang='lat' dir='ltr'>descendens,</span> <span class='ocrx_word' id='word_1_498' title='bbox 2002 1143 2115 1197; x_wconf 86' lang='lat' dir='ltr'>Sylla</span> <span class='ocrx_word' id='word_1_499' title='bbox 2130 1146 2394 1197; x_wconf 83' lang='lat' dir='ltr'>confirmavit</span> <span class='ocrx_word' id='word_1_500' title='bbox 2407 1161 2423 1188; x_wconf 75' lang='grc' dir='ltr'><em>τ</em></span> 
     </span>
     <span class='ocr_line' id='line_1_80' title="bbox 1380 1197 2424 1257; baseline 0.007 -20"><span class='ocrx_word' id='word_1_501' title='bbox 1380 1207 1424 1238; x_wconf 91' lang='lat' dir='ltr'>ut</span> <span class='ocrx_word' id='word_1_502' title='bbox 1455 1211 1503 1239; x_wconf 69' lang='lat' dir='ltr'>ex</span> <span class='ocrx_word' id='word_1_503' title='bbox 1537 1197 1739 1251; x_wconf 81' lang='lat' dir='ltr'>Rosciana</span> <span class='ocrx_word' id='word_1_504' title='bbox 1763 1198 1979 1244; x_wconf 81' lang='lat' dir='ltr'>Ciceronis</span> <span class='ocrx_word' id='word_1_505' title='bbox 2010 1202 2178 1244; x_wconf 82' lang='lat' dir='ltr'>oratione</span> <span class='ocrx_word' id='word_1_506' title='bbox 2208 1201 2424 1257; x_wconf 81' lang='lat' dir='ltr'>docemur,</span> 
     </span>
     <span class='ocr_line' id='line_1_81' title="bbox 1383 1254 2423 1314; baseline 0.008 -19"><span class='ocrx_word' id='word_1_507' title='bbox 1383 1254 1661 1310; x_wconf 80' lang='lat' dir='ltr'>Paetoremque</span> <span class='ocrx_word' id='word_1_508' title='bbox 1693 1270 1850 1300; x_wconf 86' lang='lat' dir='ltr'>certum</span> <span class='ocrx_word' id='word_1_509' title='bbox 1881 1274 1927 1301; x_wconf 90' lang='lat' dir='ltr'>ac</span> <span class='ocrx_word' id='word_1_510' title='bbox 1954 1272 2194 1314; x_wconf 87' lang='lat' dir='ltr'>perpetuum</span> <span class='ocrx_word' id='word_1_511' title='bbox 2227 1258 2323 1303; x_wconf 87' lang='lat' dir='ltr'>huic</span> <span class='ocrx_word' id='word_1_512' title='bbox 2358 1258 2423 1311; x_wconf 85' lang='lat' dir='ltr'>ju-</span> 
     </span>
     <span class='ocr_line' id='line_1_82' title="bbox 1381 1312 2423 1370; baseline 0.005 -15"><span class='ocrx_word' id='word_1_513' title='bbox 1381 1312 1488 1356; x_wconf 84' lang='lat' dir='ltr'>dicio</span> <span class='ocrx_word' id='word_1_514' title='bbox 1520 1313 1726 1368; x_wconf 77' lang='lat' dir='ltr'>praefecit,</span> <span class='ocrx_word' id='word_1_515' title='bbox 1760 1330 1855 1357; x_wconf 89' lang='lat' dir='ltr'>curn</span> <span class='ocrx_word' id='word_1_516' title='bbox 1879 1328 1999 1360; x_wconf 89' lang='lat' dir='ltr'>antea</span> <span class='ocrx_word' id='word_1_517' title='bbox 2023 1315 2189 1360; x_wconf 75' lang='lat' dir='ltr'>deefl‘et.</span> <span class='ocrx_word' id='word_1_518' title='bbox 2221 1316 2286 1368; x_wconf 83' lang='lat' dir='ltr'>(h)</span> <span class='ocrx_word' id='word_1_519' title='bbox 2312 1316 2423 1370; x_wconf 80' lang='lat' dir='ltr'>Quia</span> 
     </span>
     <span class='ocr_line' id='line_1_83' title="bbox 1381 1369 2420 1436; baseline 0.006 -26"><span class='ocrx_word' id='word_1_520' title='bbox 1381 1385 1478 1411; x_wconf 83' lang='lat' dir='ltr'>vero</span> <span class='ocrx_word' id='word_1_521' title='bbox 1509 1369 1615 1414; x_wconf 87' lang='lat' dir='ltr'>culei</span> <span class='ocrx_word' id='word_1_522' title='bbox 1648 1386 1769 1426; x_wconf 82' lang='lat' dir='ltr'>poena</span> <span class='ocrx_word' id='word_1_523' title='bbox 1803 1374 2058 1428; x_wconf 85' lang='lat' dir='ltr'>repetebatur</span> <span class='ocrx_word' id='word_1_524' title='bbox 2089 1373 2132 1416; x_wconf 88' lang='lat' dir='ltr'>in</span> <span class='ocrx_word' id='word_1_525' title='bbox 2163 1373 2297 1429; x_wconf 87' lang='lat' dir='ltr'>capita</span> <span class='ocrx_word' id='word_1_526' title='bbox 2317 1371 2420 1436; x_wconf 82' lang='lat' dir='ltr'>legis</span> 
     </span>
    </p>
   </div>
   <div class='ocr_carea' id='block_1_14' title="bbox 1353 1426 2422 1484">
    <p class='ocr_par' dir='ltr' id='par_1_17' title="bbox 1353 1426 2422 1484">
     <span class='ocr_line' id='line_1_84' title="bbox 1353 1426 2422 1484; baseline 0.005 -16"><span class='ocrx_word' id='word_1_527' title='bbox 1353 1426 1616 1480; x_wconf 69' lang='lat' dir='ltr'>Corneliae,</span> <span class='ocrx_word' id='word_1_528' title='bbox 1650 1445 1730 1482; x_wconf 89' lang='lat' dir='ltr'>quo</span> <span class='ocrx_word' id='word_1_529' title='bbox 1763 1428 1890 1472; x_wconf 82' lang='lat' dir='ltr'>ficarii</span> <span class='ocrx_word' id='word_1_530' title='bbox 1928 1429 2210 1484; x_wconf 69' lang='lat' dir='ltr'>parricidaeque</span> <span class='ocrx_word' id='word_1_531' title='bbox 2231 1441 2422 1473; x_wconf 85' lang='lat' dir='ltr'>contine-</span> 
     </span>
    </p>
   </div>
   <div class='ocr_carea' id='block_1_15' title="bbox 1379 1484 2426 3177">
    <p class='ocr_par' dir='ltr' id='par_1_18' title="bbox 1381 1484 2426 2280">
     <span class='ocr_line' id='line_1_85' title="bbox 1382 1484 2420 1541; baseline 0.003 -16"><span class='ocrx_word' id='word_1_532' title='bbox 1382 1484 1528 1526; x_wconf 82' lang='lat' dir='ltr'>bantur</span> <span class='ocrx_word' id='word_1_533' title='bbox 1546 1500 1558 1538; x_wconf 79' lang='lat'>3</span> <span class='ocrx_word' id='word_1_534' title='bbox 1592 1486 1679 1528; x_wconf 84' lang='lat' dir='ltr'>ideo</span> <span class='ocrx_word' id='word_1_535' title='bbox 1713 1485 1850 1529; x_wconf 88' lang='lat' dir='ltr'>scribit</span> <span class='ocrx_word' id='word_1_536' title='bbox 1881 1487 2010 1538; x_wconf 90' lang='lat' dir='ltr'>JCtus</span> <span class='ocrx_word' id='word_1_537' title='bbox 2031 1519 2044 1541; x_wconf 87' lang='lat'>,</span> <span class='ocrx_word' id='word_1_538' title='bbox 2076 1487 2152 1539; x_wconf 81' lang='lat' dir='ltr'>[i]</span> <span class='ocrx_word' id='word_1_539' title='bbox 2185 1485 2420 1541; x_wconf 80' lang='lat' dir='ltr'>parricidas,</span> 
     </span>
     <span class='ocr_line' id='line_1_86' title="bbox 1381 1541 2422 1598; baseline 0.003 -15"><span class='ocrx_word' id='word_1_540' title='bbox 1381 1541 1448 1595; x_wconf 86' lang='lat' dir='ltr'>qui</span> <span class='ocrx_word' id='word_1_541' title='bbox 1492 1542 1575 1595; x_wconf 86' lang='lat' dir='ltr'>post</span> <span class='ocrx_word' id='word_1_542' title='bbox 1607 1541 1741 1598; x_wconf 87' lang='lat' dir='ltr'>legem</span> <span class='ocrx_word' id='word_1_543' title='bbox 1785 1542 2030 1586; x_wconf 88' lang='lat' dir='ltr'>Corneliam</span> <span class='ocrx_word' id='word_1_544' title='bbox 2047 1574 2060 1596; x_wconf 87' lang='lat'>‚</span> <span class='ocrx_word' id='word_1_545' title='bbox 2103 1543 2192 1598; x_wconf 89' lang='lat' dir='ltr'>lege</span> <span class='ocrx_word' id='word_1_546' title='bbox 2225 1542 2422 1596; x_wconf 75' lang='lat' dir='ltr'>Pompeia</span> 
     </span>
     <span class='ocr_line' id='line_1_87' title="bbox 1382 1598 2422 1655; baseline 0.001 -12"><span class='ocrx_word' id='word_1_547' title='bbox 1382 1598 1504 1651; x_wconf 69' lang='lat'>[¹‘**)</span> <span class='ocrx_word' id='word_1_548' title='bbox 1548 1614 1708 1655; x_wconf 86' lang='lat' dir='ltr'>quoque</span> <span class='ocrx_word' id='word_1_549' title='bbox 1761 1599 2062 1643; x_wconf 76' lang='lat' dir='ltr'>damnabantur</span> <span class='ocrx_word' id='word_1_550' title='bbox 2087 1630 2099 1651; x_wconf 91' lang='lat'>‚</span> <span class='ocrx_word' id='word_1_551' title='bbox 2151 1599 2282 1643; x_wconf 87' lang='lat' dir='ltr'>teneri</span> <span class='ocrx_word' id='word_1_552' title='bbox 2331 1599 2422 1655; x_wconf 81' lang='lat' dir='ltr'>lege</span> 
     </span>
     <span class='ocr_line' id='line_1_88' title="bbox 1383 1654 2423 1710; baseline 0.002 -13"><span class='ocrx_word' id='word_1_553' title='bbox 1383 1654 1582 1699; x_wconf 88' lang='lat' dir='ltr'>Cornelia</span> <span class='ocrx_word' id='word_1_554' title='bbox 1613 1656 1660 1699; x_wconf 90' lang='lat' dir='ltr'>de</span> <span class='ocrx_word' id='word_1_555' title='bbox 1693 1656 1840 1700; x_wconf 82' lang='lat' dir='ltr'>sicariis</span> <span class='ocrx_word' id='word_1_556' title='bbox 1855 1689 1867 1710; x_wconf 93' lang='lat'>,</span> <span class='ocrx_word' id='word_1_557' title='bbox 1915 1656 1995 1700; x_wconf 86' lang='lat' dir='ltr'>hoe</span> <span class='ocrx_word' id='word_1_558' title='bbox 2037 1656 2090 1699; x_wconf 85' lang='lat' dir='ltr'>est</span> <span class='ocrx_word' id='word_1_559' title='bbox 2121 1656 2263 1700; x_wconf 87' lang='lat' dir='ltr'>eadem</span> <span class='ocrx_word' id='word_1_560' title='bbox 2297 1671 2423 1710; x_wconf 76' lang='lat' dir='ltr'>poena</span> 
     </span>
     <span class='ocr_line' id='line_1_89' title="bbox 1383 1712 2419 1770; baseline 0.003 -16"><span class='ocrx_word' id='word_1_561' title='bbox 1383 1712 1519 1766; x_wconf 88' lang='lat' dir='ltr'>culei,</span> <span class='ocrx_word' id='word_1_562' title='bbox 1550 1729 1637 1769; x_wconf 84' lang='lat' dir='ltr'>quae</span> <span class='ocrx_word' id='word_1_563' title='bbox 1671 1715 1928 1770; x_wconf 88' lang='lat' dir='ltr'>repetebatur</span> <span class='ocrx_word' id='word_1_564' title='bbox 1959 1714 2003 1756; x_wconf 92' lang='lat' dir='ltr'>in</span> <span class='ocrx_word' id='word_1_565' title='bbox 2037 1713 2125 1770; x_wconf 84' lang='lat' dir='ltr'>lege</span> <span class='ocrx_word' id='word_1_566' title='bbox 2145 1713 2348 1757; x_wconf 87' lang='lat' dir='ltr'>Cornelia</span> <span class='ocrx_word' id='word_1_567' title='bbox 2367 1713 2419 1758; x_wconf 90' lang='lat' dir='ltr'>de</span> 
     </span>
     <span class='ocr_line' id='line_1_90' title="bbox 1384 1770 2423 1826; baseline 0.001 -13"><span class='ocrx_word' id='word_1_568' title='bbox 1384 1771 1532 1814; x_wconf 86' lang='lat' dir='ltr'>sicariis</span> <span class='ocrx_word' id='word_1_569' title='bbox 1558 1788 1567 1812; x_wconf 77' lang='grc' dir='ltr'><em>τ</em></span> <span class='ocrx_word' id='word_1_570' title='bbox 1603 1771 1693 1824; x_wconf 82' lang='lat' dir='ltr'>[k]</span> <span class='ocrx_word' id='word_1_571' title='bbox 1735 1773 1827 1826; x_wconf 81' lang='lat' dir='ltr'>Qua</span> <span class='ocrx_word' id='word_1_572' title='bbox 1869 1787 1918 1815; x_wconf 93' lang='lat' dir='ltr'>eo</span> <span class='ocrx_word' id='word_1_573' title='bbox 1950 1771 2145 1826; x_wconf 80' lang='lat' dir='ltr'>supplicio</span> <span class='ocrx_word' id='word_1_574' title='bbox 2176 1770 2423 1826; x_wconf 83' lang='lat' dir='ltr'>puniebatur</span> 
     </span>
     <span class='ocr_line' id='line_1_91' title="bbox 1384 1827 2422 1883; baseline 0 -12"><span class='ocrx_word' id='word_1_575' title='bbox 1384 1828 1647 1883; x_wconf 83' lang='lat' dir='ltr'>parricidium</span> <span class='ocrx_word' id='word_1_576' title='bbox 1685 1845 1698 1870; x_wconf 91' lang='lat'>·.</span> <span class='ocrx_word' id='word_1_577' title='bbox 1755 1829 1824 1872; x_wconf 91' lang='lat' dir='ltr'>Ne</span> <span class='ocrx_word' id='word_1_578' title='bbox 1877 1843 1950 1871; x_wconf 82' lang='lat' dir='ltr'>nos</span> <span class='ocrx_word' id='word_1_579' title='bbox 2003 1827 2210 1882; x_wconf 77' lang='lat' dir='ltr'>decipiant</span> <span class='ocrx_word' id='word_1_580' title='bbox 2263 1829 2422 1883; x_wconf 25' lang='lat' dir='ltr'>Dua-re-</span> 
     </span>
     <span class='ocr_line' id='line_1_92' title="bbox 1388 1883 2417 1940; baseline 0 -13"><span class='ocrx_word' id='word_1_581' title='bbox 1388 1901 1460 1928; x_wconf 88' lang='lat' dir='ltr'>nus</span> <span class='ocrx_word' id='word_1_582' title='bbox 1489 1917 1502 1938; x_wconf 90' lang='lat'>,</span> <span class='ocrx_word' id='word_1_583' title='bbox 1552 1885 1596 1928; x_wconf 84' lang='lat'>&amp;</span> <span class='ocrx_word' id='word_1_584' title='bbox 1639 1885 1812 1936; x_wconf 88' lang='lat' dir='ltr'>Jacobus</span> <span class='ocrx_word' id='word_1_585' title='bbox 1854 1883 2132 1928; x_wconf 87' lang='lat' dir='ltr'>Gorhofredus</span> <span class='ocrx_word' id='word_1_586' title='bbox 2152 1915 2164 1936; x_wconf 90' lang='lat'>,</span> <span class='ocrx_word' id='word_1_587' title='bbox 2209 1883 2225 1936; x_wconf 94' lang='lat'>[</span> <span class='ocrx_word' id='word_1_588' title='bbox 2250 1885 2263 1925; x_wconf 92' lang='lat' dir='ltr'>l</span> <span class='ocrx_word' id='word_1_589' title='bbox 2290 1884 2307 1936; x_wconf 92' lang='lat'>]</span> <span class='ocrx_word' id='word_1_590' title='bbox 2347 1885 2417 1940; x_wconf 86' lang='lat' dir='ltr'>qui</span> 
     </span>
     <span class='ocr_line' id='line_1_93' title="bbox 1385 1940 2420 1996; baseline 0 -12"><span class='ocrx_word' id='word_1_591' title='bbox 1385 1942 1581 1985; x_wconf 88' lang='lat' dir='ltr'>sublatam</span> <span class='ocrx_word' id='word_1_592' title='bbox 1633 1942 1876 1985; x_wconf 83' lang='lat' dir='ltr'>censuerunt</span> <span class='ocrx_word' id='word_1_593' title='bbox 1920 1955 2086 1996; x_wconf 84' lang='lat' dir='ltr'>poenam</span> <span class='ocrx_word' id='word_1_594' title='bbox 2120 1940 2225 1983; x_wconf 88' lang='lat' dir='ltr'>culei</span> <span class='ocrx_word' id='word_1_595' title='bbox 2259 1955 2330 1996; x_wconf 89' lang='lat' dir='ltr'>per</span> <span class='ocrx_word' id='word_1_596' title='bbox 2362 1942 2420 1984; x_wconf 86' lang='lat' dir='ltr'>le-</span> 
     </span>
     <span class='ocr_line' id='line_1_94' title="bbox 1384 1997 2424 2055; baseline -0.003 -13"><span class='ocrx_word' id='word_1_597' title='bbox 1384 2014 1478 2055; x_wconf 81' lang='lat' dir='ltr'>gem</span> <span class='ocrx_word' id='word_1_598' title='bbox 1521 1998 1760 2052; x_wconf 72' lang='lat' dir='ltr'>Pompeiam</span> <span class='ocrx_word' id='word_1_599' title='bbox 1778 2030 1790 2051; x_wconf 90' lang='lat'><strong>‚</strong></span> <span class='ocrx_word' id='word_1_600' title='bbox 1841 2012 1963 2053; x_wconf 82' lang='lat' dir='ltr'>atque</span> <span class='ocrx_word' id='word_1_601' title='bbox 1996 2011 2263 2040; x_wconf 83' lang='lat' dir='ltr'>communem</span> <span class='ocrx_word' id='word_1_602' title='bbox 2296 1997 2342 2040; x_wconf 90' lang='lat' dir='ltr'>de</span> <span class='ocrx_word' id='word_1_603' title='bbox 2375 1997 2424 2040; x_wconf 85' lang='lat' dir='ltr'>si-</span> 
     </span>
     <span class='ocr_line' id='line_1_95' title="bbox 1385 2053 2417 2110; baseline -0.003 -11"><span class='ocrx_word' id='word_1_604' title='bbox 1385 2056 1504 2100; x_wconf 87' lang='lat' dir='ltr'>cariis</span> <span class='ocrx_word' id='word_1_605' title='bbox 1539 2055 1788 2098; x_wconf 80' lang='lat' dir='ltr'>substitutam</span> <span class='ocrx_word' id='word_1_606' title='bbox 1822 2055 1864 2097; x_wconf 90' lang='lat' dir='ltr'>in</span> <span class='ocrx_word' id='word_1_607' title='bbox 1899 2053 2116 2110; x_wconf 85' lang='lat' dir='ltr'>parricidio</span> <span class='ocrx_word' id='word_1_608' title='bbox 2149 2066 2417 2108; x_wconf 74' lang='lat' dir='ltr'>putaverunt:</span> 
     </span>
     <span class='ocr_line' id='line_1_96' title="bbox 1385 2110 2426 2167; baseline -0.003 -10"><span class='ocrx_word' id='word_1_609' title='bbox 1385 2129 1478 2157; x_wconf 91' lang='lat' dir='ltr'>curn</span> <span class='ocrx_word' id='word_1_610' title='bbox 1524 2125 1662 2156; x_wconf 83' lang='lat' dir='ltr'>tamen</span> <span class='ocrx_word' id='word_1_611' title='bbox 1697 2112 1762 2155; x_wconf 86' lang='lat' dir='ltr'>lex</span> <span class='ocrx_word' id='word_1_612' title='bbox 1793 2111 1994 2155; x_wconf 90' lang='lat' dir='ltr'>Cornelia</span> <span class='ocrx_word' id='word_1_613' title='bbox 2036 2112 2082 2154; x_wconf 89' lang='lat' dir='ltr'>de</span> <span class='ocrx_word' id='word_1_614' title='bbox 2116 2110 2266 2154; x_wconf 79' lang='lat' dir='ltr'>ficariis</span> <span class='ocrx_word' id='word_1_615' title='bbox 2285 2143 2298 2164; x_wconf 92' lang='lat'>,</span> <span class='ocrx_word' id='word_1_616' title='bbox 2340 2127 2426 2167; x_wconf 88' lang='lat' dir='ltr'>quo</span> 
     </span>
     <span class='ocr_line' id='line_1_97' title="bbox 1388 2167 2423 2225; baseline -0.001 -13"><span class='ocrx_word' id='word_1_617' title='bbox 1388 2170 1452 2214; x_wconf 77' lang='lat' dir='ltr'>lex</span> <span class='ocrx_word' id='word_1_618' title='bbox 1500 2168 1692 2225; x_wconf 66' lang='lat' dir='ltr'>Pompeia</span> <span class='ocrx_word' id='word_1_619' title='bbox 1746 2168 1917 2212; x_wconf 85' lang='lat' dir='ltr'>refertur</span> <span class='ocrx_word' id='word_1_620' title='bbox 1949 2200 1961 2223; x_wconf 90' lang='lat'>,</span> <span class='ocrx_word' id='word_1_621' title='bbox 2017 2168 2263 2223; x_wconf 81' lang='lat' dir='ltr'>peculiarem</span> <span class='ocrx_word' id='word_1_622' title='bbox 2316 2167 2423 2211; x_wconf 78' lang='lat' dir='ltr'>culei</span> 
     </span>
     <span class='ocr_line' id='line_1_98' title="bbox 2331 2240 2419 2280; baseline 0 0"><span class='ocrx_word' id='word_1_623' title='bbox 2331 2240 2419 2280; x_wconf 77' lang='lat' dir='ltr'>1³oe-</span> 
     </span>
    </p>

    <p class='ocr_par' dir='ltr' id='par_1_19' title="bbox 1383 2324 2424 2732">
     <span class='ocr_line' id='line_1_99' title="bbox 1428 2324 2421 2370; baseline -0.006 -8"><span class='ocrx_word' id='word_1_624' title='bbox 1428 2329 1504 2370; x_wconf 62' lang='lat' dir='ltr'>CW)</span> <span class='ocrx_word' id='word_1_625' title='bbox 1530 2327 1639 2361; x_wconf 80' lang='lat' dir='ltr'>Aliter</span> <span class='ocrx_word' id='word_1_626' title='bbox 1658 2331 1760 2369; x_wconf 83' lang='lat' dir='ltr'>JCtus</span> <span class='ocrx_word' id='word_1_627' title='bbox 1777 2327 1932 2366; x_wconf 77' lang='lat' dir='ltr'>eximius,</span> <span class='ocrx_word' id='word_1_628' title='bbox 1947 2325 2112 2359; x_wconf 83' lang='lat' dir='ltr'>Gerardus</span> <span class='ocrx_word' id='word_1_629' title='bbox 2128 2324 2258 2360; x_wconf 77' lang='lat' dir='ltr'>Noodt.</span> <span class='ocrx_word' id='word_1_630' title='bbox 2272 2325 2326 2367; x_wconf 89' lang='lat' dir='ltr'>qui</span> <span class='ocrx_word' id='word_1_631' title='bbox 2344 2328 2421 2357; x_wconf 76' lang='lat' dir='ltr'>Pm-</span> 
     </span>
     <span class='ocr_line' id='line_1_100' title="bbox 1383 2370 2424 2414; baseline -0.005 -8"><span class='ocrx_word' id='word_1_632' title='bbox 1383 2373 1454 2407; x_wconf 74' lang='lat' dir='ltr'>bah.</span> <span class='ocrx_word' id='word_1_633' title='bbox 1468 2372 1530 2406; x_wconf 71' lang='grc' dir='ltr'>1ιό.</span> <span class='ocrx_word' id='word_1_634' title='bbox 1548 2375 1578 2403; x_wconf 84' lang='grc' dir='ltr'>Ῑ.</span> <span class='ocrx_word' id='word_1_635' title='bbox 1609 2380 1678 2414; x_wconf 53' lang='grc' dir='ltr'>ιφ.</span> <span class='ocrx_word' id='word_1_636' title='bbox 1701 2383 1711 2403; x_wconf 87' lang='lat'><strong>1</strong></span> <span class='ocrx_word' id='word_1_637' title='bbox 1724 2383 1748 2403; x_wconf 90' lang='lat'>1.</span> <span class='ocrx_word' id='word_1_638' title='bbox 1777 2372 1862 2414; x_wconf 80' lang='lat' dir='ltr'>apud</span> <span class='ocrx_word' id='word_1_639' title='bbox 1883 2373 2072 2404; x_wconf 81' lang='lat' dir='ltr'>Marianum</span> <span class='ocrx_word' id='word_1_640' title='bbox 2088 2370 2122 2402; x_wconf 89' lang='lat' dir='ltr'>in</span> <span class='ocrx_word' id='word_1_641' title='bbox 2137 2371 2266 2400; x_wconf 80' lang='lat' dir='ltr'>L.1.D</span> <span class='ocrx_word' id='word_1_642' title='bbox 2301 2371 2337 2402; x_wconf 81' lang='lat' dir='ltr'>de</span> <span class='ocrx_word' id='word_1_643' title='bbox 2352 2374 2424 2410; x_wconf 70' lang='lat' dir='ltr'>lege</span> 
     </span>
     <span class='ocr_line' id='line_1_101' title="bbox 1386 2413 2420 2460; baseline -0.004 -9"><span class='ocrx_word' id='word_1_644' title='bbox 1386 2419 1566 2460; x_wconf 66' lang='lat' dir='ltr'>Pcznponia</span> <span class='ocrx_word' id='word_1_645' title='bbox 1583 2428 1641 2459; x_wconf 79' lang='lat' dir='ltr'>pto</span> <span class='ocrx_word' id='word_1_646' title='bbox 1662 2418 1728 2459; x_wconf 76' lang='lat' dir='ltr'>lege</span> <span class='ocrx_word' id='word_1_647' title='bbox 1746 2417 1902 2450; x_wconf 82' lang='lat' dir='ltr'>Cornelia</span> <span class='ocrx_word' id='word_1_648' title='bbox 1926 2416 1965 2448; x_wconf 90' lang='lat' dir='ltr'>de</span> <span class='ocrx_word' id='word_1_649' title='bbox 1982 2415 2105 2447; x_wconf 77' lang='lat' dir='ltr'>sicariis</span> <span class='ocrx_word' id='word_1_650' title='bbox 2119 2413 2297 2456; x_wconf 84' lang='lat' dir='ltr'>reponebat</span> <span class='ocrx_word' id='word_1_651' title='bbox 2315 2415 2420 2457; x_wconf 81' lang='lat' dir='ltr'>legem</span> 
     </span>
     <span class='ocr_line' id='line_1_102' title="bbox 1383 2458 2418 2503; baseline -0.006 -6"><span class='ocrx_word' id='word_1_652' title='bbox 1383 2463 1572 2498; x_wconf 77' lang='lat' dir='ltr'>Corneliam</span> <span class='ocrx_word' id='word_1_653' title='bbox 1588 2462 1626 2494; x_wconf 85' lang='lat' dir='ltr'>de</span> <span class='ocrx_word' id='word_1_654' title='bbox 1643 2460 1834 2503; x_wconf 77' lang='lat' dir='ltr'>parricidiis.</span> <span class='ocrx_word' id='word_1_655' title='bbox 1855 2461 1974 2493; x_wconf 84' lang='lat' dir='ltr'>Nostro</span> <span class='ocrx_word' id='word_1_656' title='bbox 1989 2469 2100 2492; x_wconf 78' lang='lat' dir='ltr'>tamen</span> <span class='ocrx_word' id='word_1_657' title='bbox 2115 2458 2324 2492; x_wconf 80' lang='lat' dir='ltr'>consentiunt</span> <span class='ocrx_word' id='word_1_658' title='bbox 2347 2462 2418 2500; x_wconf 85' lang='lat' dir='ltr'>Jac.</span> 
     </span>
     <span class='ocr_line' id='line_1_103' title="bbox 1384 2502 2405 2548; baseline -0.008 -6"><span class='ocrx_word' id='word_1_659' title='bbox 1384 2507 1562 2542; x_wconf 68' lang='lat' dir='ltr'>Men-ardus</span> <span class='ocrx_word' id='word_1_660' title='bbox 1589 2507 1618 2538; x_wconf 71' lang='grc' dir='ltr'>ἃ</span> <span class='ocrx_word' id='word_1_661' title='bbox 1648 2506 1813 2539; x_wconf 81' lang='lat' dir='ltr'>Ferrarius</span> <span class='ocrx_word' id='word_1_662' title='bbox 1838 2505 1923 2548; x_wconf 80' lang='lat' dir='ltr'>apud</span> <span class='ocrx_word' id='word_1_663' title='bbox 1947 2505 2192 2546; x_wconf 81' lang='lat' dir='ltr'>Schultingium</span> <span class='ocrx_word' id='word_1_664' title='bbox 2212 2503 2247 2535; x_wconf 91' lang='lat' dir='ltr'>in</span> <span class='ocrx_word' id='word_1_665' title='bbox 2271 2502 2405 2545; x_wconf 73' lang='lat' dir='ltr'>jurispr.</span> 
     </span>
     <span class='ocr_line' id='line_1_104' title="bbox 1386 2548 2417 2594; baseline -0.006 -7"><span class='ocrx_word' id='word_1_666' title='bbox 1386 2550 1699 2594; x_wconf 53' lang='lat' dir='ltr'>Ante-justiniana</span> <span class='ocrx_word' id='word_1_667' title='bbox 1712 2559 1787 2593; x_wconf 76' lang='lat' dir='ltr'>pag.</span> <span class='ocrx_word' id='word_1_668' title='bbox 1804 2560 1879 2590; x_wconf 77' lang='lat'>513.</span> <span class='ocrx_word' id='word_1_669' title='bbox 1894 2558 2028 2592; x_wconf 79' lang='lat' dir='ltr'>utraque</span> <span class='ocrx_word' id='word_1_670' title='bbox 2043 2557 2153 2582; x_wconf 83' lang='lat' dir='ltr'>autem</span> <span class='ocrx_word' id='word_1_671' title='bbox 2170 2548 2241 2591; x_wconf 80' lang='lat' dir='ltr'>lege</span> <span class='ocrx_word' id='word_1_672' title='bbox 2266 2570 2276 2586; x_wconf 88' lang='lat'>,</span> <span class='ocrx_word' id='word_1_673' title='bbox 2292 2551 2417 2582; x_wconf 82' lang='lat' dir='ltr'>Corne-</span> 
     </span>
     <span class='ocr_line' id='line_1_105' title="bbox 1383 2593 2417 2638; baseline -0.003 -10"><span class='ocrx_word' id='word_1_674' title='bbox 1383 2600 1432 2632; x_wconf 85' lang='lat' dir='ltr'>eia</span> <span class='ocrx_word' id='word_1_675' title='bbox 1453 2600 1482 2630; x_wconf 58' lang='grc' dir='ltr'>ἃ</span> <span class='ocrx_word' id='word_1_676' title='bbox 1500 2595 1654 2638; x_wconf 71' lang='lat' dir='ltr'>Pompeia</span> <span class='ocrx_word' id='word_1_677' title='bbox 1681 2597 1790 2628; x_wconf 80' lang='lat' dir='ltr'>culeus</span> <span class='ocrx_word' id='word_1_678' title='bbox 1819 2594 1994 2638; x_wconf 76' lang='lat' dir='ltr'>parricidio</span> <span class='ocrx_word' id='word_1_679' title='bbox 2011 2605 2106 2637; x_wconf 79' lang='lat' dir='ltr'>poena</span> <span class='ocrx_word' id='word_1_680' title='bbox 2122 2593 2240 2635; x_wconf 65' lang='lat' dir='ltr'>praestit</span> <span class='ocrx_word' id='word_1_681' title='bbox 2251 2601 2324 2625; x_wconf 86' lang='lat' dir='ltr'>utus</span> <span class='ocrx_word' id='word_1_682' title='bbox 2344 2615 2354 2631; x_wconf 71' lang='lat'>,</span> <span class='ocrx_word' id='word_1_683' title='bbox 2381 2601 2417 2625; x_wconf 77' lang='lat' dir='ltr'>ut</span> 
     </span>
     <span class='ocr_line' id='line_1_106' title="bbox 1383 2637 2419 2679; baseline -0.006 -4"><span class='ocrx_word' id='word_1_684' title='bbox 1383 2653 1499 2676; x_wconf 78' lang='lat' dir='ltr'>contra</span> <span class='ocrx_word' id='word_1_685' title='bbox 1517 2639 1690 2677; x_wconf 62' lang='lat' dir='ltr'>cujacium</span> <span class='ocrx_word' id='word_1_686' title='bbox 1707 2642 1737 2673; x_wconf 64' lang='grc' dir='ltr'>ὅ(</span> <span class='ocrx_word' id='word_1_687' title='bbox 1753 2640 1997 2679; x_wconf 74' lang='lat' dir='ltr'>Gothosredum</span> <span class='ocrx_word' id='word_1_688' title='bbox 2025 2639 2128 2672; x_wconf 78' lang='lat' dir='ltr'>evicit</span> <span class='ocrx_word' id='word_1_689' title='bbox 2145 2637 2234 2671; x_wconf 77' lang='lat' dir='ltr'>idem</span> <span class='ocrx_word' id='word_1_690' title='bbox 2249 2637 2419 2672; x_wconf 73' lang='lat' dir='ltr'>Schultin-</span> 
     </span>
     <span class='ocr_line' id='line_1_107' title="bbox 1383 2691 1637 2732; baseline -0.012 -11"><span class='ocrx_word' id='word_1_691' title='bbox 1383 2691 1452 2732; x_wconf 78' lang='lat' dir='ltr'>gius</span> <span class='ocrx_word' id='word_1_692' title='bbox 1471 2695 1544 2729; x_wconf 72' lang='lat' dir='ltr'>pag.</span> <span class='ocrx_word' id='word_1_693' title='bbox 1565 2696 1637 2724; x_wconf 76' lang='lat'>515.</span> 
     </span>
    </p>

    <p class='ocr_par' dir='ltr' id='par_1_20' title="bbox 1427 2732 1632 2772">
     <span class='ocr_line' id='line_1_108' title="bbox 1427 2732 1632 2772; baseline -0.015 -8"><span class='ocrx_word' id='word_1_694' title='bbox 1427 2736 1445 2772; x_wconf 84' lang='lat'>(</span> <span class='ocrx_word' id='word_1_695' title='bbox 1462 2734 1482 2764; x_wconf 78' lang='lat' dir='ltr'>d</span> <span class='ocrx_word' id='word_1_696' title='bbox 1498 2732 1515 2770; x_wconf 67' lang='lat' dir='ltr'>&#39;J</span> <span class='ocrx_word' id='word_1_697' title='bbox 1545 2734 1580 2763; x_wconf 72' lang='lat'>152</span> <span class='ocrx_word' id='word_1_698' title='bbox 1601 2736 1632 2763; x_wconf 81' lang='lat' dir='ltr'>C.</span> 
     </span>
    </p>

    <p class='ocr_par' dir='ltr' id='par_1_21' title="bbox 1379 2769 2419 2862">
     <span class='ocr_line' id='line_1_109' title="bbox 1426 2769 2419 2818; baseline -0.009 -9"><span class='ocrx_word' id='word_1_699' title='bbox 1426 2781 1443 2816; x_wconf 67' lang='grc' dir='ltr'>ς</span> <span class='ocrx_word' id='word_1_700' title='bbox 1459 2777 1506 2815; x_wconf 81' lang='lat' dir='ltr'>e)</span> <span class='ocrx_word' id='word_1_701' title='bbox 1535 2777 1616 2808; x_wconf 63' lang='lat' dir='ltr'>mut.</span> <span class='ocrx_word' id='word_1_702' title='bbox 1650 2778 1684 2806; x_wconf 82' lang='lat' dir='ltr'>in</span> <span class='ocrx_word' id='word_1_703' title='bbox 1717 2778 1809 2807; x_wconf 86' lang='lat' dir='ltr'>Rom.</span> <span class='ocrx_word' id='word_1_704' title='bbox 1827 2779 1905 2809; x_wconf 78' lang='lat' dir='ltr'>Ant.</span> <span class='ocrx_word' id='word_1_705' title='bbox 1924 2778 2002 2818; x_wconf 66' lang='lat' dir='ltr'>Aug.</span> <span class='ocrx_word' id='word_1_706' title='bbox 2018 2775 2053 2806; x_wconf 75' lang='lat' dir='ltr'>in</span> <span class='ocrx_word' id='word_1_707' title='bbox 2068 2775 2147 2806; x_wconf 84' lang='lat' dir='ltr'>hane</span> <span class='ocrx_word' id='word_1_708' title='bbox 2161 2773 2226 2814; x_wconf 79' lang='lat' dir='ltr'>leg.</span> <span class='ocrx_word' id='word_1_709' title='bbox 2254 2769 2362 2814; x_wconf 78' lang='lat' dir='ltr'>Sigon.</span> <span class='ocrx_word' id='word_1_710' title='bbox 2381 2771 2419 2803; x_wconf 75' lang='lat' dir='ltr'>de</span> 
     </span>
     <span class='ocr_line' id='line_1_110' title="bbox 1379 2820 1737 2862; baseline -0.008 -9"><span class='ocrx_word' id='word_1_711' title='bbox 1379 2822 1478 2862; x_wconf 76' lang='lat' dir='ltr'>judic.</span> <span class='ocrx_word' id='word_1_712' title='bbox 1497 2820 1594 2854; x_wconf 55' lang='lat' dir='ltr'>liba.</span> <span class='ocrx_word' id='word_1_713' title='bbox 1611 2827 1668 2862; x_wconf 66' lang='lat' dir='ltr'>rap</span> <span class='ocrx_word' id='word_1_714' title='bbox 1687 2830 1737 2858; x_wconf 78' lang='lat'>31.</span> 
     </span>
    </p>

    <p class='ocr_par' dir='ltr' id='par_1_22' title="bbox 1426 2860 2209 2909">
     <span class='ocr_line' id='line_1_111' title="bbox 1426 2860 2209 2909; baseline -0.004 -13"><span class='ocrx_word' id='word_1_715' title='bbox 1426 2866 1505 2909; x_wconf 69' lang='lat' dir='ltr'>(f)</span> <span class='ocrx_word' id='word_1_716' title='bbox 1531 2867 1608 2897; x_wconf 75' lang='lat' dir='ltr'>Ant·</span> <span class='ocrx_word' id='word_1_717' title='bbox 1626 2869 1708 2907; x_wconf 69' lang='lat' dir='ltr'>Aug.</span> <span class='ocrx_word' id='word_1_718' title='bbox 1726 2866 1760 2896; x_wconf 75' lang='lat' dir='ltr'>in</span> <span class='ocrx_word' id='word_1_719' title='bbox 1778 2866 1856 2896; x_wconf 84' lang='lat' dir='ltr'>banc</span> <span class='ocrx_word' id='word_1_720' title='bbox 1871 2865 1933 2906; x_wconf 80' lang='lat' dir='ltr'>leg.</span> <span class='ocrx_word' id='word_1_721' title='bbox 1982 2862 2065 2905; x_wconf 76' lang='lat' dir='ltr'>[g)</span> <span class='ocrx_word' id='word_1_722' title='bbox 2091 2860 2209 2895; x_wconf 60' lang='lat'>112368.</span> 
     </span>
    </p>

    <p class='ocr_par' dir='ltr' id='par_1_23' title="bbox 1379 2901 2414 2996">
     <span class='ocr_line' id='line_1_112' title="bbox 1425 2901 2414 2952; baseline -0.007 -10"><span class='ocrx_word' id='word_1_723' title='bbox 1425 2917 1442 2952; x_wconf 63' lang='grc' dir='ltr'>ς</span> <span class='ocrx_word' id='word_1_724' title='bbox 1458 2914 1475 2942; x_wconf 79' lang='lat' dir='ltr'><em>h</em></span> <span class='ocrx_word' id='word_1_725' title='bbox 1493 2911 1506 2948; x_wconf 88' lang='lat'>]</span> <span class='ocrx_word' id='word_1_726' title='bbox 1535 2911 1642 2951; x_wconf 80' lang='lat' dir='ltr'>Sigon.</span> <span class='ocrx_word' id='word_1_727' title='bbox 1660 2909 1752 2940; x_wconf 49' lang='lat' dir='ltr'>hbe.</span> <span class='ocrx_word' id='word_1_728' title='bbox 1769 2910 1804 2940; x_wconf 68' lang='lat' dir='ltr'>de</span> <span class='ocrx_word' id='word_1_729' title='bbox 1823 2908 1922 2946; x_wconf 75' lang='lat' dir='ltr'>judic.</span> <span class='ocrx_word' id='word_1_730' title='bbox 1938 2915 2004 2950; x_wconf 79' lang='lat' dir='ltr'>cap.</span> <span class='ocrx_word' id='word_1_731' title='bbox 2024 2918 2075 2946; x_wconf 81' lang='lat'>31.</span> <span class='ocrx_word' id='word_1_732' title='bbox 2093 2910 2205 2948; x_wconf 82' lang='lat' dir='ltr'>Pomp.</span> <span class='ocrx_word' id='word_1_733' title='bbox 2222 2901 2257 2946; x_wconf 73' lang='lat' dir='ltr'>ff.</span> <span class='ocrx_word' id='word_1_734' title='bbox 2276 2904 2313 2935; x_wconf 81' lang='lat' dir='ltr'>de</span> <span class='ocrx_word' id='word_1_735' title='bbox 2329 2906 2414 2949; x_wconf 79' lang='lat' dir='ltr'>orig,</span> 
     </span>
     <span class='ocr_line' id='line_1_113' title="bbox 1379 2950 2330 2996; baseline -0.012 -6"><span class='ocrx_word' id='word_1_736' title='bbox 1379 2958 1440 2996; x_wconf 71' lang='lat' dir='ltr'>jur.</span> <span class='ocrx_word' id='word_1_737' title='bbox 1461 2958 1519 2989; x_wconf 85' lang='lat'>1-2.</span> <span class='ocrx_word' id='word_1_738' title='bbox 1540 2956 1669 2996; x_wconf 70' lang='lat' dir='ltr'>§.capta</span> <span class='ocrx_word' id='word_1_739' title='bbox 1683 2976 1691 2984; x_wconf 91' lang='lat'>.</span> <span class='ocrx_word' id='word_1_740' title='bbox 1740 2952 1798 2992; x_wconf 75' lang='lat' dir='ltr'>(i)</span> <span class='ocrx_word' id='word_1_741' title='bbox 1821 2953 1893 2985; x_wconf 80' lang='lat' dir='ltr'>L.1.</span> <span class='ocrx_word' id='word_1_742' title='bbox 1911 2953 1949 2996; x_wconf 68' lang='lat' dir='ltr'>fl]</span> <span class='ocrx_word' id='word_1_743' title='bbox 1966 2953 2008 2983; x_wconf 78' lang='lat' dir='ltr'>ad</span> <span class='ocrx_word' id='word_1_744' title='bbox 2021 2954 2041 2983; x_wconf 91' lang='grc' dir='ltr'>Ι-</span> <span class='ocrx_word' id='word_1_745' title='bbox 2063 2954 2172 2990; x_wconf 66' lang='lat' dir='ltr'>Pomp.</span> <span class='ocrx_word' id='word_1_746' title='bbox 2199 2950 2236 2980; x_wconf 76' lang='lat' dir='ltr'>de</span> <span class='ocrx_word' id='word_1_747' title='bbox 2247 2956 2330 2988; x_wconf 57' lang='grc' dir='ltr'>μην.</span> 
     </span>
    </p>

    <p class='ocr_par' dir='ltr' id='par_1_24' title="bbox 1387 2994 2412 3085">
     <span class='ocr_line' id='line_1_114' title="bbox 1424 2994 2412 3042; baseline -0.004 -11"><span class='ocrx_word' id='word_1_748' title='bbox 1424 3003 1443 3042; x_wconf 83' lang='lat'>(</span> <span class='ocrx_word' id='word_1_749' title='bbox 1458 2999 1545 3038; x_wconf 50' lang='grc' dir='ltr'>ΜΨ)</span> <span class='ocrx_word' id='word_1_750' title='bbox 1586 3000 1667 3030; x_wconf 77' lang='lat' dir='ltr'>Lata</span> <span class='ocrx_word' id='word_1_751' title='bbox 1705 2998 1836 3030; x_wconf 78' lang='lat' dir='ltr'>circiter</span> <span class='ocrx_word' id='word_1_752' title='bbox 1874 3007 1962 3030; x_wconf 85' lang='lat' dir='ltr'>anno</span> <span class='ocrx_word' id='word_1_753' title='bbox 1998 2999 2098 3029; x_wconf 90' lang='lat' dir='ltr'>DCC.</span> <span class='ocrx_word' id='word_1_754' title='bbox 2135 3004 2201 3036; x_wconf 84' lang='lat' dir='ltr'>quo</span> <span class='ocrx_word' id='word_1_755' title='bbox 2238 2994 2412 3037; x_wconf 54' lang='lat' dir='ltr'>Pompeius</span> 
     </span>
     <span class='ocr_line' id='line_1_115' title="bbox 1387 3042 1962 3085; baseline -0.009 -7"><span class='ocrx_word' id='word_1_756' title='bbox 1387 3052 1456 3082; x_wconf 84' lang='lat' dir='ltr'>Con</span> <span class='ocrx_word' id='word_1_757' title='bbox 1467 3046 1604 3077; x_wconf 74' lang='lat' dir='ltr'>sulatum</span> <span class='ocrx_word' id='word_1_758' title='bbox 1633 3044 1695 3075; x_wconf 77' lang='lat' dir='ltr'>sinc</span> <span class='ocrx_word' id='word_1_759' title='bbox 1713 3042 1837 3084; x_wconf 74' lang='lat' dir='ltr'>collega</span> <span class='ocrx_word' id='word_1_760' title='bbox 1853 3042 1939 3085; x_wconf 72' lang='lat' dir='ltr'>geffit</span> <span class='ocrx_word' id='word_1_761' title='bbox 1954 3065 1962 3073; x_wconf 88' lang='lat'>.</span> 
     </span>
    </p>

    <p class='ocr_par' dir='ltr' id='par_1_25' title="bbox 1426 3083 2262 3130">
     <span class='ocr_line' id='line_1_116' title="bbox 1426 3083 2262 3130; baseline -0.007 -10"><span class='ocrx_word' id='word_1_762' title='bbox 1426 3095 1442 3130; x_wconf 91' lang='lat'>(</span> <span class='ocrx_word' id='word_1_763' title='bbox 1458 3090 1478 3122; x_wconf 74' lang='lat' dir='ltr'><em>k</em></span> <span class='ocrx_word' id='word_1_764' title='bbox 1492 3090 1511 3128; x_wconf 63' lang='lat'>⁶)</span> <span class='ocrx_word' id='word_1_765' title='bbox 1545 3086 1618 3128; x_wconf 66' lang='lat' dir='ltr'>lnft.</span> <span class='ocrx_word' id='word_1_766' title='bbox 1635 3088 1669 3119; x_wconf 80' lang='lat' dir='ltr'>de</span> <span class='ocrx_word' id='word_1_767' title='bbox 1687 3086 1774 3129; x_wconf 67' lang='lat' dir='ltr'>publ.</span> <span class='ocrx_word' id='word_1_768' title='bbox 1793 3086 1890 3125; x_wconf 57' lang='lat' dir='ltr'>‚stadia</span> <span class='ocrx_word' id='word_1_769' title='bbox 1908 3086 1933 3126; x_wconf 81' lang='lat'>§.</span> <span class='ocrx_word' id='word_1_770' title='bbox 1953 3085 2023 3119; x_wconf 68' lang='lat' dir='ltr'>alia</span> <span class='ocrx_word' id='word_1_771' title='bbox 2036 3083 2176 3120; x_wconf 48' lang='lat' dir='ltr'>aliunde</span> <span class='ocrx_word' id='word_1_772' title='bbox 2190 3083 2239 3116; x_wconf 64' lang='grc' dir='ltr'>ΙΝ</span> <span class='ocrx_word' id='word_1_773' title='bbox 2252 3103 2262 3114; x_wconf 83' lang='grc'><strong>.</strong></span> 
     </span>
    </p>

    <p class='ocr_par' dir='ltr' id='par_1_26' title="bbox 1429 3131 1947 3177">
     <span class='ocr_line' id='line_1_117' title="bbox 1429 3131 1947 3177; baseline -0.012 -10"><span class='ocrx_word' id='word_1_774' title='bbox 1429 3135 1503 3177; x_wconf 62' lang='grc' dir='ltr'>(Δ)</span> <span class='ocrx_word' id='word_1_775' title='bbox 1531 3137 1564 3167; x_wconf 87' lang='lat' dir='ltr'>C.</span> <span class='ocrx_word' id='word_1_776' title='bbox 1588 3134 1707 3168; x_wconf 73' lang='lat' dir='ltr'>Theod.</span> <span class='ocrx_word' id='word_1_777' title='bbox 1724 3131 1814 3171; x_wconf 74' lang='lat' dir='ltr'>lib-3.</span> <span class='ocrx_word' id='word_1_778' title='bbox 1833 3131 1947 3171; x_wconf 54' lang='lat' dir='ltr'>titas.</span> 
     </span>
    </p>
   </div>
   <div class='ocr_carea' id='block_1_16' title="bbox 1656 2729 2049 2771">
    <p class='ocr_par' dir='ltr' id='par_1_27' title="bbox 1656 2729 2049 2771">
     <span class='ocr_line' id='line_1_118' title="bbox 1656 2729 2049 2771; baseline -0.003 -9"><span class='ocrx_word' id='word_1_779' title='bbox 1656 2729 1916 2771; x_wconf 72' lang='lat' dir='ltr'>1·‚·:eodofitib.9.</span> <span class='ocrx_word' id='word_1_780' title='bbox 1936 2730 2049 2768; x_wconf 55' lang='grc' dir='ltr'>νῆας.</span> 
     </span>
    </p>
   </div>
  </div>
 </body>
</html>
