2596 3479
263 114 373 164 234
722 102 793 154 ‘D
872 103 919 154 E
1078 103 1123 154 L
1207 107 1254 158 E
1356 107 1411 161 G
1490 110 1516 162 1
1599 113 1641 165 B
1719 114 1779 166 U
1854 114 1889 168 S
1910 153 1927 183 ‚

258 170 452 225 astutius,
476 170 733 221 &fillacius
757 173 1144 232 pueris‚foeminis‚
1164 178 1208 222 δε
1227 180 1285 224 ser
1359 197 1427 234 ges
1458 185 1667 241 accipiunt
1697 204 1749 232 ex
1779 189 1920 245 utique
1956 190 2135 244 potentia
2168 194 2320 250 partim
2342 213 2394 243 eir

257 231 344 283 vis;
377 230 473 286 quia
498 242 742 287 parentum,
773 235 816 276 ὅ(
849 234 1122 294 maritorum,
1154 236 1197 279 δι
1225 238 1295 281 do·
1357 241 1477 294 urbe,
1495 244 1647 297 partim
1671 260 1720 289 ex
1745 248 1917 302 propriis
1938 247 2225 303 patrimoniis,
2244 256 2394 307 partim

258 289 476 334 minorum
508 288 729 347 imperium
756 294 1093 344 expavescentes,
1128 294 1299 351 latendi,
1353 297 1479 340 etiam
1502 316 1523 342 e
1549 301 1631 344 vita
1664 303 1800 348 cedere
1827 305 2160 360 compelluntur:
2195 324 2316 367 atque
2342 314 2399 356 ita

256 360 328 390 aut
356 345 565 391 fraudandi
591 357 720 391 artem
753 350 901 392 assiduo
923 351 1199 396 meditantur.
1231 355 1299 406 Ju—
1346 355 1513 408 publica
1538 358 1675 402 omnis
1698 360 2025 415 administratio,
2065 364 2107 408 δι
2145 364 2393 423 imperium,

259 405 373 448 vabit
400 406 551 461 igitur,
584 406 657 448 esse
689 407 731 449 in
753 407 857 461 hos,
892 410 1092 464 praecipue
1124 411 1166 454 in
1197 428 1295 456 uxo·
1348 411 1391 454 ὃς
1435 411 1613 459 summus
1644 417 1773 462 honos
1804 420 2081 466 devolvuntur
2112 422 2159 465 ad
2195 423 2352 477 plebem
2379 457 2392 480 ,

255 477 316 506 res
337 495 348 515 ,
380 463 422 506 &
462 463 605 505 liberos
628 463 841 520 aliquanto
874 466 1220 523 indulgentiores,
1253 484 1296 513 ut
1349 468 1521 525 indeque
1542 474 1801 520 constituitur
1821 478 1964 532 status,
1997 493 2120 534 atque
2140 483 2386 534 gubernatio

255 519 420 563 animus
452 536 592 563 eorum
627 520 671 563 sit
705 523 820 565 nobis
851 525 1028 577 apertior
1061 542 1073 578 ς
1123 526 1293 583 indeque
1347 528 1576 582 popularis.
1611 535 1675 576 Ac
1707 534 1818 588 prior
1847 535 2012 591 quidem
2041 537 2110 580 ille
2138 537 2256 580 status
2277 570 2288 591 ‚
2321 538 2393 594 qui

255 590 325 619 aut
358 577 518 620 facilius
545 594 762 623 caveamus
785 580 903 633 illos,
935 596 1003 625 aut
1028 583 1198 628 fallendi
1225 600 1294 628 ne·
1343 586 1559 639 angustiori
1609 588 1904 645 significatione
1952 593 2155 648 generalis
2200 595 2388 639 vocabuli

256 636 432 678 cessitate
466 635 714 680 liberemus:
748 654 794 681 ac
827 640 874 681 ad
907 639 1087 696 ingenue
1119 642 1163 686 ὃ(
1196 641 1297 687 libe·
1349 643 1568 697 respublica
1592 646 1765 701 dicitur,
1797 650 1977 692 maxime
2012 651 2208 694 convenit
2235 665 2390 696 naturae

253 690 396 736 taliter
427 693 695 749 cogitandum
728 695 993 741 inducarnus.
1349 712 1435 743 tum
1461 703 1675 755 universae,
1710 717 1798 748 tum
1820 706 2011 763 humagiae
2039 708 2260 759 peculiari:
2295 726 2387 766 quae

1147 772 1149 774 ·
1348 758 1469 800 mistae
1500 759 1677 813 profesto
1706 762 1795 804 sunt
1815 794 1827 813 ,
1859 779 1906 806 ac
1945 763 2090 815 varioe,
2121 765 2385 822 plurimisque

427 809 468 852 C
530 810 569 853 A
632 811 661 852 P
722 813 765 853 U
826 813 869 854 T
976 813 1104 856 XVI.
1347 827 1578 868 temperatae
1627 834 1846 872 corporum
1877 820 2116 870 generibus:
2150 837 2325 876 quorum
2359 823 2388 867 st

1345 873 1437 928 quid
1464 889 1545 928 prae
1565 874 1656 917 aliis
1680 875 1942 928 dominetur,
1977 876 2171 921 humores
2196 893 2388 923 corrum-

363 925 430 968 De
461 924 683 980 Republica
703 956 715 979 ,
748 924 803 968 ἴθ’
824 924 937 981 statu
963 928 1174 984 populari.
1346 930 1402 983 pit
1443 945 1596 974 ceteros
1636 933 1678 975 δε
1711 948 1854 987 corpus
1888 933 2088 987 postremo
2125 935 2344 988 putrefacit
2370 967 2382 980 .

1331 988 1474 1042 ·lgitur
1501 990 1542 1031 in
1566 988 1771 1041 republica
1795 1022 1807 1041 ,
1839 1006 1927 1046 quae
1949 990 2170 1043 perfectam
2200 993 2383 1038 hominis

311 1037 436 1081 Gitur
469 1038 510 1081 in
539 1039 639 1082 statu
665 1056 886 1093 paucorum
907 1074 920 1095 ,
955 1042 1063 1100 leges
1095 1043 1291 1088 divitibus
1343 1047 1586 1100 temperiem
1607 1046 1823 1100 imitatur,
1848 1049 2128 1104 exprimitque
2153 1065 2288 1094 rei-um
2312 1066 2385 1094 na-

328 1098 642 1151 obtemperant,
671 1100 923 1151 potentiores
948 1102 1211 1157 voluptuose,
1244 1119 1289 1146 ac
1342 1116 1472 1144 turam
1499 1103 1543 1145 &
1568 1104 1793 1146 humanam
1817 1137 1828 1155 ,
1862 1105 2064 1160 quaelibet·
2080 1106 2218 1159 populi
2246 1107 2380 1161 portio

246 1151 507 1196 muliebriter
539 1155 765 1198 educantur
798 1189 809 1208 ,
843 1158 885 1200 ἃ
921 1158 1018 1202 luxu
1044 1191 1056 1212 ,
1089 1159 1251 1214 crapula
1276 1192 1287 1214 ,
1340 1173 1428 1202 tum
1461 1159 1505 1202 in
1539 1160 1870 1217 magiiiratibuS,
1902 1175 1991 1205 tum
2025 1163 2070 1205 in
2101 1161 2260 1213 iudiciis
2291 1180 2384 1219 par-

246 1206 377 1260 lud.s,
411 1213 597 1254 cantibus
621 1244 633 1263 ,
669 1215 948 1258 meretricibus
973 1249 985 1269 ,
1020 1218 1150 1271 pueris
1184 1218 1286 1271 syrn-
1338 1231 1424 1259 tem
1457 1216 1578 1270 juris,
1610 1232 1729 1273 atque
1758 1220 1960 1274 potestatis
1992 1220 2157 1264 habebit
2185 1220 2253 1264 sibi
2280 1237 2383 1266 con-

246 1265 459 1320 phoniacis
482 1269 776 1324 diffolvuntur3
812 1289 1005 1325 pauperes
1038 1290 1132 1317 vero
1156 1276 1289 1318 vic'tus
1336 1290 1589 1330 gruentem:
1626 1275 1737 1319 sicuti
1781 1278 1971 1332 quaelibet
2021 1277 2202 1320 hominis
2245 1278 2381 1333 portio

247 1323 424 1376 duritie,
459 1339 579 1382 atque
618 1329 826 1372 immensis
860 1330 1066 1374 laboribus
1093 1349 1276 1376 exerceri·
1338 1331 1454 1375 suurn
1485 1333 1640 1387 accepit
1676 1350 1826 1378 munus
1860 1352 1882 1378 a
1918 1348 2062 1378 natura
2090 1335 2336 1390 praecipuum
2364 1367 2376 1379 .

246 1392 337 1433 tur,
371 1383 422 1423 ita
455 1397 498 1426 ut
525 1383 584 1426 illi
615 1400 777 1439 propter
800 1388 931 1431 vitam
955 1388 1185 1432 desidiosam
1210 1423 1220 1439 ,
1243 1390 1285 1433 ἃ
1337 1390 1699 1443 Quemadmodum
1753 1392 1878 1455 igiffl‘
1920 1393 2145 1455 consilium·
2184 1394 2293 1435 Deus
2333 1392 2379 1436 in

245 1438 492 1483 mu3iebrem
537 1441 748 1495 ignaviam
790 1445 1026 1498 obstupeant
1053 1462 1066 1499 j,
1112 1447 1152 1489 hi
1190 1464 1288 1490 vero
1336 1460 1474 1489 mente
1504 1447 1799 1500 locavit‚vires
1825 1465 1866 1491 in
1890 1465 2057 1503 corpore
2075 1464 2088 1502 3
2107 1463 2211 1492 Vires
2237 1461 2379 1513 autem

249 1510 411 1549 propter
457 1499 671 1552 egestatem
695 1532 706 1551 ,
750 1501 793 1543 δε
827 1502 1102 1546 invidentiam
1135 1505 1284 1547 assiduo
1335 1504 1505 1547 consilio
1532 1504 1697 1556 subjecit
1718 1538 1731 1556 ,
1751 1506 1794 1548 &
1822 1507 1950 1549 menti
1981 1506 2208 1558 potentiam
2230 1506 2375 1549 tribuit

246 1553 455 1608 vigilent,
487 1555 529 1598 ὃς
561 1557 768 1600 occasione
800 1559 922 1610 data,
961 1560 985 1602 si
1018 1561 1154 1616 aliqua
1189 1562 1284 1604 sedi·
1334 1560 1377 1602 in
1417 1578 1594 1616 corpus,
1626 1563 1682 1604 ita
1707 1562 1749 1605 &
1778 1563 1820 1605 in
1849 1563 2053 1617 republica
2082 1564 2259 1625 ‘Senatus
2291 1578 2378 1626 non

246 1610 303 1652 tio
330 1612 499 1654 interius
529 1616 752 1667 excitetur,
783 1630 851 1658 aut
878 1618 1054 1661 exterius
1080 1618 1283 1661 auxilium
1307 1649 1311 1673 ἶ
1334 1630 1496 1661 tantum
1522 1636 1543 1661 e
1568 1619 1802 1671 nobilibus,
1828 1620 1888 1661 sed
1913 1636 1936 1662 e
1960 1620 2125 1674 plebeiis
2153 1619 2377 1683 sapientio-

243 1667 301 1709 eis
340 1669 609 1723 abjungatur,
643 1670 778 1724 fame,
812 1690 857 1716 ac
891 1675 1001 1718 rabie
1032 1675 1159 1719 veluti
1193 1676 1287 1719 ferae
1307 1675 1310 1721 ἶ
1333 1676 1467 1728 ribus,
1500 1676 1549 1734 &
1572 1677 1626 1718 ob
1651 1675 1822 1732 longam
1838 1676 2044 1720 honorum
2067 1677 2289 1732 gestionem
2313 1691 2377 1720 re-

243 1726 288 1766 in
318 1728 490 1780 praedam
514 1742 685 1782 agantur
711 1762 724 1783 ,
749 1730 928 1774 divitum
953 1734 1062 1775 bona
1084 1733 1281 1788 diripien-
1305 1735 1309 1773 ἕ
1331 1749 1423 1776 rum
1467 1735 1743 1777 humanarum
1789 1735 2047 1798 peritioribus
2080 1733 2269 1787 comus,
2303 1749 2373 1800 ves

244 1796 328 1836 tes,
358 1799 484 1838 eoque
511 1785 653 1835 majori
683 1789 928 1832 confidentia
954 1790 1182 1843 irruentes,
1201 1807 1282 1847 quo
1305 1795 1308 1835 ἒ
1331 1790 1406 1833 luti
1452 1807 1570 1834 mens
1618 1792 1662 1834 Sc
1713 1791 1816 1834 ratio
1860 1792 2072 1844 civitatis,
2114 1791 2376 1855 consultandi⁴

245 1839 280 1884 sc
324 1856 524 1894 numero,
555 1843 598 1886 ὃς
632 1845 800 1898 robore,
832 1863 877 1889 ac
908 1847 1186 1902 desperatione
1215 1865 1282 1891 va-
1329 1847 1658 1904 deliberandique
1691 1864 1841 1892 munus
1865 1849 2024 1901 obibit,
2056 1848 2370 1911 certosque-sibl

243 1897 465 1949 lentiores,
498 1900 591 1943 illos
619 1918 714 1943 vero
740 1904 968 1957 paucitate,
1003 1905 1281 1961 fcemrineoque
1331 1906 1584 1961 magistratus
1617 1905 1870 1959 vindicabit,
1913 1921 2088 1969 quorum
2131 1905 2374 1948 au6‘writate

244 1955 358 1998 cultu
390 1955 558 2009 fra6'tos,
590 1958 632 2001 ὃς
658 1975 825 2002 enerves
845 1993 856 2013 ,
888 1974 1009 2018 atque
1039 1962 1283 2006 divitiarum
1329 1962 1388 2014 jus
1419 1962 1699 2016 consultandi,
1746 1963 2064 2026 providendique
2097 1974 2280 2005 tueatur.
2315 1963 2371 2004 Et

246 2013 358 2055 causa
379 2016 590 2058 exterritos
611 2016 847 2060 intuentur.
881 2021 931 2061 In
953 2020 1286 2075 quaflueiuatioa
1330 2021 1527 2076 quoniam
1560 2020 1625 2064 lex
1659 2020 1738 2063 sola
1771 2021 2036 2076 respublicas,
2069 2019 2147 2083 sive
2181 2019 2249 2062 sub
2271 2033 2371 2071 uno,

246 2085 297 2113 ne
325 2070 507 2114 civitatis
531 2105 543 2126 ,
575 2073 639 2116 vel
665 2075 842 2127 divites,
876 2090 920 2119 ut
945 2078 1171 2121 multitudo
1200 2077 1282 2134 pla-
1330 2078 1408 2121 five
1444 2078 1510 2121 sub
1540 2078 1848 2131 optimatibus,·
1867 2077 1944 2141 siue
1979 2077 2049 2119 sub
2080 2076 2268 2140 uniyerso
2300 2091 2373 2131 po·

244 2140 380 2180 cetur,
412 2144 507 2173 cum
535 2130 697 2184 plebeiis
722 2135 954 2188 partiuntur
969 2136 1170 2189 bonores,
1193 2151 1278 2178 ma·
1332 2136 1428 2190 pulo
1460 2136 1700 2179 constitutas
1730 2136 1943 2200 distinguit
1962 2151 1986 2177 a
2004 2133 2250 2198 tyrannide,
2281 2146 2372 2195 quae

244 2185 453 2240 gistratus,
485 2188 529 2231 δι
553 2205 744 2244 agrorum
770 2191 994 2246 divisione,
1023 2206 1092 2236 aut
1122 2193 1209 2236 aeris
1239 2209 1279 2235 a·
1331 2209 1414 2236 non
1457 2194 1579 2236 modo
1622 2194 1666 2236 in
1696 2193 1986 2256 dominatione·
2029 2207 2149 2235 unius
2174 2223 2186 2243 i
2233 2190 2294 2253 sed
2326 2203 2371 2231 ¹¹⁸

247 2242 342 2286 lieni
379 2259 418 2285 re
440 2245 608 2289 fissione
640 2247 835 2291 divitias:
871 2250 913 2292 δε
946 2250 1022 2293 hac
1055 2249 1246 2305 potentiae
1266 2282 1278 2303 ,
1330 2251 1503 2305 imperio
1537 2266 1760 2304 paucorum
1781 2283 1792 2302 ,
1841 2250 1885 2294 δε
1918 2249 2110 2311 universae
2143 2247 2269 2312 plebis
2299 2246 2370 2288 de·

246 2300 505 2357 pecuniaeque
538 2303 756 2357 partitione
789 2306 968 2350 nascitur
995 2308 1103 2350 inter
1133 2323 1201 2350 eos
1231 2323 1277 2350 ae-
1330 2308 1623 2363 prehenditur,
1671 2308 1833 2363 quando
1867 2323 1937 2370 pro
1970 2306 2128 2368 legibus
2160 2314 2369 2367 imperant

246 2357 443 2412 qualitas,
476 2373 609 2403 mater
633 2362 751 2405 status
776 2362 885 2405 illius
908 2396 919 2415 ,
955 2364 1021 2407 cui
1051 2364 1278 2419 peculiari,
1330 2364 1550 2407 hominum
1595 2364 1825 2406 voluntates
1845 2363 1978 2426 {JdCO
2017 2374 2145 2425 ‚cefffiss
2185 2362 2370 2425 Ῑῗὲῑὶῖὓςν

244 2416 287 2457 c&
312 2416 531 2470 angustiori
562 2418 854 2473 significatione
881 2420 1100 2476 respublica
1123 2437 1280 2465 nuncu·
1330 2421 1504 2477 iussuque
1549 2420 1710 2476 publico
1752 2437 1774 2463 a
1816 2435 1948 2473 prima
1989 2432 2169 2462 civitatis
2200 2418 2367 2461 institu-

246 2488 395 2526 pamr,
419 2475 477 2525 ζ’)
503 2475 564 2517 vel
592 2476 716 2519 iidem
741 2477 885 2520 divites
909 2478 1157 2534 pertinacius
1183 2495 1278 2522 con·
1330 2480 1442 2522 tione
1498 2477 1718 2520 munienda
1776 2477 1865 2520 sunt
1898 2476 2099 2540 'consulta
2149 2476 2322 2519 Senatus
2354 2489 2364 2513 :

246 2531 442 2583 tendunt,
477 2547 743 2589 pugnantque
767 2535 894 2578 acrius
919 2552 1014 2579 cum
1030 2535 1280 2590 plebeji53&
1329 2549 1372 2579 ut
1416 2535 1440 2579 si
1483 2535 1603 2578 certis
1645 2535 1692 2577 de
1737 2535 1853 2598 rebus
1898 2549 1942 2576 in
1988 2532 2194 2597 publicam
2221 2563 2233 2583 ‚
2283 2545 2372 2599 non

245 2600 333 2630 tum
362 2590 455 2644 quia
487 2604 642 2644 partem
681 2592 837 2634 nullam
867 2593 934 2635 sibi
966 2593 1091 2636 avelli
1119 2594 1274 2649 patina«
1329 2594 1372 2636 in
1416 2593 1618 2647 privatam
1663 2592 1887 2636 utilitatem
1929 2591 1991 2655 ’ad
2039 2591 2235 2654 judicium
2285 2602 2370 2637 eius

245 2658 335 2695 tur,
369 2662 598 2701 coguntur,
631 2649 742 2699 juxta
780 2650 882 2693 illud
919 2650 1113 2703 Hesiodi,
1146 2663 1280 2693 totum
1329 2650 1505 2693 adduffls
1536 2651 1708 2692 Senatus
1738 2650 1959 2692 decreverit
1983 2680 1994 2700 ,
2025 2646 2262 2712 universam
2282 2645 2370 2706 *ob--

245 2702 410 2746 tandem
435 2705 652 2748 amittere.
685 2708 869 2762 Superati
900 2707 1014 2750 enim
1042 2725 1063 2749 a
1092 2723 1279 2758 numero,
1331 2708 1428 2762 liget
1461 2707 1678 2749 civitatem
1699 2738 1710 2757 ‚
1760 2705 1784 2748 fi
1817 2706 1863 2749 de
1897 2716 2103 2767 negotiis,
2135 2703 2177 2744 &
2209 2700 2370 2751 Jssd¹C1¹S

244 2759 288 2800 ἃ
332 2760 471 2802 robore
506 2793 517 2811 ,
573 2779 617 2804 ac
665 2763 940 2815 desperatione
991 2763 1241 2818 plebeiorum
1268 2797 1280 2817 ,
1332 2766 1380 2808 iis
1411 2777 1586 2818 agatur,
1629 2779 1717 2818 quae
1762 2763 1882 2817 longe
1928 2761 2072 2805 refi’tius
2104 2770 2241 2814 quieta
2273 2772 2370 2811 pau·

243 2815 374 2860 veluti
405 2817 606 2872 dedititii,
638 2836 660 2862 a
692 2821 806 2875 piebe
826 2821 1081 2879 conditiones
1103 2853 1115 2876 ,
1145 2838 1192 2865 ac
1225 2821 1280 2865 le·
1330 2836 1473 2865 corum
1505 2852 1520 2874 ‚
1562 2833 1683 2874 atque
1736 2817 1961 2874 tranquilla
2011 2816 2375 2928 dehberauogiiarssi

262 2953 1270 2968 ——-—————--n—=-————————--—e-
1363 2956 1443 2970 Y—

292 2990 348 3028 (⁴‘)
375 2990 484 3022 Etiam
526 2989 587 3022 hoc
624 2990 699 3022 loco
741 2991 863 3029 Αυξὶοι·
900 2993 1047 3033 regulam
1083 3005 1122 3027 ex
1164 3004 1279 3026 exeru-
1334 2991 1387 3024 vel
1426 2991 1507 3023 statu
1545 2989 1713 3040 venditat·
1737 2988 1887 3039 populari
1910 3009 1927 3040 .'
1970 2986 2287 3037 cumzReiuu'sscie
2313 2995 2371 3017 no-

248 3032 302 3074 plo
340 3034 436 3066 (otiis
475 3035 674 3075 Reipublicae
712 3041 869 3069 Romanae
905 3037 994 3071 ducit
1028 3062 1037 3076 ,
1075 3038 1281 3081 eiusdemqie
1332 3047 1407 3069 men
1451 3036 1597 3078 imperiis
1622 3035 1778 3068 omnibus
1817 3031 2292 3084 tribuitpoffitpRespublica
2321 3039 2376 3091 po:

247 3077 388 3111 formam
427 3079 565 3112 mixtam
604 3091 644 3112 ex
673 3082 882 3113 Aristocwia
911 3083 939 3114 8<
968 3083 1203 3118 Democratia,
1233 3083 1282 3116 seu
1334 3081 1454 3123 pularis
1494 3092 1595 3116 vero..
1637 3080 1701 3112 sive
1743 3083 1954 3130 D².“¹'“?¹t¹²
1993 3078 2030 3110 fit
2076 3088 2109 3127 in
2151 3087 2212 3120 qu:
2239 3074 2376 3120 populu>

253 3124 363 3166 potius
399 3135 529 3168 patrum
556 3126 584 3159 δι
612 3126 719 3169 piebis
744 3127 927 3161 collisione:
965 3138 1025 3171 pro
1063 3128 1245 3172 Republica
1272 3150 1283 3168 ‚
1333 3126 1497 3160 universus
1521 3125 1560 3160 de
1587 3125 1711 3159 sumna
1740 3124 1941 3167 Reipublicse
1966 3122 2173 3157 consulitur.
