2524 3479
274 146 345 197 24

624 126 749 180 DE
817 124 1105 182 ORTU
1169 127 1298 181 ET
1353 124 1967 183 PROGRESSU

272 217 364 248 tum
384 201 560 259 pertinet
582 199 645 245 lex
669 201 878 256 Ciminia,
909 203 952 245 δε
975 201 1035 244 lex
1058 199 1164 245 AElia
1182 202 1282 245 Sen-
1297 209 1313 232 ¹
1333 203 1392 267 jus
1410 205 1463 248 est
1484 204 1636 248 incerta
1659 203 1857 248 sententia
1885 236 1896 256 ‚
1929 200 1993 245 vel
2027 201 2221 265 mulieres
2236 215 2335 247 exe-

273 262 333 306 tia
355 293 368 316 ,
401 260 545 317 quibus
573 259 737 302 liberior
763 259 1084 322 manumittendi
1113 257 1283 303 facultas

272 320 566 364 coercebatur.
622 316 696 359 llla
734 317 845 360 enim
883 330 1039 360 certum
1073 317 1280 360 servorum

270 376 700 420 manumittendorum
728 389 945 418 numerum
975 374 1278 428 praescribebat·
1269 407 1281 429 ,

271 435 358 479 haec
391 433 623 476 manumissi
652 464 663 485 ‚
706 432 750 475 &
793 432 1094 476 manumissoris
1119 444 1281 475 aetatem

273 492 492 536 definiebat
519 522 531 543 ,
564 490 770 545 certasque
796 490 1101 533 manumissioni
1108 507 1123 533 s
1148 490 1281 532 causas

271 549 522 607 postulabat.
557 549 639 590 Lex
666 547 774 598 Julia
801 547 1031 602 principem
1052 547 1275 591 manumit-

274 620 431 650 tentem
470 605 676 648 eximebat
713 604 969 660 obligatione
995 605 1279 648 servandarum

275 662 581 708 solemnitatum
609 693 619 704 .
665 662 853 705 Petronia
886 679 934 705 ex
962 661 1280 718 discrepantibus

274 721 457 774 judicum
494 719 702 762 sententiis
733 719 965 772 praeferebat
993 720 1110 763 illam
1138 753 1149 773 ‚
1192 735 1279 774 quae

272 777 453 822 libertati
478 777 681 820 studeret.
714 776 838 828 Junia
869 778 1066 820 Norbana
1094 777 1275 820 medium

273 836 445 893 gradum
471 835 579 878 inter
604 833 867 888 servitutem,
898 834 1131 889 &plenam
1158 833 1279 877 liber-

271 906 400 937 tatem
421 891 689 936 constituebat
722 909 731 933 :
774 891 884 948 isque
912 891 1112 936 libertatis
1133 891 1278 947 gradus

228 990 231 994 .
273 952 422 995 Latina
451 950 611 993 libertas
633 909 911 1004 appellabatur
937 981 948 1003 ‚
981 951 1045 993 cui
1072 949 1277 992 cohaerens

273 1010 327 1052 est
352 1010 391 1051 S.
413 1009 466 1051 C.
489 1008 737 1063 Largianum
764 1038 775 1059 ,
825 1023 905 1062 quo
939 1006 1014 1049 filii
1047 1006 1219 1051 haeredes
1254 1023 1277 1050 a

272 1067 390 1110 Patre
411 1065 588 1108 instituti
614 1063 884 1119 praeferuntur
908 1065 1054 1108 ceteris
1084 1065 1127 1108 in
1160 1064 1276 1108 bonis

273 1123 411 1167 Latini
439 1122 569 1165 liberti
594 1121 821 1163 decedentis
853 1153 862 1163 .
906 1121 1075 1165 Visellia
1110 1120 1275 1177 plenam

272 1180 506 1223 libertatem
534 1178 691 1222 Latinis
719 1177 874 1222 libertis
899 1179 952 1221 ob
975 1179 1177 1223 honorem
1204 1180 1274 1222 tri-

269 1238 418 1282 buebat
443 1236 631 1289 militiae‚
667 1249 809 1290 praeter
833 1252 959 1291 quos,
989 1236 1109 1289 illos,
1128 1237 1196 1293 qui
1216 1236 1272 1288 ju-

267 1310 311 1340 re
335 1310 552 1338 aureorum
578 1293 827 1336 annulorum
852 1307 1034 1337 carerent
1056 1326 1067 1346 ‚
1089 1295 1139 1336 ab
1159 1294 1273 1350 inge-

269 1368 450 1396 nuorum
475 1351 699 1394 honoribus
723 1352 884 1393 arcebat
912 1383 921 1392 .
975 1351 1274 1394 Dasumianum

268 1412 309 1453 S.
325 1411 377 1452 C.
402 1410 460 1463 is,
493 1408 638 1464 quibus
664 1407 826 1450 libertas
852 1406 989 1451 reli6³ta
1014 1422 1101 1451 erat
1126 1409 1271 1451 atesta-

270 1479 390 1520 tore,
422 1466 650 1509 absentibus
675 1464 801 1508 etiam
831 1465 1041 1509 heredibus
1062 1497 1074 1518 ‚
1109 1466 1268 1508 liberta

270 1537 356 1568 tem
381 1524 607 1579 praestabat.
640 1523 679 1564 S.
701 1523 753 1564 C.
770 1523 1028 1565 Rubrianum
1050 1539 1140 1587 eos,
1173 1539 1275 1579 quos

269 1582 386 1626 heres
410 1597 432 1623 a
460 1593 626 1637 praetore
657 1592 848 1622 eaeoeatus
880 1581 1171 1624 manumittere
1206 1596 1274 1623 ne·

269 1640 475 1703 gligeret,
508 1638 654 1681 liberos
679 1637 752 1678 effe
777 1635 976 1687 jubebat.
1028 1637 1274 1689 Articuleia-

268 1713 369 1740 num
403 1711 445 1738 in
478 1695 591 1738 causa
623 1692 769 1737 relicte
802 1694 1002 1738 libertatis
1034 1696 1271 1751 cognoscere

267 1754 429 1808 jubebat
456 1752 657 1808 praesidem
689 1750 909 1805 provinciae
941 1784 952 1804 ,
1003 1752 1048 1797 de
1080 1769 1157 1808 qua
1187 1765 1274 1795 erat

267 1812 456 1863 testator,
489 1810 532 1852 δε
552 1810 705 1852 servus:
741 1809 928 1864 quamvis
950 1809 1062 1852 heres
1081 1825 1129 1853 ex
1149 1809 1272 1853 altera

266 1869 360 1913 esset
385 1866 598 1923 provincia
624 1898 632 1907 .
679 1865 957 1909 Vitrasianum
985 1881 1114 1922 partes
1135 1867 1272 1922 exple-

267 1927 336 1970 bat
362 1924 559 1977 infantis,
580 1939 625 1966 ac
648 1922 825 1967 liberum
848 1924 1143 1978 pronunciabat
1163 1941 1274 1977 eum,

272 1983 340 2027 cui
366 1983 525 2026 testator
548 1956 783 2025 libertatem
810 1981 1030 2037 reliquerat
1050 1998 1072 2024 a
1095 1981 1275 2037 pluribus

267 2040 508 2092 heredibus,
540 2039 646 2081 inter
670 2054 769 2093 quos
795 2038 888 2081 esset
913 2038 1048 2082 infans
1075 2071 1085 2091 ‚
1118 2055 1185 2093 qui
1214 2038 1271 2081 lo-

267 2097 418 2155 quendi
444 2097 512 2140 usu
537 2107 714 2139 careret.
749 2095 1018 2139 Ninnianum
1042 2095 1272 2140 libertatem

267 2155 471 2198 adimebat
493 2153 556 2206 ei,
588 2153 684 2208 qui,
717 2152 948 2196 colludente
974 2153 1172 2217 domino,
1207 2169 1275 2209 per

267 2212 410 2264 judicis
453 2210 699 2254 sententiam
739 2209 840 2253 liber
865 2211 1157 2266 pronunciatus
1182 2210 1272 2254 fuis-

268 2269 347 2312 set.
380 2270 482 2311 Erat
513 2268 556 2310 &
587 2268 625 2309 S.
645 2269 698 2309 C.
731 2283 812 2322 quo
843 2268 1158 2322 prohibebatur,
1193 2267 1275 2323 post

268 2324 602 2382 quinquennium
624 2324 885 2380 quaestionem
910 2325 957 2368 de
979 2325 1076 2368 statu
1097 2324 1275 2368 defuncti

267 2382 498 2426 retraG‘tari.
531 2382 812 2425 Claudianum
835 2382 1035 2425 servitutis
1051 2398 1171 2437 poena
1186 2399 1272 2425 mu-

268 2441 386 2484 lieres
412 2442 462 2484 ab
486 2439 661 2484 aliorum
691 2439 894 2482 servorum
923 2441 1182 2483 commerciis
1206 2441 1271 2482 ab·

267 2499 464 2563 sterrebat·
489 2530 497 2540 .
532 2499 615 2540 Lex
649 2497 785 2540 Vettii
813 2497 954 2550 Lybici
983 2498 1112 2540 servos
1145 2497 1271 2553 publi-

267 2572 364 2609 cos,
398 2555 467 2612 qui
493 2554 667 2612 publicis
693 2554 897 2608 scripturis
922 2571 1088 2610 operam
1111 2556 1274 2608 dabant,

269 2629 293 2656 a
317 2613 543 2668 Republica
568 2611 857 2675 manumislos,
889 2628 972 2655 non
998 2612 1174 2668 amplius
1200 2615 1274 2656 La·
1291 2646 1295 2650 -

270 2669 383 2711 tinos
415 2702 427 2722 ,
476 2671 535 2714 sed
567 2673 778 2713 Romanos
802 2670 913 2714 cives
936 2671 1021 2713 fieri
1051 2670 1231 2725 permisit
1265 2703 1274 2713 .

270 2726 328 2769 Et
354 2726 414 2768 hae
440 2726 545 2780 leges
575 2758 587 2779 ‚
629 2739 748 2782 atque
771 2728 809 2769 S.
837 2728 891 2770 C.
914 2727 1080 2770 fuerunt
1103 2727 1150 2770 de
1175 2744 1271 2772 con-

271 2782 427 2827 ditione
454 2783 683 2826 servorum:
720 2783 924 2839 sequentia
951 2785 1173 2828 liberorum
1203 2787 1274 2829 sta-

273 2852 364 2884 tum
388 2839 718 2895 complefiuntur
745 2872 754 2881 .
787 2843 898 2883 Ante
922 2857 1066 2885 omnes
1098 2843 1277 2897 procedit

273 2897 339 2941 lex
370 2897 499 2941 Atilia
517 2929 528 2951 ‚
560 2913 639 2954 qua
663 2910 773 2940 tutor
796 2912 844 2940 ex
873 2897 958 2953 lege
982 2915 1004 2941 a
1031 2913 1196 2954 praetore
1209 2901 1274 2944 da-

272 2969 343 2999 tur
368 2955 441 3008 iis,
473 2955 627 3011 quibus.
645 2970 718 2998 nec
742 2954 1027 3010 ullusagnatus
1041 2957 1169 3012 adest,
1202 2974 1277 3002 nec

249 3030 254 3035 ·
275 3025 386 3056 tutor
410 3012 525 3055 datus
549 3029 570 3056 a
595 3013 805 3056 testatore.
828 3014 935 3068 Lege
962 3029 1057 3057 vero
1081 3015 1188 3065 Julia
1206 3048 1218 3069 ,
1234 3016 1277 3060 ἃ

275 3070 394 3114 Titia
418 3069 460 3112 in
484 3069 706 3125 provinciis
732 3081 841 3113 tutor
863 3070 1033 3114 eandem
1053 3072 1105 3114 ob
1119 3074 1278 3117 causam

275 3127 426 3174 dandus
449 3139 534 3181 erat
558 3144 581 3173 a
605 3127 856 3185 praefidibuS,
882 3130 968 3174 Lex
991 3128 1189 3185 Claudia,
1208 3147 1274 3177 cu-

1332 263 1409 304 mit
1431 278 1452 305 a
1477 274 1666 317 perpetua
1694 262 1847 314 tutela,
1870 261 1937 304 sub
1959 275 2037 316 qua
2059 260 2142 312 jure
2162 262 2334 317 antiquo

1330 332 1446 362 erant
1479 335 1492 373 3
1527 318 1590 363 vel
1616 318 1853 362 facultatem
1879 317 1962 370 ejus
1987 317 2123 360 tutelae
2147 320 2334 374 gerendae

1333 375 1519 438 sustulit.
1554 378 1636 441 Lex
1664 376 1837 420 Laetoria
1863 375 2136 419 adolescentes
2160 391 2341 420 minores

1332 432 1485 486 viginti
1517 434 1697 490 quinque
1728 434 1849 478 annis
1872 451 1893 477 a
1919 434 2021 477 dolis
2053 433 2198 476 alienis
2232 444 2341 476 tutos

1331 496 1424 546 praes
1415 491 1570 535 st.abat
1621 493 1851 535 Succedunt
1877 485 1981 546 leges
2005 491 2053 534 ad
2080 489 2340 538 coniunffiio-

1332 564 1426 591 nem
1460 549 1720 604 personarum
1746 550 1995 614 pertinentes
2021 581 2033 602 ,
2085 564 2232 604 nempe
2264 563 2342 591 nu-

1331 605 1506 661 ptiales.
1551 623 1723 663 quarum
1753 623 1951 661 praempua
1978 619 2061 649 erat
2087 605 2151 649 lex
2183 606 2303 659 Papia
2325 636 2339 659 ,

1329 679 1416 720 quae
1440 663 1621 719 pluribus
1643 665 1867 718 capitibus,
1901 663 2061 720 poenis,
2082 679 2237 718 praemi·
2230 663 2338 719 sque

1330 721 1540 777 propositis
1563 753 1574 773 ‚
1610 722 1847 776 nuptiarum
1879 720 2154 776 frequentiam
2179 734 2336 763 excita-

1329 780 1420 828 bat
1454 779 1721 831 coelibatum,
1751 778 1794 821 δε
1821 777 2067 820 viduitatem
2093 777 2330 841 inhibebat,

1328 811 1591 890 coelibatum,
1623 839 1666 878 ὅς
1693 835 1936 878 viduitatem
1961 835 2173 878 inhibebat
2201 866 2214 888 ,
2247 834 2338 877 ino-

1328 895 1438 949 piam
1463 895 1590 937 aerarii
1620 893 1874 950 privatarum
1897 893 2178 935 haereditatum
2199 891 2341 935 vicefi-
2395 947 2405 953 x

1328 967 1405 995 mis
1432 951 1714 1007 portionibus
1746 952 1788 994 ὃς
1815 951 2059 994 caducorum
2088 950 2199 992 lucro
2227 948 2339 992 leva-

1327 1009 1415 1072 bat.
1448 1010 1529 1052 Cui
1560 1009 1639 1064 legi
1666 1007 1781 1063 plura
1804 1009 1842 1050 S.
1859 1010 1910 1051 C.
1941 1008 2214 1059 cohaeserunt,
2247 1021 2338 1063 quae

1326 1065 1369 1108 in
1397 1066 1655 1121 expositionev
1675 1082 1697 1107 a
1722 1065 1837 1108 nobis
1863 1066 2081 1108 afferentur
2113 1097 2123 1106 .
2174 1064 2338 1110 Fuit&

1323 1124 1363 1165 S.
1384 1125 1435 1165 C.
1464 1139 1545 1178 quo
1571 1123 1722 1176 nuptiae
1747 1123 1853 1165 inter
1875 1122 2075 1176 pupillas,
2105 1122 2333 1176 δίωτοι-ες,

1324 1180 1616 1244 curatoresque
1631 1179 1971 1234 prohibebantur.
1997 1179 2174 1232 Nuptias
2195 1180 2336 1223 conse-

1323 1239 1462 1293 quitur
1488 1250 1623 1300 partus
1649 1267 1661 1287 ‚
1694 1252 1804 1287 cujus
1829 1237 2071 1292 agnoscendi
2096 1237 2177 1292 post
2197 1237 2336 1280 divor-

1328 1296 1432 1337 tium
1461 1308 1563 1337 ratio
1583 1295 1622 1336 S.
1643 1294 1696 1335 C.
1720 1294 1942 1337 Planciano
1967 1295 2218 1338 tradebatur.
2251 1294 2341 1338 Post

1327 1352 1509 1415 personas
1532 1366 1756 1395 occurrunt
1782 1351 1888 1414 leges
1922 1383 1933 1404 ‚
1976 1368 2063 1415 quae
2088 1352 2136 1395 ad
2165 1351 2334 1408 negotia.

1326 1409 1530 1473 pertinent
1558 1441 1569 1462 ‚
1603 1425 1776 1465 quarum
1801 1424 1952 1473 primas
1975 1425 2198 1454 innuemus
2227 1425 2293 1454 eas
2317 1440 2330 1463 ,

1323 1483 1410 1523 quae
1439 1483 1484 1509 in
1513 1467 1741 1510 viventium
1768 1468 1943 1522 negotiis
1968 1468 2178 1510 versantur
2203 1498 2212 1509 .
2249 1467 2336 1510 Pri-

1324 1541 1440 1568 mum
1468 1524 1606 1568 locum
1626 1524 1812 1567 dabimus
1833 1524 1909 1580 legi
1935 1525 2090 1568 Atiniae
2123 1557 2135 1575 ‚
2162 1540 2250 1579 quae
2271 1524 2330 1568 rei

1324 1582 1484 1625 furtivae
1520 1582 1807 1632 usucapionem
1849 1598 1931 1624 non
1971 1584 2090 1625 aliter
2116 1581 2333 1636 permisit,

1323 1655 1445 1696 quam
1469 1639 1550 1694 post
1572 1639 1749 1681 reditum
1770 1639 1889 1686 ipsius
1909 1640 1955 1681 ad
1977 1641 2153 1695 priorem
2170 1671 2182 1690 ‚
2205 1639 2335 1682 &ve-

1328 1713 1417 1740 rum
1441 1698 1688 1749 dominum,
1677 1711 1685 1719 ·
1720 1713 1741 1738 a
1767 1712 1847 1751 quo
1873 1696 1898 1738 si
1927 1712 1985 1740 res
2008 1699 2141 1740 denuo
2166 1696 2338 1740 recessis-

1326 1758 1380 1797 set
1411 1786 1424 1807 ,
1453 1770 1555 1798 exue
1585 1767 1626 1796 at
1653 1754 1797 1808 prioris
1825 1753 1922 1798 furti
1951 1758 2100 1799 vitium
2123 1786 2133 1797 .
2167 1754 2335 1797 Simile-

1322 1827 1399 1869 que
1433 1811 1727 1876 constituerunt
1751 1810 1814 1854 lex
1841 1811 2001 1855 Plautia
2028 1846 2037 1852 .
2079 1812 2123 1854 ὅ(
2146 1811 2254 1862 Julia
2287 1812 2335 1855 in

1326 1870 1441 1913 rebus
1469 1869 1507 1911 vi
1536 1868 1705 1923 possessis
1742 1900 1751 1909 .
1804 1871 1887 1912 Lex
1921 1868 2132 1912 Scribonia
2178 1868 2332 1912 sustulit

1325 1926 1611 1981 usucapionem
1636 1925 1873 1968 servitutum
1903 1958 1911 1968 .
1948 1930 2028 1970 Lex
2055 1925 2256 1977 Claudia,
2289 1921 2335 1970 δε

1323 1987 1349 2026 S
1392 1985 1444 2026 C.
1481 1983 1833 2027 Macedonianum
1858 1984 2177 2027 adolescentium
2206 1983 2337 2028 foene-

1323 2041 1499 2084 rationes
1525 2040 1768 2083 resciderunt
1801 2074 1810 2083 .
1857 2043 1938 2084 Lex
1975 2041 2084 2092 Julia
2112 2040 2330 2096 vulgatum

1323 2098 1505 2142 cessionis
1535 2098 1739 2141 bonorum
1766 2098 2011 2142 beneficium
2042 2099 2234 2142 concessit
2265 2099 2335 2142 de-

1325 2156 1548 2208 bitoribus,
1581 2154 1649 2211 qui
1678 2155 1977 2199 solvendo-non
1997 2169 2140 2208 erant3
2172 2168 2216 2199 ut
2238 2172 2332 2210 pro-

1327 2214 1409 2269 pria
1440 2228 1609 2265 corpora
1635 2213 1828 2256 molestiae
1856 2214 2135 2257 subtraherent
2171 2245 2183 2266 ‚
2226 2213 2333 2256 bona

1324 2270 1589 2314 creditoribus
1629 2270 1806 2312 cedendo
1843 2302 1852 2312 .
1907 2269 2172 2321 Vellejanum
2204 2271 2244 2311 S.
2276 2272 2333 2313 C.

1327 2327 1510 2370 foeminis
1552 2325 1805 2369 intercedent
1811 2327 1933 2379 ibus,
1984 2329 2027 2369 ὅ(
2074 2343 2146 2382 pro
2189 2325 2271 2369 alio
2300 2328 2336 2372 sc

1324 2384 1603 2447 obligantibus
1642 2384 1796 2436 prodita
1831 2383 2074 2438 exceptione
2115 2383 2332 2428 subvenit.

1328 2446 1408 2486 Lex
1451 2440 1602 2484 Cincia
1639 2440 1927 2484 immoderatas
1961 2440 2203 2484 donationes
2235 2473 2246 2494 ‚
2289 2443 2334 2486 &

1327 2515 1496 2544 munera
1520 2499 1723 2543 coercuit.
1739 2498 1981 2542 Prodeamus
2007 2515 2115 2542 nunc
2136 2499 2182 2541 ad
2204 2515 2334 2565 nego-

1326 2559 1405 2611 tia,
1439 2573 1525 2614 quae
1551 2573 1573 2600 a
1599 2569 1729 2601 morte
1755 2555 1932 2600 aliorum
1959 2570 2209 2613 emergunt,
2242 2564 2334 2613 qut-

1327 2617 1396 2659 bus
1425 2614 1607 2671 regendis
1632 2614 1693 2658 hae
1722 2615 1809 2657 sunt
1835 2613 1941 2670 leges
1965 2616 2223 2659 constitute·
2255 2613 2336 2657 Of·
2368 2651 2379 2661 .

1326 2673 1403 2716 fert
1429 2673 1463 2715 se
1497 2688 1631 2725 primo
1655 2673 1721 2716 lex
1748 2672 1948 2715 Cornelia
1969 2705 1980 2727 ,
2013 2689 2099 2729 quae
2119 2673 2336 2736 testamen-

1324 2744 1366 2773 ta
1408 2729 1574 2772 condita
1610 2743 1704 2773 ante
1737 2730 2018 2785 captititatem
2046 2731 2095 2772 ab
2121 2729 2170 2771 iis
2201 2760 2213 2780 ,
2264 2729 2334 2785 qui

1325 2787 1427 2843 apud
1452 2786 1579 2829 hostes
1598 2787 1877 2842 decesserunt,
1911 2786 2072 2841 perinde
2095 2787 2332 2842 confir‚mat

1325 2857 1444 2900 atque
1487 2843 1512 2885 si
1569 2843 1677 2885 diem
1726 2844 1840 2885 suum
1882 2843 1926 2884 in
1959 2843 2075 2885 Urbe
2106 2843 2292 2886 obiissent
2325 2875 2336 2887 .

1327 2905 1409 2945 Lex
1441 2900 1561 2944 Furia
1591 2913 1747 2943 certam
1782 2899 1983 2943 summam
2016 2900 2240 2956 definivit,
2274 2901 2337 2946 su·-

1329 2975 1396 3016 pra
1428 2973 1551 3015 quam
1585 2973 1669 3000 non
1702 2956 1842 3000 liceret
1876 2956 2010 3014 legare
2049 2989 2061 3011 ‚
2111 2972 2180 3001 aut
2224 2975 2335 3002 mor-

1326 3017 1375 3060 tis
1419 3015 1534 3060 causa
1577 3015 1727 3058 donare
1757 3046 1772 3068 ‚
1837 3014 1910 3057 nisi
1954 3015 2073 3059 certis
2116 3015 2293 3070 personis
2323 3048 2333 3059 .

1326 3077 1408 3119 Lex
1444 3071 1634 3116 Voconia
1659 3071 1816 3127 legandi
1846 3071 2077 3116 libertatern
2098 3074 2141 3116 ἃ
2167 3073 2334 3117 effusam

1326 3148 1425 3190 erga
1451 3129 1644 3178 mulieres
1668 3130 2207 3176 testatorumliberalitatern
2222 3146 2336 3175 com-

2267 3203 2340 3243 Pe·
