2596 3479
528 94 658 149 ET
710 83 1873 147 SENATUSCONSULTIS.

2155 92 2260 161 285

131 175 360 220 delatorum
394 170 630 225 improbum
666 182 815 221 agmen
842 166 884 208 in
911 165 1006 208 urbe
1038 164 1165 208 nutri·
1220 179 1296 218 que
1331 164 1489 207 lucrum
1541 163 1633 206 inde
1665 160 1858 217 cepisset,
1905 158 1931 203 fi
1964 159 2092 207 tribus
2122 166 2263 209 edietis

129 246 267 283 ret-ur,
302 228 551 283 propositum
576 222 954 289 fuit-praemiumiis
976 255 986 271 ,
1019 224 1087 278 qui
1117 222 1168 265 se·
1222 234 1411 264 evocatus
1455 236 1538 263 non
1584 219 1872 274 responderet3
1917 229 2079 262 tantum
2125 224 2268 268 aerario

128 287 233 342 ipsos
252 286 483 331 detulissent
501 318 512 337 ‚
541 296 826 339 propriamque
855 279 1035 323 fraudem
1063 294 1167 332 pate-

127 344 337 397 fecissent,
371 343 528 397 fuitque
555 339 772 383 dimidium
803 339 858 380 rei
878 370 888 386 ,
910 353 1032 391 quam
1060 337 1170 379 detu-

128 400 294 445 lerant:
330 413 372 443 ut
405 397 566 441 Paullus
597 396 641 438 δι
670 395 944 437 Mauritianus
991 394 1174 448 prodide-

127 473 251 501 runt.
283 460 348 511 (a)
368 459 504 511 Quam
533 454 581 497 ad
610 468 694 495 rem
728 452 766 493 S.
783 452 834 493 C.
859 450 1071 504 prodiisse,
1103 452 1172 493 do·

128 528 224 558 cent
250 514 306 565 ii,
337 527 437 568 quos
462 510 763 553 indicavimus.
799 509 990 550 Tandem
1023 509 1093 562 qui
1132 509 1174 549 in

131 571 316 614 fraudem
343 569 443 623 legis
471 568 589 611 fidem
613 565 1018 617 accommodaverit,
1051 565 1093 607 δι
1116 580 1164 607 re·

129 627 284 682 ceperit
326 627 358 669 se
381 627 660 675 redditurum,
694 624 799 678 quod
831 638 901 678 per
930 623 1063 677 legem
1093 637 1175 664 non

130 684 305 736 licebat3
349 682 573 728 hereditate
617 697 663 725 ac
706 681 840 736 legato
892 679 958 722 fibi
988 678 1129 722 renero
1154 694 1175 721 a

129 758 153 785 a
179 742 271 784 fisco
300 740 557 794 privabatut.
589 740 674 791 (b)
709 738 957 789 justinianus
988 751 1087 778 vero
1119 735 1155 779 le

129 813 225 854 gem
257 799 513 841 caducariam
549 795 692 839 evellit
722 810 843 846 prope
871 795 1059 837 radicitus
1077 825 1089 846 ‚
1116 808 1178 835 re-

129 856 337 909 stituitque
363 855 421 905 jus
440 854 689 907 antiquum.
723 852 764 894 ὅ(
798 852 891 894 fisco
914 850 1080 906 reliquit
1108 852 1174 892 bo-

131 928 184 955 na
210 911 424 964 vacantia,
454 911 497 953 &
518 925 591 963 ea,
613 925 700 965 quae
726 923 769 951 ut
796 908 975 963 indignis
997 909 1176 960 eripiun-

131 981 221 1012 tur:
258 984 381 1023 quam
411 968 509 1021 legis
543 967 673 1020 Papiae
701 966 1014 1021 abrogationem
1035 964 1176 1019 {expli-

131 1039 197 1070 cat
230 1025 313 1079 ipse
335 1025 588 1069 luculenter.
620 1026 677 1076 (c)
701 1025 794 1075 Jam
817 1022 932 1067 enim
960 1022 1079 1077 longe
1106 1034 1180 1064 an-

134 1096 198 1127 tea
247 1083 465 1126 emendato
511 1081 715 1125 bellorum
761 1081 951 1125 civilium
989 1080 1141 1122 damno
1166 1109 1179 1131 ‚

131 1140 332 1197 populum
355 1141 546 1183 oneribus
574 1138 681 1181 hisce
711 1138 892 1181 levatum
918 1148 1178 1192 oportuerat.

134 1200 250 1241 Nam
281 1210 322 1239 ut
343 1197 446 1252 apud
476 1196 638 1240 Livium
662 1197 727 1246 (d)
750 1194 919 1250 legitur:
954 1211 1055 1249 quas
1085 1208 1182 1235 tem-

1226 280 1413 332 penderet
1440 310 1453 331 ,
1486 290 1687 332 quantum
1722 277 1776 319 ibi
1809 292 1858 320 ex
1891 275 2022 319 delata
2055 280 2169 322 causa
2202 295 2263 325 re-

1226 335 1425 378 mansisset
1450 367 1460 387 ,
1506 335 1533 377 si
1577 335 1863 390 professionem
1899 333 2132 388 implesset:
2165 337 2207 380 ὅ(
2240 337 2269 381 si

1226 392 1444 447 poisenoris
1478 408 1638 447 quoque
1673 391 1778 436 fraus
1802 405 2071 447 argueretur,
2105 405 2272 438 tantum

1225 449 1404 503 possessor
1439 448 1711 502 persolveret,
1743 463 1947 505 quantum
1967 450 2179 494 convietus
2206 452 2273 494 in-

1226 506 1327 550 ferre
1359 505 1584 559 debuisset,
1617 508 1701 558 (h)
1736 507 1838 549 uncle
1882 507 1932 549 ab
1964 519 2136 563 utroque
2169 508 2267 553 fim-

1225 564 1340 620 plum
1372 564 1578 618 exigitur.
1617 566 1736 606 i'orro
1766 564 1935 605 Senatus
1978 562 2271 620 quoque⁸cen-

1226 622 1329 674 suit,
1361 634 1406 664 ut
1439 633 1584 664 contra
1616 620 1758 664 fiscum
1781 619 1901 664 liceat
1922 636 2129 675 opponere
2147 628 2272 667 'com-

1227 678 1509 734 pensationem
1542 693 1554 730 3
1589 693 1684 733 puta
1721 677 1748 720 si
1780 678 1870 733 quis
1901 677 2059 722 debitor
2091 680 2174 724 fisci
2209 680 2273 736 fit,

1196 737 1267 780 -&
1300 736 1476 778 creditor
1509 750 1594 778 non
1620 735 1761 779 debeat
1792 735 1886 777 fisco
1916 736 2169 790 persolvere,
2204 753 2275 781 ni-

1197 783 1202 822 ῗ
1227 794 1251 836 si
1284 792 1452 836 deducb
1483 808 1532 835 eo
1562 824 1575 846 ‚
1624 792 1730 847 quod
1762 791 1875 835 fiscus
1905 793 2050 846 debet;
2080 794 2275 839 dummo-

1225 851 1275 894 do
1308 864 1447 892 tamen
1479 849 1586 905 quod
1617 850 1655 893 ei
1687 849 1803 893 debet
1829 880 1841 902 ‚
1885 865 1965 892 una
2009 851 2157 906 statio,
2192 853 2275 897 five

1229 908 1461 963 procuratio
1494 905 1636 950 fiscalis
1669 922 1753 949 non
1787 907 2023 961 compenset
2055 923 2149 952 cum
2181 925 2230 953 eo
2258 938 2273 964 ‚

1225 966 1332 1022 quod
1363 965 1478 1007 debet
1510 964 1625 1015 alteri
1661 963 1822 1007 stationi
1845 995 1857 1017 ‚
1900 964 1984 1010 five.
2012 967 2277 1020 procuratio-

1232 1023 1299 1065 ni.
1334 1023 1433 1065 Erat
1465 1022 1579 1064 enim
1600 1022 1759 1064 exaffli‘o
1791 1020 1933 1064 fiscalis
1965 1021 2089 1072 divisa
2122 1024 2163 1066 in
2188 1024 2278 1078 plu-

1234 1096 1275 1121 ra
1307 1078 1467 1130 officia3
1501 1094 1549 1121 ne
1581 1091 1717 1122 autem
1752 1079 1883 1121 officia
1912 1078 2277 1135 confunderentur,

1227 1137 1271 1180 &
1305 1135 1616 1178 involverentur
1641 1135 1791 1179 fiscales
1811 1136 2013 1192 rationes,
2048 1138 2151 1181 recte
2172 1154 2276 1181 con·

1230 1195 1415 1239 stitutum
1460 1192 1538 1236 fuit
1563 1225 1576 1245 ‚
1627 1205 1670 1236 ut
1718 1193 1997 1246 compensatio
2032 1195 2168 1238 locum
2203 1195 2277 1238 ha-

130 1265 230 1311 pora
261 1255 402 1310 aliqua
424 1252 689 1305 desiderarunt
723 1255 850 1308 leges,
883 1254 1061 1294 mortales
1084 1282 1097 1304 ,
1128 1248 1183 1293 (9‘
1231 1253 1321 1293 beat
1349 1282 1360 1301 ‚
1410 1249 1577 1304 quando
1609 1265 1688 1292 una
1736 1250 1957 1305 eademque
2003 1251 2118 1296 statio
2149 1252 2277 1296 credi-

138 1313 377 1363 temporibus
400 1310 493 1366 ipfis
520 1312 730 1353 mutabiles
748 1311 863 1352 video
879 1341 889 1352 .
1044 1353 1048 1356 ,

195 1366 410 1422 Quoniam
447 1380 585 1410 autern
626 1367 669 1409 in
701 1367 784 1410 fisci
815 1366 1027 1410 mentione
1054 1363 1182 1408 versa-

136 1440 231 1468 mur
276 1425 319 1468 δε
347 1423 468 1468 lucris
510 1424 655 1477 mnus,
688 1424 955 1468 commodum
988 1423 1056 1465 hic
1083 1434 1183 1464 atte-

137 1497 283 1526 xemus
319 1484 357 1525 S.
375 1483 427 1525 C.
459 1480 615 1536 reliqua
636 1496 685 1523 eo
712 1481 985 1535 pertinentia,
1009 1494 1185 1536 quorum

139 1539 270 1591 illud,
300 1555 381 1593 quo
409 1537 607 1593 publicari
637 1552 856 1590 vetantur,
888 1539 932 1581 δι
959 1537 1094 1580 heredi
1126 1552 1188 1579 re-

143 1597 370 1639 mittuntur
386 1597 491 1639 bona
518 1595 651 1647 illius;
683 1596 752 1650 qui
778 1598 958 1638 Romam
985 1593 1187 1637 transmis-

143 1654 252 1697 surus
276 1669 298 1695 a
324 1654 559 1707 magistratu
581 1686 591 1701 ,
634 1666 730 1697 ante
770 1654 1009 1696 sententiam
1047 1654 1191 1695 Romae

142 1709 428 1767 proferendam
465 1710 697 1763 decesserit3
730 1725 825 1754 cum
868 1723 964 1753 ante
992 1709 1190 1761 judicium

143 1772 294 1813 Romae
340 1767 539 1811 redditum
567 1799 580 1821 ,
612 1769 830 1811 damnatus
863 1783 946 1810 non
974 1768 1156 1810 videatur
1182 1796 1191 1807 .
1243 1764 1359 1819 pillas
1408 1765 1451 1808 δί
1482 1780 1623 1808 earum
1657 1778 1809 1810 tutores
1847 1797 1859 1821 ‚

1235 1308 1319 1350 trix
1351 1306 1446 1349 esset
1487 1306 1532 1349 ὃς
1561 1305 1738 1349 debitrix
1767 1338 1775 1348 .

1810 1307 1865 1358 (i)

1409 1420 1451 1463 C
1512 1421 1551 1463 A
1613 1420 1643 1462 P
1704 1420 1749 1461 U
1810 1420 1854 1462 T
1972 1423 2115 1467 LXII.

1281 1504 1677 1562 Senatusconsultum
1720 1504 1776 1548 (9'
1808 1508 1929 1550 oratio
1959 1509 2162 1553 Antonini
2189 1509 2238 1554 de

1383 1565 1580 1606 Tutorum
1622 1562 1774 1619 nuptiis
1813 1581 1900 1608 cum
1931 1569 2133 1624 Pupillis.

1360 1649 1517 1704 Egibus
1567 1649 1880 1695 connubialibus
1946 1654 2051 1697 rec’te
2099 1665 2284 1698 attexen-

1379 1721 1443 1751 tur
1476 1708 1514 1749 S.
1546 1708 1629 1751 Cta
1649 1738 1662 1762 ‚
1705 1708 1851 1764 quibus
1882 1711 2036 1765 nuptiae
2069 1710 2177 1754 inter
2211 1728 2283 1767 pu-

1904 1769 2159 1812 curatoresve
2192 1785 2286 1825 pro-

142 1827 205 1880 (e)
229 1825 345 1868 Idem
370 1823 500 1878 illud,
534 1839 581 1868 ut
623 1825 786 1880 privato
830 1825 975 1868 herede
1007 1824 1050 1867 8<
1074 1822 1191 1875 fisco,
1241 1822 1459 1866 hibentur.
1490 1824 1556 1874 (k)
1580 1823 1828 1868 Orationem
1873 1824 2016 1868 habuit
2050 1826 2093 1868 in
2126 1827 2279 1869 Senatu

147 1883 195 1926 de
225 1881 447 1925 hereditate
469 1883 808 1926 contendentibus
826 1914 837 1935 ,
861 1882 906 1926 &
928 1880 1194 1925 creditoribus

145 1954 340 1996 praeterea
371 1939 628 1994 petentibus;
656 1953 741 1984 tam
776 1941 934 1997 privata
958 1937 1194 1982 hereditatis

151 1997 328 2053 petitio,
359 2012 482 2052 quam
514 2000 764 2041 creditorum
794 1998 899 2041 aetio
934 1997 1195 2048 sustineatur,

151 2054 232 2098 sive
275 2052 481 2096 differatur
522 2053 602 2106 (f)
627 2055 756 2098 donec
788 2054 847 2105 jus
880 2055 959 2097 tisci
985 2052 1191 2096 examine-

151 2123 246 2153 tur:
266 2125 359 2153 cum
382 2111 628 2154 creditorum
649 2112 827 2155 affiones
848 2127 930 2154 non
944 2111 1196 2164 differantur,

156 2167 183 2211 fi
223 2167 321 2210 duos
354 2167 462 2210 inter
490 2168 668 2220 privatos
702 2172 749 2212 de
780 2167 949 2219 alicujus
975 2168 1195 2212 hereditate

156 2225 504 2280 disceptetur.(g)
527 2226 631 2268 Item
651 2226 750 2269 illud
770 2228 817 2269 de
838 2227 964 2269 tacito
990 2225 1193 2268 fideicom-

155 2281 303 2334 misso,
341 2280 452 2332 cujus
487 2295 644 2335 partem
670 2283 912 2337 dimidiam,
944 2282 1193 2327 constitutio-

156 2354 210 2382 ne
239 2339 331 2391 sua,
367 2337 570 2390 Traianus
603 2340 754 2383 remisit
789 2339 1156 2383 fideicommissario
1188 2371 1193 2375 -

156 2396 227 2453 qui
260 2409 480 2451 antequam
508 2397 622 2440 causa
645 2396 728 2448 ejus
752 2397 800 2441 ad
819 2398 1003 2440 aerarium
1027 2396 1199 2440 deferre-

156 2466 224 2496 tur
245 2484 257 2504 ,
290 2453 398 2496 ultro
425 2454 459 2496 se
494 2453 691 2497 detulisset
725 2486 738 2508 ‚
775 2471 820 2500 ac
857 2454 1044 2509 professus
1072 2454 1166 2498 esset
1188 2486 1200 2506 ‚

1244 1882 1308 1923 M.
1344 1879 1586 1923 Antoninus
1619 1882 1851 1935 Imperator
1877 1913 1890 1935 ‚
1920 1898 2001 1937 qua
2033 1883 2284 1926 sententiam

1247 1938 1359 1981 suam
1392 1938 1438 1980 de
1470 1935 1729 1980 infirmandis
1778 1937 1973 1989 ejusmodi
2007 1941 2160 1994 nuptiis
2193 1956 2287 1995 pro-

1246 1995 1377 2047 tulit,
1418 1994 1587 2048 optimis
1618 1995 1665 2038 ad
1696 1995 1737 2038 id
1771 1995 1860 2038 sane
1894 1997 2120 2041 rationibus
2161 1998 2285 2041 addu-

1244 2053 1361 2096 cius:
1396 2066 1446 2094 ne
1481 2050 1632 2095 scilicet
1665 2053 1900 2097 velamento
1946 2055 2184 2108 nuptiarum
2217 2067 2284 2098 tu-

1247 2125 1378 2163 tores,
1410 2108 1477 2164 qui
1507 2109 1854 2154 conturbaverant
1886 2111 2137 2167 pupillarum
2159 2111 2286 2155 ratio-

1250 2183 1345 2221 nes,
1377 2179 1446 2209 aut
1484 2165 1801 2210 interverterant
1828 2199 1840 2220 ‚
1891 2169 2072 2212 fraudem
2099 2182 2289 2226 tegerent

1250 2226 1358 2268 suam
1375 2224 1543 2278 3'eoque
1573 2224 1749 2268 artificio
1772 2225 1855 2268 doli
1881 2225 2077 2276 judicium
2103 2227 2285 2271 declina-

1251 2295 1361 2326 rent.
1398 2280 1492 2323 ldeo
1518 2296 1567 2324 ne
1592 2281 1816 2337 conjugalis
1842 2284 2073 2327 reverentia
2104 2285 2151 2327 acl
2178 2297 2288 2328 tuto-

1252 2342 1302 2382 ris
1335 2338 1619 2382 auffioritatem
1650 2340 1868 2393 accedens,
1903 2341 2099 2395 puellares
2127 2341 2289 2396 spiritus

1251 2397 1521 2451 deprimeret,
1560 2396 1738 2452 viresque
1769 2413 1913 2441 omnes
1948 2400 1994 2441 ad
2030 2399 2288 2442 resistendum

1252 2454 1657 2506 adimeret38enatus
1682 2469 1730 2496 ex
1749 2455 1812 2497 M.
1835 2456 2043 2499 Antonini
2072 2456 2286 2509 sententia,

156 2525 251 2555 eam
280 2524 365 2551 rem
391 2509 458 2551 sibi
490 2509 673 2553 relietam
694 2527 836 2564 capere
856 2527 939 2554 non
969 2512 1096 2566 posse.
1119 2513 1197 2554 Cui
1255 2512 1385 2554 nullas
1427 2510 1502 2553 esse
1550 2510 1712 2564 nuptias
1743 2512 1896 2555 censuit
1940 2514 2046 2555 inter
2078 2512 2286 2567 pupillam

159 2567 444 2611 constitutioni
485 2568 657 2610 Senatus
688 2568 834 2619 adjecit
855 2599 867 2622 ‚
901 2581 944 2611 ut
970 2568 996 2611 si
1021 2569 1110 2624 quis
1133 2570 1198 2612 ad·
1252 2570 1294 2612 &
1325 2582 1532 2619 tutorem,
1576 2580 1646 2611 aut
1687 2568 1834 2611 tutoris
1877 2569 2009 2613 filiurn
2032 2602 2043 2623 ,
2076 2583 2196 2625 atque
2231 2572 2289 2614 ita

160 2624 296 2667 versus
343 2622 516 2673 Traiani
554 2625 796 2668 beneficium
836 2626 1019 2681 ingratus
1045 2657 1058 2679 ,
1102 2627 1183 2681 post

167 2696 296 2737 quam
311 2679 500 2735 professus
519 2682 610 2725 esset
628 2682 661 2724 se
682 2698 823 2736 capere
845 2699 927 2725 non
951 2683 1053 2737 posse
1068 2715 1080 2738 ‚
1095 2695 1195 2726 tran-

171 2737 325 2795 segisset
353 2754 447 2782 cum
474 2739 747 2794 possessoribus
774 2739 923 2785 reliffiae
948 2741 1017 2785 sibi
1043 2743 1126 2796 rei,
1152 2756 1207 2785 at·

170 2867 438 2878 ----ι---

713 2869 1085 2883 -—-—-—.-—-———

1257 2625 1507 2669 imbecillam
1558 2638 1718 2668 aetatem
1752 2627 2000 2683 inopemque
2034 2627 2191 2670 consilii
2236 2628 2293 2672 se-

1260 2699 1359 2727 xum
1411 2683 1461 2725 ab
1512 2682 1745 2726 astutiorum
1805 2682 2009 2727 fraudibus
2059 2684 2251 2728 liberavit
2283 2716 2294 2728 .

1270 2742 1408 2796 Quam
1441 2739 1494 2784 ob
1525 2741 1683 2784 causam
1717 2742 1755 2783 S.
1787 2741 1841 2784 C.
1876 2741 2072 2786 sententia
2105 2742 2299 2842 produfjita

1908 2811 1910 2813 ’
2237 2813 2300 2844 ult

1268 2870 1816 2883 ..ψ-*μ*

2061 2872 2299 2882 .—-—--—..-.

211 2898 266 2936 (a
284 2897 301 2936 )
329 2901 367 2930 L.
401 2897 503 2942 15.ff.
519 2900 556 2932 dc
573 2898 644 2938 ‚iure
666 2900 751 2942 fisci.
784 2904 811 2944 §.
831 2912 860 2941 3.
892 2900 931 2934 (9'
960 2905 996 2934 Ι..
1021 2912 1068 2942 13.
1100 2905 1129 2946 ς,
1149 2903 1212 2936 ult.
1233 2926 1234 2929 η
1314 2903 1334 2941 (
1353 2902 1391 2932 el
1421 2903 1447 2933 L
1465 2911 1492 2933 2.
1509 2899 1588 2944 fftle
1602 2901 1671 2934 bon.
1686 2905 1808 2946 eor-qui
1821 2878 2051 2944 anteferunvel
2064 2901 2219 2944 morasthi
2234 2925 2246 2943 ,
2260 2901 2300 2934 (9⁴

175 2938 211 2984 ff
240 2942 346 2973 eodem
367 2964 375 2972 .

217 2984 237 3024 (
251 2983 301 3016 ἂν*
335 2988 373 3016 L.
398 2992 448 3020 10'.
463 2988 501 3031 ff?
519 2990 555 3022 de
570 2990 619 3021 hir
633 3013 644 3029 ‚
671 3002 736 3034 qvae
761 3001 801 3026 vt
823 2991 1008 3037 indign.ff·
1035 2993 1071 3028 de
1094 2992 1235 3039 jurast-

167 3029 228 3072 [ci.
258 3031 285 3061 L
319 3034 411 3074 131§
445 3044 482 3064 L·
503 3035 541 3066 (θ’
573 3038 658 3074 1213.
677 3037 742 3068 eod.

225 3076 244 3114 ξ
259 3085 273 3105 c
300 3080 306 3103 '1
336 3078 373 3107 L.
391 3078 487 3108 unica
505 3081 530 3109 C
556 3081 597 3110 de
609 3083 719 3116 caduc·
738 3081 811 3119 toll,

219 3120 239 3160 (
253 3118 309 3159 d>
335 3119 393 3155 tib.
414 3130 466 3161 34.
483 3130 554 3165 cap.
571 3128 608 3157 6.

1313 2945 1383 2986 [f]
1414 2949 1510 2986 Apud
1522 2949 1657 2987 Julian.
1682 2956 1731 2986 35.
1750 2947 1785 2988 ff.
1801 2950 1835 2981 de
1851 2948 2005 2990 jurefisci
2018 2969 2028 2980 .

1311 2990 1395 3032 (g)
1424 2994 1450 3023 L
1481 2993 1543 3024 vlt.
1563 2997 1597 3024 C.
1615 2994 1650 3024 de
1665 3000 1719 3033 pet
1746 2995 1845 3026 berea.

1315 3036 1330 3075 [
1345 3036 1363 3066 h
1380 3036 1391 3073 J
1420 3038 1455 3069 L.
1482 3039 1622 3070 Arianus
1636 3038 1690 3076 42.
1708 3031 1744 3079 ff:
1761 3039 1797 3070 de
1812 3040 1880 3075 jure
1893 3037 1981 3079 fifhi-

1313 3081 1335 3120 ζ
1350 3081 1363 3110 ἰ
1377 3080 1398 3117 ”)
1425 3083 1460 3114 L.
1487 3093 1511 3114 1.
1531 3086 1564 3115 C.
1588 3084 1623 3115 ds
1639 3084 1830 3122 compensat.
1956 3094 1958 3096 ’

1314 3126 1399 3168 (b)
1423 3129 1511 3163 cate
1542 3125 1704 3162 itinerare}
1726 3128 1870 3163 matrim.
1899 3127 1994 3162 imer.
2022 3130 2141 3173 papiu.
2169 3127 2209 3161 ὼ·
2237 3133 2303 3161 rm.
