2524 3479
207 146 272 184 12
555 122 682 175 DE
746 118 1037 176 ORTU
1104 117 1232 171 ET
1290 111 1911 175 PROGRESSU

203 202 326 250 curiis
349 234 360 255 ‚
391 199 481 245 loca
506 198 693 254 auspiciis
716 196 872 250 dicata,
909 194 953 237 in
979 192 1125 249 quibus
1145 193 1213 237 Se·
1271 194 1394 238 Urbis
1422 225 1432 243 ‚
1463 195 1534 252 qui
1563 196 1801 251 proximum
1827 212 1849 239 a
1875 197 2047 240 Praetore
2077 192 2287 251 potestatis

204 275 368 305 mmseg
393 258 677 304 confidebant,
1269 253 1439 307 gradum
1466 253 1677 298 obtinebat
1693 286 1706 308 ,
1727 259 1899 297 Senator
1926 267 2064 297 tamen
2087 269 2170 297 non
2186 266 2288 296 erat.

1272 311 1327 353 Et
1350 327 1372 352 a
1403 309 1591 355 Praefee'm
1616 313 1744 355 Urbis
1769 312 2034 355 Tuberonem
2053 344 2064 365 ‚
2097 311 2140 354 ὃ(
2160 310 2291 364 Capi-

375 378 418 421 C
478 376 516 418 A
579 373 610 416 P
669 371 714 412 U
774 370 818 411 T
908 368 1055 412 XVI.
1274 381 1414 410 tonem
1443 370 1502 420 (e)
1525 383 1670 412 contra
1696 369 1882 413 Mutium
1908 367 2047 413 stetisse
2074 369 2278 421 legimus:

1274 441 1369 467 cum
1397 424 1440 468 δε
1463 425 1661 470 Tribunis
1689 427 1816 482 plebis
1847 441 1942 471 ante
1972 426 2167 469 Atinium
2204 424 2293 479 ple·

1276 482 1488 536 biscitum,
1521 500 1602 540 quo
1627 485 1843 529 Senatores
1870 484 1966 528 facti
2000 484 2090 527 sunt
2119 515 2130 538 ,
2161 483 2295 527 Sena-

1276 555 1364 584 tum
1390 538 1566 585 habendi
1589 541 1650 594 jus
1676 542 1831 586 fuisset.

349 494 415 537 De
445 493 635 545 Tempore
666 486 838 531 habendi
868 485 1039 527 Senatus
1065 514 1074 525 .

289 607 444 653 Enatui
468 618 607 648 autem
632 601 820 646 habendo
848 601 944 644 stata
971 610 1088 643 erant
1123 612 1219 654 prae-

207 685 231 710 ι
308 668 503 720 finitaque
530 675 715 717 tempora
740 692 751 713 ‚
798 674 947 713 nempe
980 656 1224 720 Kalendis„

204 726 346 769 Nonis
372 755 384 776 ,
419 721 556 764 Idibus
583 751 595 773 ,
627 716 802 762 exemtis
826 717 965 759 diebus
995 712 1215 757 comitiali-

204 783 304 835 bus,
339 782 380 824 in
405 779 550 836 quibus
577 792 672 820 curn
702 774 853 831 populo
883 773 1108 836 agebatur:
1143 786 1224 826 quo

205 854 392 895 tempore
420 853 486 892 per
515 836 647 891 legem
679 832 851 887 Pupiam
874 847 958 873 non
986 830 1132 892 licebat
1155 829 1223 870 ha-

205 899 290 941 beri
319 898 515 940 Senatum
533 926 543 946 ‚
576 894 639 943 (a)
666 906 716 935 ne
751 903 881 946 patres
903 905 924 930 a
947 887 1141 949 suffragiis
1169 885 1225 950 fe-

207 955 344 999 tendis
382 964 651 996 avocarentur
689 981 698 990 .
743 951 800 990 At
838 947 975 989 mense
1009 945 1226 987 Februario

208 1026 322 1065 toto,
355 1011 527 1054 Senatus
553 1005 760 1062 postulatis
791 1001 1117 1046 provincialium
1139 1033 1151 1056 ‚
1183 1000 1227 1044 ὃ(

209 1067 507 1125 Legationibus
545 1062 753 1107 audiendis
781 1061 1000 1116 cogebatur
1027 1058 1115 1115 lege
1141 1060 1222 1102 Ga-

209 1128 322 1172 binia
350 1159 359 1168 .
393 1126 458 1177 (b)
484 1124 538 1166 Et
569 1137 662 1165 cum
688 1122 903 1162 Senatores
931 1117 1042 1160 statis
1068 1129 1224 1172 tempo-

209 1184 321 1229 ribus
346 1180 651 1226 conveniebant
680 1210 693 1231 ‚
727 1176 940 1232 legitimus
964 1177 1134 1219 Senatus
1170 1175 1223 1217 di-

208 1244 399 1288 cebatur.
436 1237 617 1281 Indiehis
642 1248 780 1278 autem
809 1265 822 1287 ,
854 1249 952 1276 cum
980 1245 1097 1277 extra
1121 1232 1227 1275 ordi-

209 1316 307 1344 nem
328 1331 337 1347 ,
369 1314 414 1341 ac
443 1308 586 1351 praeter
609 1292 831 1337 constituta
860 1303 1045 1345 tempora
1066 1322 1077 1344 ,
1112 1290 1154 1333 in
1189 1306 1228 1333 re

206 1357 361 1412 trepida
383 1387 395 1408 ,
428 1354 475 1396 ad
503 1367 626 1406 grave
654 1348 820 1405 aliquod
846 1349 1065 1404 negotium
1095 1347 1223 1402 expli-

204 1414 382 1459 candum
400 1443 411 1464 ‚
447 1427 468 1452 a
495 1408 638 1459 majori
671 1406 907 1462 magistratu
935 1403 1221 1448 Senatusindi-

210 1473 397 1516 cebatur.
432 1467 554 1511 Unde
570 1468 676 1509 inter
695 1463 927 1520 legitimum
944 1464 1011 1517 ,&
1030 1462 1230 1506 indicium

215 1531 297 1581 (⁴)
332 1531 527 1571 Senatum
559 1524 612 1567 est
648 1534 737 1565 orta
763 1520 968 1563 distinguo
1003 1552 1015 1574 ,
1058 1536 1146 1576 quze
1176 1520 1231 1564 le-

218 1587 329 1644 gitur
358 1583 462 1641 apud
485 1579 778 1638 Capitolinum
812 1579 856 1621 in
882 1578 1119 1622 Gordiano.
1148 1580 1232 1631 (c)

372 1695 818 1744 CAPUT
906 1695 1086 1740 XVH.

435 1831 438 1834 ‚
488 1787 558 1832 De
587 1783 761 1827 vocando
791 1783 940 1824 Senatu
966 1811 974 1822 .

1408 656 1449 700 C
1509 660 1542 702 A
1611 659 1640 702 P
1701 661 1743 701 U
1805 659 1849 700 T
1937 658 2033 702 XV
2052 658 2107 701 11
2129 658 2164 700 Ι.

1274 772 1340 815 De
1356 772 1442 825 jure
1460 771 1679 828 Refer-endi
1694 806 1705 827 ,
1737 773 2042 828 sententiasque
2072 771 2267 830 Rogandi
2285 803 2297 815 .

1376 889 1483 932 Orro
1515 888 1584 944 qui
1617 891 1815 933 Senatum
1845 888 2048 943 habebat,
2081 888 2114 932 is
2133 888 2218 941 jure
2235 887 2304 932 suo

1397 946 1623 1001 referebat,
1656 964 1701 990 ac
1735 947 1760 989 si
1793 947 2037 990 detrec‘taret
2067 962 2079 1000 3
2112 962 2178 990 eas
2211 961 2306 1001 par-

1279 1015 1335 1064 tes
1366 1005 1579 1047 Tribunus
1615 1005 1740 1059 plebis
1774 1005 2037 1059 suscipiebat,
2069 1003 2150 1058 (f)
2177 1002 2302 1048 cui&

1279 1075 1337 1110 ius
1361 1074 1447 1103 erat
1475 1093 1488 1113 ,
1533 1074 1602 1104 aut
1629 1062 1769 1104 addere
1797 1063 1904 1116 quod
1931 1062 2062 1104 visum
2089 1075 2175 1104 erat
2203 1060 2309 1105 rela-

1281 1117 1388 1161 tioni
1422 1118 1646 1171 Consuli53
1679 1132 1748 1161 aut
1780 1133 1871 1160 eam
1900 1119 2108 1174 persequi,
2140 1131 2209 1161 aut
2229 1133 2305 1160 no-

1284 1191 1375 1218 vam
1400 1176 1578 1219 exordiri
1601 1208 1609 1218 .
1642 1177 1903 1219 Sententiam
1931 1189 2070 1219 autem
2105 1176 2309 1232 rogabant

1281 1247 1374 1276 ante
1401 1233 1573 1277 comitia
1601 1234 1766 1289 quidem
1795 1234 1982 1288 princeps
2006 1234 2204 1286 Senatus,
2227 1232 2313 1289 post

1279 1291 1453 1334 comitia
1481 1307 1577 1335 vero
1610 1291 1720 1333 Coss.
1748 1290 1942 1346 designati
1973 1307 1986 1343 ς
2018 1291 2060 1334 &
2079 1305 2225 1335 eorum
2247 1290 2283 1334 is
2303 1318 2316 1340 ‚

1283 1348 1349 1403 qui
1395 1349 1506 1403 prior
1550 1347 1681 1391 fuerat
1727 1349 2030 1392 renunciatus:
2078 1347 2316 1392 Secundum

1283 1406 1382 1458 li‘os,
1416 1406 1443 1449 ii
1477 1406 1547 1462 qui
1579 1405 1829 1448 Consulibus
1860 1406 2095 1460 rogantibus
2125 1406 2315 1448 videren-

1285 1478 1348 1506 tur
1377 1479 1385 1504 :
1423 1464 1545 1507 modo
1579 1478 1630 1507 ne
1663 1463 1807 1516 gradus
1842 1464 2152 1519 magistratuum
2180 1462 2318 1518 negli-

1284 1535 1450 1576 gerent,
1489 1538 1535 1565 ac
1570 1536 1619 1565 ne
1651 1521 1888 1564 Praetorium
1916 1520 2167 1574 Consulari,
2203 1519 2315 1563 AEdi-

1287 1578 1424 1622 litium
1473 1577 1667 1623 Praetorio
1713 1610 1725 1633 ,
1776 1579 2071 1622 Tribunitium
2121 1577 2313 1621 AEdilitio

1287 1635 1545 1692 praeferrent.
1579 1638 1717 1693 Atque
1747 1636 1778 1679 is
1804 1637 1857 1680 est
1892 1637 2060 1692 rogandi
2087 1636 2185 1679 ordo
2217 1650 2321 1679 con-

1287 1694 1453 1737 stantior
1487 1710 1498 1747 3
1531 1708 1714 1738 ceterum
1743 1694 1819 1738 hac
1849 1696 1892 1738 in
1921 1710 1960 1738 re
1990 1694 2034 1737 in
2063 1694 2217 1737 Senatu
2249 1709 2319 1736 va-

1289 1754 1436 1796 riatum
1466 1751 1603 1805 fuisse,
1637 1752 1818 1807 pluribus
1838 1769 1888 1795 ex
1911 1766 2098 1796 veterum
2128 1752 2317 1795 testimo-

1290 1810 1366 1853 niis
1403 1811 1647 1864 comprobat
1670 1812 1757 1867 (g)
1785 1809 1931 1853 Paulus
1956 1811 2176 1853 Manutius
2200 1826 2209 1851 τ
2244 1807 2319 1852 etfi

1287 1867 1395 1911 Coss.
1419 1867 1751 1923 designatorum,
1785 1867 2109 1920 Consularium,
2139 1867 2182 1910 δι
2216 1867 2319 1909 Ma-

1287 1926 1526 1982 gistratuum
1564 1957 1577 1979 ‚
1622 1941 1669 1969 ex
1719 1925 1861 1969 ordine
1893 1940 1989 1969 ante
2022 1939 2168 1968 omnes
2201 1923 2319 1966 habi-

1293 1998 1375 2027 tam
1409 1983 1651 2039 plerumque
1686 1983 1892 2027 rationem
1931 1981 2045 2027 fuisse
2074 1997 2158 2025 non
2183 1981 2321 2025 ambi-

1290 2042 1433 2097 gitur.
1469 2041 1606 2084 Moris
1639 2053 1777 2085 autem
1811 2054 1897 2085 erat
1932 2073 1944 2096 ‚
1976 2053 2021 2084 ut
2056 2055 2180 2097 quern
2211 2038 2322 2082 ordi-

1293 2115 1387 2143 nem
1419 2099 1512 2151 (h)
1546 2100 1718 2156 rogandi
1751 2099 1912 2142 Consul
1945 2097 2068 2142 initio
2100 2096 2324 2153 Magistra-

1293 2172 1356 2200 tus
1390 2156 1617 2201 instituisset
1648 2189 1660 2210 ,
1709 2173 1806 2201 eum
1841 2170 1928 2200 toto
1962 2171 2073 2199 anno
2105 2169 2269 2199 teneret
2305 2170 2318 2196 τ

1294 2215 1397 2258 unde
1433 2230 1592 2258 novum
1626 2215 1704 2258 fuit
1736 2216 1779 2258 in
1813 2216 1866 2258 C.
1898 2214 2057 2258 Caesare
2085 2245 2098 2267 ‚
2142 2226 2187 2256 ut
2219 2227 2318 2256 cum

1294 2272 1563 2315 consuevisset
1608 2289 1630 2315 a
1674 2272 1815 2315 Crasso
1848 2271 2020 2315 initium
2059 2269 2226 2326 rogandi
2259 2268 2323 2312 fa-

1294 2346 1381 2373 cere
1409 2344 1422 2382 3
1455 2329 1539 2384 post
1570 2328 1753 2380 junctam
1786 2328 2032 2371 affinitatem
2066 2360 2078 2381 ‚
2112 2329 2319 2372 honorem

1298 2388 1408 2430 hunc
1443 2384 1692 2431 transtulerit
1727 2385 1769 2428 in
1789 2384 2058 2439 Pompeium:
2094 2384 2202 2441 quod
2223 2387 2323 2428 Sve-

1297 2446 1432 2489 tonius
1458 2445 1582 2487 tradit
1618 2461 1629 2499 3
1661 2459 1783 2501 quem
1808 2443 1945 2487 locum
1968 2442 2018 2486 sie
2047 2442 2206 2498 accipio
2233 2474 2246 2495 ‚
2277 2453 2325 2486 ut

1296 2520 1316 2547 e
1360 2501 1655 2546 Consularibus
1702 2500 1891 2546 Crassum
1926 2533 1938 2554 ‚
1987 2500 2030 2543 &
2083 2499 2326 2555 pompejum

1300 2562 1454 2617 primos
1478 2561 1569 2616 post
1593 2559 1703 2604 Coss.
1730 2559 1960 2616 designatos
1987 2590 1999 2611 ‚
2033 2570 2193 2613 rogatos
2224 2572 2327 2601 cen-

1301 2619 1404 2662 seam
1431 2635 1453 2662 a
1472 2618 1631 2662 Caesare
1652 2651 1661 2661 .
1698 2617 1870 2672 Alioqui
1897 2616 2042 2659 salium
2057 2615 2152 2660 esset
2172 2647 2185 2668 ,
2217 2613 2326 2670 quod

231 2689 323 2720 tum
350 2691 508 2731 quoque
538 2675 744 2729 scripserat
772 2677 905 2718 Varro
935 2707 948 2729 ,
999 2691 1052 2719 an
1086 2678 1251 2727 maiori·
1299 2693 1348 2721 ex
1388 2675 1554 2732 Agellio
1586 2676 1629 2719 &
1661 2676 1864 2719 Cicerone
1896 2673 2150 2730 colligitur3
2198 2672 2326 2714 nimi-

234 2735 307 2777 bus
335 2732 634 2787 magistratibus
657 2732 886 2775 absentibus
918 2764 929 2785 ,
977 2746 1098 2788 atque
1123 2735 1249 2778 etiam
1303 2750 1393 2778 rum
1437 2732 1547 2775 Coss.
1590 2733 1816 2788 designatos
1870 2733 2004 2788 primo
2037 2730 2128 2772 loco
2163 2741 2326 2783 rogatos

229 2787 514 2843 Prae'tore,jus
538 2788 615 2831 hoc
641 2787 925 2832 devolveretur
945 2790 993 2832 ad
1009 2789 1246 2834 Praefefi‘mm
1302 2791 1411 2836 fuisse
1447 2790 1693 2834 sententiam
1722 2822 1732 2831 .
1779 2792 1831 2832 In
1874 2804 1956 2845 quo
1999 2785 2186 2830 Svetonii
2233 2785 2327 2884 Iolco

2194 2858 2273 2899 exp
2293 2858 2330 2885 1-

244 2918 1250 2933 ————.-————-———————-—·——-
1304 2915 2328 2932 ——fl———u———u——a—

280 2975 343 3016 (a)
368 2975 437 3009 Cic.
468 2974 525 3009 tib.
550 2986 577 3008 ι.
606 2972 711 3017 Epist.
738 2975 780 3006 ad
810 2976 985 3007 Lentulum
1001 2998 1011 3016 ‚
1038 2974 1131 3008 &ad
1146 2977 1254 3019 ‚Qu'n-
1350 2975 1410 3015 (d)
1435 2972 1505 3007 Lib.
1527 2985 1576 3013 14·
1609 2982 1677 3012 cap.
1694 2985 1725 3013 7.

236 3033 310 3056 sum
340 3020 514 3053 Fratrem.
1350 3022 1405 3060 (ι)
1431 3018 1529 3057 ΑεεῙῙ
1570 3018 1629 3052 tib.
1653 3030 1690 3057 ¹4
1730 3026 1799 3059 cap.
1820 3023 1850 3052 8.

287 3065 347 3105 (b)
372 3066 440 3099 cic.
472 3064 565 3098 liba.
594 3065 635 3097 ad
661 3064 827 3106 Quintum
854 3067 1027 3097 Fratrem.
1351 3065 1432 3107 (f)
1458 3065 1530 3098 Cic.
1562 3074 1643 3096 orat.
1677 3072 1731 3104 pro
1769 3066 1861 3097 sere.
1893 3064 1932 3097 (9·
1967 3066 2003 3097 in
2034 3064 2121 3106 epis!-
2151 3065 2194 3098 ad
2219 3064 2330 3098 Plane.

283 3114 304 3132 ¹
333 3111 501 3153 Legitimo
525 3121 655 3153 quoque
683 3111 815 3142 Senatui
844 3132 855 3147 ,
882 3118 956 3142 curn
983 3109 1017 3141 in
1047 3110 1139 3143 Urbe
1166 3111 1256 3149 esset,
1307 3109 1401 3142 liba.
1431 3108 1509 3149 epist
1530 3120 1555 3141 1.
1589 3110 1632 3142 ad
1663 3110 1832 3152 ‚Qu-inrum
1860 3112 2034 3150 Fmrem,
2061 3111 2102 3144 (9³
2122 3108 2248 3155 epffla-
2269 3107 2331 3143 lib,

243 3156 370 3199 {emper
393 3154 576 3188 interfuisse
618 3154 741 3187 dicitur
767 3153 929 3188 Adrianus
979 3154 1066 3197 apud
1105 3157 1256 3197 Spania.
1314 3166 1339 3187 1.
1371 3155 1414 3187 ad
1441 3155 1536 3186 Lem.
1757 3188 1762 3195 Ἦ

239 3214 320 3237 oum
347 3202 382 3233 in
410 3203 486 3234 Vita
513 3201 581 3239 ejus
608 3202 711 3240 cap-8.
1360 3200 1420 3242 (g)
1448 3202 1504 3231 De
1527 3201 1643 3232 senar.
1669 3202 1760 3232 Rom.
1777 3210 1803 3232 c.
1821 3201 1858 3234 de
1872 3201 2118 3245 πάλος-[ΜΙ-

276 3247 337 3287 (e)
363 3249 500 3282 Hotom.
526 3246 564 3280 de
591 3244 736 3289 antiqu.
761 3243 820 3282 ab.
839 3255 866 3279 x·
896 3245 934 3279 de
958 3247 1200 3290 sonar.cap-·5.
1359 3247 1414 3287 (ht
1444 3247 1582 3281 Sveton.
1602 3245 1726 3289 inJuI.
1743 3246 1814 3288 ces.
1832 3256 1932 3283 car.
2043 3246 2053 3254 ‘
2224 3265 2244 3289 4

345 1871 554 1916 Ocabatur
577 1882 713 1914 autem
741 1871 910 1913 Senatus
932 1885 954 1912 a
982 1867 1125 1920 majori
1150 1882 1236 1911 ma·

362 1930 527 1986 gistratu
549 1961 561 1982 ,
593 1927 662 1984 qui
689 1927 784 1971 esset
808 1927 850 1970 in
883 1927 995 1970 Urbe
1029 1959 1042 1979 ,
1089 1940 1237 1980 nempe

223 2009 247 2034 a
273 1989 484 2033 DiG‘tatore
505 2018 519 2041 ,
551 1985 713 2042 quando
740 1985 783 2027 in
811 1999 966 2038 magno
990 1982 1239 2038 Reipublicae

222 2046 460 2091 discrimine
485 2044 736 2093 creabatur;
771 2041 834 2085 vel
867 2043 917 2085 ab
937 2057 986 2085 eo
1013 2041 1195 2084 Consule
1227 2072 1238 2094 ,

222 2120 345 2161 penes
370 2116 492 2159 quern
521 2100 643 2144 fasces
665 2100 787 2144 essent
813 2099 888 2142 illo
914 2099 1050 2142 mense
1080 2130 1090 2141 .
1123 2100 1240 2142 Con—

222 2162 372 2205 sulibus
397 2172 536 2203 autem
563 2158 793 2202 absentibus
815 2189 828 2212 ,
861 2173 883 2200 a
913 2158 1085 2200 Praetore
1115 2189 1127 2210 ,
1170 2158 1238 2213 qui

221 2218 445 2264 secundum
469 2214 701 2259 Consulem
734 2214 938 2271 potiorem
963 2215 1177 2256 obtinebat
1200 2217 1241 2257 in

221 2277 342 2319 Urbe
368 2273 505 2317 locum
545 2289 557 2325 3
601 2273 659 2315 ita
694 2283 736 2315 ut
767 2273 811 2315 in
834 2271 1029 2314 Consulis
1060 2272 1197 2315 locum
1231 2305 1243 2325 ‚

226 2349 276 2378 eo
301 2332 461 2376 absente
486 2362 498 2384 ,
529 2329 753 2373 succederet
776 2344 785 2371 :
816 2329 1042 2385 eademque
1069 2329 1244 2383 ratione,

225 2391 326 2435 dum
358 2390 473 2433 rebus
497 2386 701 2444 praeessent
730 2387 970 2431 Decemviri
997 2419 1009 2441 ,
1051 2386 1115 2430 vel
1147 2387 1246 2430 Tri-

227 2447 330 2493 buni
361 2445 560 2490 militares
580 2477 594 2500 ,
626 2445 689 2488 vel
714 2445 943 2501 Interreges
959 2477 971 2499 ,
992 2444 1055 2488 vel
1075 2446 1245 2488 Trium-

227 2506 308 2550 viri
346 2502 601 2558 Reipublicae
625 2502 912 2546 constituendae
939 2503 1053 2546 causa
1089 2503 1212 2546 creati
1235 2535 1246 2556 ,

226 2579 296 2620 per
320 2562 393 2605 hos
416 2559 556 2605 haberi
588 2560 790 2603 Senatum
810 2561 1022 2614 oport-ebat
1037 2593 1047 2602 .
1067 2561 1133 2613 (d)
1148 2562 1249 2616 Quae

229 2619 423 2674 Agellius
449 2634 499 2662 ex
529 2619 715 2660 Varrone
742 2617 880 2661 retulit
909 2650 918 2661 .
967 2617 1074 2661 Illud
1111 2618 1248 2675 quaesi-

2511 2302 2517 2374 l
