2524 3479
693 83 1082 160 „JURIS
1163 79 1674 138 crerrs.
2196 89 2264 153 63

189 168 369 225 collega.
400 163 498 219 (a)
534 160 648 208 Cum
691 164 966 217 Imperatores
1003 159 1075 204 alii
1103 172 1207 205 tem·
1261 158 1369 223 soli,
1402 159 1621 224 aliquando
1655 156 1788 223 etiam·
1816 168 2084 215 perpetuum:
2119 158 2181 204 uti
2227 163 2274 206 de

191 227 392 286 porariam
423 222 614 279 deinceps
653 218 870 264 habuerint
898 249 911 273 ‚
946 218 1028 274 post
1050 220 1210 264 exitum
1261 218 1436 260 Vitellio
1463 230 1575 261 vetus
1606 224 1818 273 lnlcrlptlo
1855 217 2043 261 testatur:
2079 218 2141 273 (g)

195 281 472 329 renovandam
489 312 500 322 .

344 397 386 441 C
445 397 485 439 A
550 394 581 437 P
640 394 684 436 U
748 394 791 436 T
881 391 1055 436 CVIII.

406 511 474 556 De
505 507 687 564 Censura
709 507 963 565 Imperatoris
978 538 988 550 .

243 629 353 671 Nter
384 625 639 680 magistratus
660 626 874 668 Romanos
908 623 1091 669 maxime
1113 640 1210 680 prze-

1316 277 1371 319 A,
1404 276 1729 320 Vl‘1ELL1US
1761 277 1808 318 L.
1832 276 1876 317 F.
1912 275 2278 319 IMPERATOR

1608 334 1732 379 COS.
1766 332 1923 376 PERP.

1431 419 1471 462 C
1533 419 1568 460 A
1634 418 1663 460 P
1723 420 1768 461 U
1829 419 1873 460 T
1989 419 2085 463 CX.

1469 477 1535 521 De
1566 476 1854 530 Proconsulari
1879 478 2047 533 Imperio
2068 510 2078 523 .

1347 561 1627 607 Roconsulare
1680 575 1800 626 vero·
1837 563 2068 618 Imperium
2095 567 2121 622 '‚
2175 564 2284 623 quod

1375 621 1539 665 frenum
1578 631 1663 665 erat
1687 622 1996 676 provinciarum
2023 656 2037 678 ‚
2071 623 2192 669 semel
2219 640 2289 667 ar-

273 684 448 728 cellebat
486 683 681 728 censura:
717 681 866 738 quippe
903 697 991 736 quae
1026 685 1210 725 moribus
1232 696 1237 739 1
1260 691 1424 736 reptum
1453 711 1465 732 ,
1508 693 1723 732 nunquam
1772 677 2015 723 dimiserunt
2051 683 2284 738 Imperato-

189 741 435 786 immineret
457 773 470 794 ‚
503 754 622 798 atque
656 739 698 781 in
724 740 828 783 faRa
858 738 1013 782 civium
1036 772 1047 792 ,
1080 741 1119 783 ὃ(
1150 740 1207 782 vi-

190 813 275 844 tam
304 800 675 843 animadverteret.
706 798 789 849 (b)
820 798 941 841 Hanc
961 797 1094 849 Julius
1120 799 1210 840 Cae-

188 858 246 901 sar
271 857 341 900 fibi
371 857 548 899 delatam
574 887 585 908 ‚
616 853 895 909 praefefilurarn
933 870 1100 898 morum
1140 872 1207 910 ap-

185 915 339 971 pellare
380 913 531 956 maluit
559 944 571 967 ‚
603 912 681 954 five
722 925 764 955 ut
793 909 992 956 vetustum
1028 913 1210 956 nominis

188 972 330 1014 odium
360 971 553 1026 effugeret
575 1002 587 1023 ,
617 969 693 1012 sive
715 969 810 1025 quia
835 971 1029 1014 Censoris
1055 987 1209 1014 nomen

187 1027 405 1084 Pompeius
441 1028 737 1071 detrectaverat
769 1058 779 1069 .
821 1028 1007 1070 Eandem
1045 1045 1207 1071 morum

187 1086 470 1142 praese-&uram
511 1085 580 1127 sibi
610 1083 796 1134 adjunxit
821 1085 1052 1139 Augustus:
1090 1099 1131 1128 ut
1164 1086 1209 1128 sr-

187 1144 272 1186 cuti
294 1144 575 1186 Tribunatum
605 1141 730 1195 plebis
754 1142 943 1196 gerebat,
965 1158 1039 1185 nec
1055 1144 1212 1186 Tribu-

186 1216 262 1244 nus
292 1199 418 1255 plebis
451 1200 688 1250 dicebatur;
722 1199 777 1241 ita
804 1198 953 1241 sufflata
987 1200 1210 1243 formidine

1232 964 1238 993 l

1260 754 1355 782 res.
1391 740 1639 792 Quanquam
1682 736 1796 779 enim
1838 736 1881 779 in
1925 738 2157 792 provincias
2191 741 2288 783 Pro-

1260 796 1442 840 consules
1481 793 1756 837 mia-ebantur
1778 825 1789 847 ,
1819 794 1863 837 ὃς
1897 795 2170 852 Propra’tores
2196 830 2207 850 ‚
2240 798 2286 842 δε

1261 854 1441 897 Prselides
1477 868 1490 905 3
1550 852 1743 907 Princeps
1802 862 1940 896 tamen
1996 855 2285 905 Proconsulare

1233 913 1486 968 {imperium
1523 910 1742 952 obtinebat.
1776 907 1818 952 in
1848 911 2080 966 provincias
2118 913 2286 957 univer-

1262 972 1350 1022 sas,
1394 968 1501 1025 quod
1544 967 1607 1009 illi
1642 966 1984 1012 administrabant
2029 971 2071 1012 in
2117 971 2284 1028 lingulis

1260 1044 1399 1072 earum
1431 1058 1439 1068 .
1473 1027 1613 1081 anue
1640 1025 1779 1078 imago
1817 1037 1903 1068 erat
1931 1027 2136 1081 potestatis
2173 1029 2286 1074 illius

1261 1084 1452 1129 militaris
1478 1115 1489 1136 ‚
1525 1097 1612 1138 quae
1647 1080 1896 1125 Consulibus
1927 1084 1975 1125 ad
2004 1084 2157 1129 bellum
2193 1102 2290 1142 pro-

1261 1141 1535 1188 ficiscentibus
1574 1142 1663 1191 lege
1697 1139 1858 1182 curiata
1899 1140 2189 1197 tribuebatur3
2221 1145 2286 1197 (h)

1260 1216 1383 1255 quam
1403 1199 1522 1259 longe
1543 1197 1775 1258 pleniorem
1794 1197 2037 1259 impetravit
2063 1201 2146 1244 Cn.
2164 1203 2285 1245 Pom-

188 1258 359 1302 censorii
390 1254 823 1306 nominis‚censuram
845 1269 1075 1298 exerceret.
1099 1260 1207 1310 Qua·
1263 1272 1370 1311 peJus
1397 1287 1408 1305 ‚
1447 1269 1560 1304 cujus
1593 1254 1770 1308 imperio
1803 1268 1959 1298 clrcum
1992 1272 2082 1300 oras
2126 1258 2286 1302 mariti-

188 1316 377 1358 mobrem
407 1314 516 1357 sexto
553 1311 783 1354 Consulatu
804 1311 1079 1366 praefe&uram
1122 1330 1210 1356 mo-
1262 1328 1347 1355 mas
1376 1315 1576 1355 Romanae
1606 1308 1750 1352 ornnes
1786 1310 2007 1362 provinciae
2041 1313 2146 1356 olim
2200 1315 2289 1359 sub-

186 1389 278 1415 rum
307 1371 493 1426 accepit,
527 1371 605 1421 (c)
637 1368 799 1424 egitque
827 1369 990 1412 censum
1018 1383 1104 1423 ter,
1130 1371 1210 1413 fine

188 1430 345 1472 honore
386 1427 590 1471 censurae.
632 1427 721 1477 (d)
758 1427 993 1483 Antiquum
1020 1427 1212 1471 Censoris

187 1501 340 1530 munus
382 1500 469 1540 non
497 1485 550 1527 est
581 1483 729 1526 veritus
771 1484 904 1539 palam
935 1484 1129 1529 assumere
1155 1486 1212 1537 (e)

189 1544 413 1596 Claudius,
445 1543 487 1586 &
517 1536 818 1595 Domitianus,
852 1542 921 1598 qui
948 1544 1107 1586 Censor
1141 1558 1212 1599 ap-

192 1600 369 1659 pellatur
396 1600 440 1644 in
468 1599 588 1644 fastis
613 1599 891 1654 Capitolinis.
926 1598 1004 1654 (s)

363 1715 404 1759 C
464 1716 504 1758 A
567 1714 597 1757 P
657 1714 701 1756 U
764 1715 808 1757 T
936 1717 1058 1760 CIX.

311 1832 374 1875 De
402 1829 693 1884 Consulatibus
713 1831 987 1886 Imperatoris.
1015 1831 1097 1884 (*)

291 1944 540 1991 Xtovlleb'ant
590 1960 687 1988 vero
741 1945 927 1990 maxime
985 1944 1217 2001 potentiam

320 2004 431 2046 suam
466 2004 738 2057 Imperatores
771 2003 997 2059 frequentia
1018 2003 1219 2046 Consula-

199 2072 317 2102 tuum
346 2091 356 2108 ,
387 2075 488 2114 quos
532 2061 595 2102 vel
628 2075 720 2102 cum
765 2060 906 2115 aliquo
949 2076 997 2103 ex
1058 2059 1220 2103 familia

198 2117 409 2160 Caesarum
441 2147 452 2169 ‚
487 2115 550 2159 vel
586 2131 680 2159 cum
721 2117 919 2171 praeclarae
956 2117 1186 2160 nobilitatis
1209 2149 1220 2171 ‚

201 2185 273 2217 aut
322 2175 490 2217 summae
545 2173 799 2216 aneton-iratis
849 2175 938 2218 viro
983 2176 1178 2230 gerebant
1211 2207 1221 2218 .

206 2232 460 2275 Consulatus
491 2230 606 2274 enim
641 2231 767 2274 etiam
794 2263 806 2284 ‚
839 2232 997 2275 devifila
1024 2219 1251 2292 Republi-l

1259 1383 1378 1414 erant
1404 1401 1412 1411 .
1447 1371 1720 1422 Imperatores
1746 1366 1874 1419 igitur
1898 1367 2031 1412 statim
2062 1383 2175 1414 extra
2216 1387 2288 1425 po-

1243 1428 1460 1471 moer-ium
1506 1436 1701 1468 exeuntes
1743 1425 2025 1478 proconsulare
2064 1427 2289 1483 imperium

1261 1484 1544 1540 explicabant:
1580 1498 1661 1538 quo
1688 1481 1800 1524 velut
1826 1481 1869 1524 in
1897 1496 2090 1539 perpetuo
2127 1487 2291 1531 Consu-

1264 1544 1347 1586 latu
1383 1540 1693 1597 provinciarum
1726 1541 1920 1584 omnium
1960 1542 2287 1599 administratio,

1262 1602 1306 1645 &
1340 1601 1396 1643 rei
1436 1598 1626 1641 militaris
1660 1596 1875 1640 arbitrium
1912 1629 1924 1651 ‚
1957 1599 2000 1641 ὃ(
2035 1600 2130 1644 vitae
2162 1602 2292 1647 necis-

1264 1675 1340 1716 que
1368 1657 1536 1714 potestas
1563 1654 2012 1712 comprehendebatur.

1439 1772 1479 1816 C
1539 1773 1578 1815 Α
1642 1771 1671 1814 P
1730 1771 1775 1812 U
1837 1771 1880 1812 T
1987 1771 2109 1816 CXI.

1546 1860 1612 1903 De
1639 1856 1860 1912 Refercndi
1881 1857 2006 1911 Jure-

1271 1945 1576 2069 QUoniam
1615 1961 1710 1988 vero
1739 1944 1865 1988 libera
1901 1938 2131 2001 Republica
2163 1947 2290 1991 Sena-

1418 2015 1506 2045 tum
1532 2002 1702 2055 habere,
1735 2002 1782 2044 ad
1807 2017 1984 2057 eumque
2011 2001 2184 2057 referre,
2213 2005 2292 2048 five

1426 2060 1546 2102 illum
1573 2059 1779 2103 consulere
1807 2074 1894 2102 non
1923 2059 2173 2112 licebat‚nisi
2201 2077 2294 2105 ma-

1270 2116 1497 2174 gistratibus
1532 2116 1751 2168 majoribus
1779 2149 1790 2169 ,
1833 2115 1894 2167 jus
1925 2115 2004 2160 hoc
2031 2148 2043 2170 ,
2091 2128 2290 2174 tanquam

1271 2176 1342 2219 uni
1378 2190 1426 2218 ex
1464 2174 1546 2218 illis
1591 2173 1893 2230 magistratibus
1921 2206 1934 2228 ‚
1966 2174 2197 2218 concessum
2230 2187 2296 2219 et-

1272 2233 1354 2277 iam
1385 2231 1465 2275 fuit
1491 2231 1811 2287 Imperatoribus
1833 2263 1842 2274 .
1875 2235 2014 2287 Atque
2046 2232 2170 2275 initio
2195 2233 2295 2288 qui-

205 2305 278 2341 ca,
310 2288 500 2345 quamvis
538 2287 673 2330 fraffis
713 2287 794 2340 ejus
839 2290 1094 2346 magistratus
1128 2290 1362 2334 viri-idem
1390 2291 1614 2333 admodum
1645 2305 1785 2344 parce:
1822 2289 2008 2345 Augusto
2043 2289 2159 2334 enim
2200 2302 2295 2335 tan·

208 2347 312 2399 bus,
349 2357 489 2389 vertex
522 2345 770 2399 dignitatum
798 2346 877 2394 fuit
898 2379 910 2400 ‚
942 2348 983 2392 ὅ(
1016 2347 1222 2391 honorum
1245 2338 1252 2401 ξ
1273 2361 1362 2393 tum
1406 2347 1524 2391 licuit
1567 2363 1649 2391 una
1691 2347 1739 2391 de
1789 2363 1830 2391 re
1873 2347 2123 2403 interrogare
2164 2349 2292 2393 Sena-

207 2403 439 2459 fastigium.
473 2404 596 2446 Unde
626 2402 858 2458 Principes,
882 2404 949 2460 qui
975 2406 1115 2460 gloriae
1138 2407 1223 2449 avi·
1275 2418 1361 2448 tum
1391 2421 1399 2445 :
1446 2405 1553 2460 quod
1585 2404 1827 2449 relationem
1873 2404 2005 2448 facere
2038 2405 2248 2450 dicebatur
2280 2440 2290 2451 .

193 2462 339 2506 “zdiores
380 2472 496 2504 erant
521 2493 532 2515 ‚
580 2459 861 2516 honoremque
901 2475 1063 2505 tantum
1102 2462 1224 2514 subje·
1273 2461 1502 2507 Extensum
1536 2462 1677 2505 deinde
1705 2461 1781 2505 fuit
1817 2461 1895 2505 hoc
1925 2461 1986 2513 jus
2007 2493 2019 2515 ‚
2052 2476 2097 2506 ut
2129 2464 2174 2507 de
2201 2464 2295 2519 plu-

210 2518 285 2562 etis
324 2518 399 2562 suis
438 2518 708 2573 invidebant,
741 2518 997 2563 consulatum
1033 2522 1227 2575 gerebant
1275 2521 1386 2565 ribus
1400 2520 1515 2563 rebus
1542 2519 1792 2563 relationem
1821 2519 1951 2564 facere
1971 2518 2138 2565 liceret:
2174 2537 2292 2567 nem-

2183 2595 2232 2636 pe

2183 2658 2286 2668 ———.

213 2653 319 2663 -.

536 2653 640 2663 ᾐ-

1073 2657 1226 2665 —-—-—
1595 2655 1643 2663 —un

255 2688 316 2728 (a)
342 2691 480 2721 Sveton·
499 2689 533 2720 in
550 2692 638 2729 Aug.
658 2700 682 2721 c.
709 2700 759 2730 27.
780 2687 872 2729 Fasti
888 2690 1070 2729 consulares
1085 2712 1093 2721 .
1277 2689 1316 2721 ad
1333 2688 1510 2723 Censuram
1527 2711 1536 2727 7
1558 2695 1655 2730 caput
1672 2688 1839 2722 decimum
1854 2689 1896 2723 ad
1911 2690 2199 2731 proconsulatum,
2219 2702 2275 2725 ca-

257 2732 316 2772 (b)
342 2733 412 2766 cie.
443 2732 502 2766 tib.
525 2732 667 2777 9.„epx'J‘l.
696 2743 745 2773 ις.
759 2734 859 2768 Dion.
887 2733 947 2769 tib.
965 2745 1020 2775 43·
1040 2739 1176 2770 Sveton.
1194 2734 1230 2767 in
1280 2733 1562 2778 purundecimum
1578 2733 1618 2766 ad
1635 2733 1684 2771 jus
1699 2733 1864 2767 referendi
1880 2757 1892 2772 .,
1919 2743 2018 2778 caput
2035 2734 2204 2770 decimum
2221 2746 2291 2771 ter-

216 2778 295 2819 Jul.
313 2789 338 2811 c.
355 2781 407 2819 '7⁶-
559 2779 584 2796 ⁴*
789 2779 793 2783 ⁴
1279 2781 1363 2813 tium
1382 2778 1422 2811 ad
1444 2779 1652 2813 senatoriam
1683 2780 1904 2821 Imperatoris
1930 2781 2135 2821 dignitatem
2153 2805 2163 2821 ‚
2191 2789 2291 2826 caput

268 2824 319 2862 (ε)
346 2820 441 2863 Fasti
467 2824 671 2865 tonsularee.
1279 2825 1510 2858 duodecimum
1542 2824 1583 2857 ad
1619 2825 1724 2857 Patris
1751 2826 1865 2867 patriae
1896 2822 2159 2869 appellationem
2192 2828 2294 2869 perti-

269 2867 328 2905 (ά)
356 2869 491 2900 Sveton.
508 2871 542 2902 in
563 2874 649 2911 Aug.
667 2880 688 2901 c.
707 2880 763 2912 27.
1282 2877 1336 2903 net
1354 2891 1364 2907 ,
1393 2870 1507 2902 omissa
1534 2868 1707 2903 'mentione
1733 2870 1923 2904 consulatus
1952 2872 2194 2914 imperatorum
2215 2895 2225 2912 ‚
2252 2873 2294 2906 de

271 2912 330 2949 (e)
355 2913 543 2947 Sveton.in
557 2916 670 2947 Claud·
691 2927 714 2948 c.
739 2918 789 2948 16.
1281 2926 1345 2958 quo
1376 2914 1437 2947 hoc
1473 2916 1547 2947 loco
1575 2915 1683 2958 agitur
1712 2939 1719 2947 .
1753 2916 1888 2949 Easdem
1918 2914 2154 2960 imperatorias
2189 2918 2298 2962 digni·

272 2955 334 2994 (f)
360 2957 493 2990 Sveton.
510 2960 545 2991 in
561 2960 689 2991 Domit.
707 2972 731 2992 c.
750 2971 800 3001 14.
1283 2968 1369 2994 tates
1397 2960 1522 3000 plenius
1554 2960 1760 2993 illustrarunt
1789 2963 1944 2996 Ezechiel
1981 2962 2199 3005 Spanhemius
2215 2987 2224 3000 ,
2253 2964 2294 2997 de

268 2999 326 3039 U)
350 3003 398 3032 De
420 3002 520 3035 variis
555 3014 577 3035 n
593 3005 746 3038 unerlbus
776 3006 991 3048 Imperatoris
1027 3006 1154 3052 plenius
1180 3015 1234 3036 au-
1284 3005 1396 3045 usu&
1420 3003 1606 3047 p2aefs3rmtia
1623 3008 1861 3046 numtsmarum
1881 3031 1892 3048 ,
1921 3010 1951 3040 δι
1980 3002 2174 3041 augustinus
2195 3013 2299 3042 Cam·

227 3041 301 3077 &or
317 3044 384 3086 egit
403 3045 450 3095 in·
465 3046 551 3096 libnro
568 3049 718 3092 singulari
738 3052 774 3083 de
792 3053 937 3085 Romano
951 3055 1093 3095 Imperio
1107 3073 1117 3092 ,
1145 3049 1236 3088 cujus
1286 3051 1400 3093 planus
1421 3051 1616 3083 ‘Anteceffor
1647 3052 1860 3085 Taurinensxs
1878 3076 1889 3093 ,
1918 3054 1956 3086 de
1983 3052 2089 3096 afficto
2104 3054 2142 3087 ὼ·
2154 3052 2291 3098 potcsta-

224 3096 328 3124 cauut
369 3089 544 3131 (ερῐιητιιιυ
576 3092 613 3124 ad
631 3095 868 3129 Pontificatum
900 3099 1085 3132 maximum
1101 3119 1112 3138 ,
1140 3104 1238 3137 caput
1287 3107 1318 3131 te
1333 3095 1586 3138 magfflratuum
1605 3099 1820 3130 Romanorum
1840 3120 1849 3129 ·

233 3132 392 3168 octavum
424 3132 465 3166 ad
478 3137 709 3174 Tribuniciam
741 3143 964 3185 potestatem,
989 3149 1088 3188 caput
1112 3151 1238 3176 nonum
1334 3141 1387 3186 [g]
1417 3142 1518 3187 Apud
1532 3145 1712 3177 Gruterum
1728 3163 1738 3174 ·
1785 3142 1844 3184 (h)
1870 3143 1938 3180 Cic·
1958 3145 1995 3178 in
2011 3144 2147 3182 Rullum
2162 3163 2174 3176 .
