2596 3479
808 77 1805 177 Juiziscivims.
2284 98 2354 163 89

220 185 265 229 &
286 178 495 227 ariolando
520 188 764 236 argumenta
788 179 942 222 ducunt
975 209 987 230 ‚
1020 177 1142 234 inque
1175 177 1261 220 seri-
1311 173 1347 215 sa
1367 172 1453 234 *jam
1487 207 1498 227 ,
1531 172 1771 229 exclusaque
1796 187 1816 215 e
1844 183 2012 224 corpore.
2040 168 2134 220 ,iuris
2169 184 2355 216 veterum

221 240 362 285 tentiis
400 236 576 283 ferendis
597 238 720 280 'haud
750 236 907 291 semper
935 236 1063 279 solent
1084 235 1263 279 au5tori-
1313 232 1493 287 responsa
1520 231 1803 275 consultorum
1832 261 1841 271 .
1877 230 1971 284 Qua
1996 243 2115 282 opera
2144 259 2156 280 ,
2187 230 2229 273 <Sc
2253 229 2360 281 judi-

219 309 353 341 tatum
391 328 402 351 ‚
445 308 566 352 atque
604 294 936 340 testimoniorum
976 293 1122 338 habere
1157 294 1264 337 dele·
1312 304 1375 331 ces
1406 289 1710 333 difficultatibus
1737 289 1962 331 liberarunt
1983 317 1995 338 ‚
2027 285 2071 328 δί·-
2095 300 2182 329 reos
2208 303 2229 328 a
2256 287 2362 337 judi-

219 355 332 399 Εἴπω
364 386 373 396 .
425 355 539 398 Hinc
577 368 662 396 non
700 368 789 396 raro
814 351 1069 395 stomachum
1094 351 1266 404 Cujacio
1313 362 1408 390 cum
1435 345 1638 390 fraudibus
1664 348 1901 401 eripuerunt
1924 376 1932 386 .
1969 343 2124 386 Praestat
2151 344 2265 386 enim
2293 361 2364 398 pa-

222 424 397 456 movent
418 442 430 466 ‚
463 423 509 455 ut
535 412 630 466 saepe
659 410 701 452 in
725 409 817 454 illos
839 410 1102 453 excandescat
1131 409 1268 464 ‚plu-
1315 419 1404 447 rere
1433 416 1596 447 mortuo
1615 435 1627 458 ‚
1661 419 1786 460 quam
1817 402 2002 446 viventi:
2038 417 2084 444 ac
2112 400 2235 445 tutius
2260 400 2368 452 judi-

221 469 331 513 ribus
356 469 521 525 quidem
550 470 593 511 in
618 469 721 511 locis
753 501 764 522 ‚
816 467 1013 523 praecipue
1046 468 1087 510 in
1116 467 1266 510 librum
1317 477 1380 505 ces
1404 462 1690 517 obtemperant
1717 460 1954 504 auuoritati
1978 460 2206 514 sapientum
2229 491 2241 513 ‚
2274 475 2362 515 quae

219 526 418 583 quintum
443 526 724 580 responsorum
750 526 968 580 Papiniani
991 541 1000 566 τ
1034 527 1121 577 (a)
1154 527 1266 577 Vim,
1314 519 1593 562 affettionibus
1617 520 1670 562 est
1694 533 1836 572 expers
1864 535 1878 557 .·
1924 532 2049 573 quarn
2076 517 2244 572 propriis
2270 517 2362 562 ani-

223 584 387 641 inquit,
403 585 520 635 hujus
544 583 708 640 responfi
730 616 743 639 ,
763 584 818 627 (9³
837 581 1064 639 potestatem
1083 600 1158 626 non
1179 584 1270 625 bene
1318 578 1374 620 mi
1401 576 1597 630 sensibuS,
1629 578 1698 632 qui
1723 575 1849 619 studio
1874 575 2136 630 personarum
2152 607 2164 628 ,
2197 575 2239 617 δι’.
2266 591 2364 619 cau-

223 643 448 699 percipiunt
475 643 702 699 interpretes
733 674 742 684 .
787 642 908 686 Inani
922 641 1096 694 sermone
1121 642 1269 695 impru-
1318 635 1448 678 sarum
1477 667 1489 688 ,
1541 634 1604 678 Vel
1630 635 1726 678 odio
1759 665 1772 687 ‚
1822 645 1892 677 aut
1924 635 2054 689 gratia
2082 649 2165 676 non
2198 649 2287 676 raro
2313 633 2357 677 in

222 701 362 744 dentia
391 702 686 744 mamm-‚Sunt
712 698 887 753 verbosi,
907 698 963 743 ἴθ’
982 700 1152 754 prolixi,
1169 715 1272 741 more
1317 692 1500 736 fraudem
1527 692 1776 736 inducuntur
1808 724 1816 733 .
1848 694 1940 743 (c)
1966 693 2102 747 Quam
2132 691 2198 734 hic
2225 691 2358 735 inter-

156 765 171 779 *
217 757 316 812 stw,
337 771 380 801 ut
397 758 524 812 solent
540 760 583 800 in
607 774 648 800 re
667 756 786 811 futili
810 754 880 812 effe
893 758 1092 809 multi-,772
1111 756 1273 812 difficili
1319 751 1495 806 pretibus
1520 750 1681 794 laudem
1708 750 1894 793 Alciatus
1927 783 1938 802 ,
1972 765 2045 805 pro
2072 751 2139 792 sua
2167 749 2360 805 ingenui-

224 816 360 868 mum
382 816 424 858 in
436 815 618 872 angustia
642 813 800 871 diffufi.
827 817 899 858 Sed
926 815 1010 858 haee
1037 815 1139 858 mihi
1156 810 1270 857 tanti
1319 821 1401 852 tate
1439 840 1451 862 ‚
1501 810 1689 865 quamvis
1721 809 1876 863 primus
1899 807 1949 850 ab
1974 822 2117 850 eorum
2146 806 2210 849 via
2235 807 2359 850 defle-

221 887 312 917 non
340 874 452 917 sunt:
488 887 533 916 ut
560 874 586 916 si
610 889 764 916 errores
786 873 1009 926 damnem3
1040 873 1190 915 Bartoli
1215 884 1273 914 ta·
1318 868 1422 910 xerit
1443 898 1455 919 ‚
1487 867 1663 910 minime
1694 866 1909 921 denegavit
1928 896 1938 908 .
1973 864 2254 920 Quamobrem
2291 880 2363 908 ne-

221 931 385 983 mem&
404 931 565 974 suorum
589 931 835 984 dominam,
857 931 1156 988 ingeniumque
1183 930 1273 972 lon·
1295 957 1299 986 ἱ
1318 939 1394 980 que
1420 925 1632 968 Bartolutn
1657 940 1753 968 curn
1779 924 1856 967 suis
1877 923 1995 967 omni
2019 937 2155 966 errore
2181 921 2365 966 absolve-

226 1002 277 1043 ge
298 988 426 1045 magis
451 1005 535 1033 non
561 989 888 1045 admirer,quam
913 988 1005 1033 caeci
1032 989 1197 1044 quidam
1225 987 1274 1031 il-
1295 989 1300 1029 ἑ
1320 983 1397 1024 rirn
1414 1015 1425 1036 ‚
1461 982 1670 1039 ut·vulgus
1697 981 2047 1038 pragmaticorum
2079 980 2175 1023 solet
2193 996 2206 1020 .·
2230 995 2361 1036 neque

225 1045 364 1090 lorum
393 1045 640 1090 laudatores:
664 1048 733 1103 qui
750 1080 761 1097 ,
785 1060 828 1090 ut
854 1048 1026 1102 probent
1051 1046 1273 1101 simplicio-
1295 1033 1300 1125 i
1320 1040 1493 1084 maximi
1516 1039 1675 1094 ingenii
1698 1073 1709 1093 ,
1733 1040 1961 1095 summique
1988 1039 2173 1082 beneficii
2198 1038 2361 1081 laudem

223 1103 338 1147 ribus
361 1104 514 1149 Bartoli
538 1105 572 1147 se
585 1104 735 1148 trivisse
752 1104 874 1147 libros
890 1137 901 1158 ,
934 1121 1033 1161 quos
1057 1119 1271 1159 nunquam
1294 1097 1374 1162 3eis
1399 1098 1669 1151 detraxerim3
1704 1114 1832 1154 neque
1849 1098 2044 1140 imitabor
2059 1095 2234 1139 eruditos
2250 1096 2360 1149 illos,

229 1161 402 1205 sumsere
426 1161 471 1205 in
497 1177 668 1215 manus,
702 1178 772 1217 pro
797 1162 966 1206 illorum
991 1162 1192 1205 erroribus
1213 1160 1272 1204 fa-
1317 1155 1385 1211 qui
1411 1171 1506 1197 cum
1534 1155 1605 1210 ipsi
1631 1172 1719 1198 raro
1747 1156 1916 1199 meliora
1944 1156 2153 1210 prael'tent3
2174 1154 2357 1196 aliorum

226 1234 298 1263 ma
324 1232 486 1262 tantum
510 1252 522 1272 ,
555 1220 597 1262 &
622 1220 848 1262 inconsulta
873 1219 1109 1263 credulitate
1134 1219 1267 1271 dusti,
1320 1212 1528 1255 benefatta
1564 1215 1616 1255 ob
1641 1213 1849 1269 quodlibet
1874 1225 2086 1267 peccatum
2111 1211 2363 1254 obliviscun-

228 1277 391 1321 ratione
422 1277 576 1332 prorsus
602 1277 716 1320 nulla
739 1310 750 1328 ‚
785 1278 845 1320 sed
871 1293 939 1320 ore
966 1289 1129 1320 tanturn
1163 1307 1174 1327 ‚
1225 1292 1271 1319 ac
1318 1283 1414 1312 tur·
1450 1271 1585 1313 Natu-⁹
1608 1271 1660 1312 est
1684 1270 1868 1313 Bartolus
1894 1272 1935 1312 in
1962 1269 2138 1314 Umbria
2164 1284 2212 1311 ex
2240 1270 2362 1323 oppi-

226 1335 365 1378 fronte
388 1335 590 1378 dimicant
611 1366 623 1387 ‚
655 1334 762 1390 quasi
798 1349 868 1388 pro
891 1333 970 1376 aris
1004 1366 1016 1386 ‚
1061 1333 1105 1376 &
1129 1331 1230 1375 focis
1260 1365 1269 1374 .
1317 1326 1367 1369 do
1389 1358 1400 1379 ‚
1433 1327 1540 1382 quod
1562 1326 1665 1370 olim
1692 1327 1884 1370 Setinum
1909 1326 2188 1380 appellabatur
2205 1357 2216 1378 ,
2249 1341 2359 1371 nunc

226 1394 322 1436 Nec
348 1394 484 1435 minus
507 1404 647 1434 tamen
667 1390 955 1435 eruditioribus
977 1390 1270 1446 interpretibus
1317 1383 1622 1427 Saxoferratum
1648 1385 2082 1427 annoMCCCXIIl·
2105 1384 2266 1426 Patrem
2290 1383 2362 1425 ha-

224 1450 444 1506 indignor:
480 1450 549 1506 qui
574 1465 669 1492 cum
695 1467 718 1492 a
744 1448 910 1493 Bartolo
935 1481 948 1503 ,
982 1449 1195 1504 scholaque
1222 1448 1271 1491 il-
1319 1441 1405 1485 buit
1431 1443 1692 1486 Franciscum
1723 1441 2034 1486 Bonaccursium
2066 1458 2074 1482 :
2110 1440 2208 1483 falso
2243 1442 2360 1484 enim

223 1506 301 1551 lius
339 1507 470 1551 multa
503 1507 718 1551 didicerint
753 1523 765 1562 3
797 1509 882 1550 ubi
926 1519 1071 1551 tamen
1104 1507 1269 1563 aliquod
1318 1503 1367 1541 ab
1392 1499 1592 1555 aliquibus
1617 1500 1775 1544 incerto
1802 1513 1912 1556 patre
1928 1512 2043 1542 natus
2059 1500 2252 1542 traditur.
2285 1499 2364 1542 Fe-

183 1586 185 1588 ·
224 1565 309 1617 ejus
340 1578 550 1617 peccatum
576 1565 911 1609 ammadvertunt
936 1597 948 1619 ‚
991 1564 1168 1609 desistere
1202 1579 1272 1608 ne-
1319 1556 1425 1600 fellit
1449 1573 1516 1601 eos
1553 1591 1565 1612 ,
1616 1559 1724 1615 quod
1762 1559 1894 1613 prima
1920 1557 2132 1600 literarum
2158 1556 2365 1600 elementa

226 1623 361 1667 sciunt
388 1640 410 1666 a
434 1623 633 1665 conviciis
665 1640 674 1665 :
727 1624 835 1666 inter
871 1639 971 1675 quos
1011 1636 1156 1678 praeter
1190 1621 1274 1665 Bu-
1319 1616 1504 1659 Bartolus
1535 1616 1774 1660 addidicerit
1798 1634 1820 1659 a
1845 1617 1964 1660 Petro
1989 1616 2195 1658 Minorita
2225 1646 2237 1668 ‚
2289 1614 2365 1670 qui

227 1681 386 1733 daeum,
419 1682 688 1734 Duarenum,
721 1681 899 1737 aliosque
914 1681 1073 1735 plures,
1106 1682 1269 1724 Govea·
1322 1674 1509 1717 Venetiis
1543 1674 1608 1730 pie
1636 1677 1804 1719 vacabat
1826 1673 2015 1730 expositis
2043 1672 2267 1715 infantibus
2300 1675 2366 1714 in-

231 1754 307 1781 nus
344 1738 542 1794 praecipue
579 1755 663 1782 non
687 1739 883 1782 erubescit
909 1739 1123 1783 Bartolum
1156 1739 1269 1792 peffi-
1319 1731 1526 1775 stituendis
1552 1764 1561 1774 .
1595 1732 1677 1775 Hic
1709 1749 1822 1776 error
1853 1733 1958 1787 apud
1983 1730 2144 1787 aliquos
2171 1731 2276 1773 hanc
2304 1741 2363 1772 te-

230 1812 347 1840 mum
375 1795 470 1847 juris
496 1796 760 1851 interpretem
784 1797 988 1852 appellare
1016 1829 1027 1849 ‚
1076 1795 1269 1839 miratur-
1320 1805 1430 1833 mere
1457 1789 1622 1833 Bartolo
1650 1804 1792 1833 notam
1819 1789 1993 1845 impegit
2018 1821 2026 1831 .
2062 1792 2236 1832 Annum
2261 1802 2366 1830 non-

229 1869 308 1909 que
338 1853 455 1897 illum
484 1856 532 1896 ab
560 1855 610 1897 iis
628 1853 805 1908 laudari,
838 1854 1032 1910 quosipse
1048 1855 1271 1898 Goveanug
1319 1848 1417 1891 dum
1442 1850 1572 1891 XHI.
1596 1849 1765 1904 egressus
1790 1848 1838 1891 ad
1863 1847 1923 1899 jus
1948 1846 2070 1890 Civile
2098 1847 2132 1890 se
2160 1846 2226 1890 sub
2250 1847 2363 1889 (ΖΜΟ

226 1911 370 1955 *laudat
391 1943 398 1952 .
431 1913 495 1963 (b)
517 1912 618 1966 Quis
644 1929 738 1955 vero
763 1911 904 1955 tulerit
925 1912 1017 1955 illos
1038 1944 1050 1965 ,
1083 1912 1153 1968 qui
1176 1927 1270 1954 cum
1321 1919 1562 1960 praeceptore
1600 1937 1613 1959 a
1665 1907 1874 1962 posteaque
1900 1905 1967 1948 sub
1991 1905 2143 1958 JaCObO
2168 1903 2361 1953 Rusti&-

234 1969 392 2024 prorsus
413 1968 769 2023 jurisprudentiam
796 1970 1155 2025 ignoraverint,ac
1176 1981 1266 2011 tan·
1320 1963 1378 2006 rio
1400 1994 1411 2015 ‚
1444 1964 1488 2005 ἃ
1521 1965 1700 2007 Reinero
1724 1963 1902 2007 contulit
1930 1994 1942 2015 ‚
1998 1963 2133 2018 suique
2165 1976 2362 2016 magnam

234 2037 325 2068 tum
349 2026 569 2069 eruditioni
595 2028 861 2082 vacaverint,
893 2027 936 2070 ἃ
960 2026 1271 2070 humanioribus
1317 2020 1647 2075 expeuationem
1666 2022 1794 2064 acutis
1814 2021 2153 2075 disputationibus
2179 2019 2219 2061 in
2248 2017 2363 2061 scho-

238 2083 399 2136 literi33
431 2082 509 2125 hoc
534 2083 608 2126 sese
634 2097 771 2127 tamen
796 2083 1272 2139 veterisjurisprudeutiae
1321 2078 1367 2120 ΗΞ
1399 2078 1598 2122 excitavit
1623 2110 1631 2120 ·
1676 2081 1788 2122 Cum
1821 2078 1996 2121 Tuderti
2023 2075 2212 2120 alsedlffct
2236 2108 2248 2127 a
2296 2075 2366 2118 de*
2416 2082 2419 2085 ’

230 2139 414 2183 vindices
439 2141 682 2195 profitentur
702 2158 714 2194 3
734 2142 840 2198 quod
866 2141 990 2185 sciant
1012 2141 1055 2185 ἃ
1081 2141 1150 2197 ipsi
1171 2157 1269 2197 quo·
1320 2135 1410 2178 inde
1437 2136 1530 2179 Pisis
1561 2168 1573 2189 ‚
1624 2136 1692 2180 ubi
1729 2136 1969 2192 capitalibus
2006 2135 2129 2178 causis
2155 2132 2314 2190 praefuit
2347 2163 2360 2186 ‚

233 2212 311 2255 que
334 2198 500 2241 Bartolo
531 2230 543 2252 ‚
585 2198 744 2254 ejusque
768 2198 973 2255 discipulis
1000 2198 1239 2242 maledicere
1261 2231 1270 2241 .
1320 2193 1445 2236 fertur
1482 2194 1526 2237 in
1560 2193 1707 2237 Villam
1736 2194 1911 2237 secedere
1939 2193 2100 2237 coaetus
2132 2223 2144 2244 ν
2197 2204 2363 2246 Pffipter

231 2254 387 2310 Quales
419 2287 431 2309 ‚
482 2267 625 2310 praeter
662 2268 814 2300 ceteros
846 2288 858 2310 ‚
909 2257 998 2300 sunt
1030 2259 1272 2300 Laurentius
1321 2251 1519 2295 invidiam
1547 2283 1558 2304 ‚
1590 2268 1714 2309 quam
1751 2252 1955 2305 subierat,
1986 2252 2038 2293 ob
2072 2264 2187 2293 reum
2221 2248 2363 2304 praeci-

231 2312 357 2356 Valla
376 2345 388 2366 ,
420 2313 464 2356 &
491 2313 718 2358 Ludovicus
752 2313 877 2358 Vives
898 2345 910 2367 ,
942 2314 1010 2371 qui
1043 2313 1271 2358 barbariem
1321 2309 1394 2365 piti
1421 2309 1619 2353 sententia
1637 2310 1878 2354 damnatum
1902 2327 1909 2350 t
1948 2310 2240 2364 Proptereaque
2260 2324 2282 2349 a
2303 2306 2367 2358 ju-

232 2370 396 2427 quidem
438 2371 593 2415 Bartoli
635 2369 827 2416 omnium
869 2372 1094 2428 expositam
1138 2372 1270 2416 oculis
1318 2367 1489 2410 dicando
1525 2367 1597 2411 sese
1628 2400 1639 2422 ‚
1680 2369 1726 2410 ad
1760 2368 1987 2412 docendum
2024 2365 2259 2409 transtulisse
2295 2364 2361 2406 Pi-

230 2428 641 2473 animadverterunt:
676 2430 868 2474 dofi'trinae
892 2446 988 2473 vero
1013 2429 1126 2472 illius
1154 2461 1166 2483 ‚
1199 2445 1268 2472 ne·
1322 2425 1375 2467 sas
1409 2425 1591 2480 primum
1619 2442 1631 2479 ;
1674 2425 1816 2469 deinde
1862 2425 2066 2468 Petusium
2093 2455 2105 2476 ,
2151 2422 2287 2478 ibique
2319 2420 2363 2463 ὃ(

231 2501 310 2541 que
342 2486 505 2529 recessus
535 2487 830 2544 introspicere,
862 2503 991 2543 neque
1023 2487 1178 2542 pondus
1201 2503 1270 2530 eit-
1319 2482 1503 2526 Civitate
1533 2483 1731 2526 donatum
1763 2515 1770 2525 .
1814 2485 1879 2526 Eo
1913 2484 1955 2525 in
1991 2496 2158 2524 munere
2191 2492 2353 2534 propter

230 2542 405 2598 pendere
431 2544 678 2595 voluerunt:
714 2546 847 2602 ignari
878 2545 1036 2599 prorsus
1062 2576 1074 2596 ,
1119 2557 1269 2599 quanta
1319 2539 1551 2583 auditorum
1595 2540 1871 2595 frequentiam
1897 2572 1908 2592 ‚
1955 2539 1998 2582 St.
2041 2538 2359 2581 admirationem

232 2601 418 2644 Bartolus
455 2618 550 2645 cum
587 2603 663 2646 suis
698 2603 917 2647 commoda
950 2600 1271 2656 jurisprudentiae
1320 2597 1503 2652 ingenii,
1537 2597 1760 2653 laborisque
1793 2597 2089 2648 assiduitatem,
2123 2595 2275 2650 primas
2301 2593 2359 2636 fa-

232 2659 448 2703 attulerint
479 2691 491 2713 ,
524 2672 585 2703 tot
613 2660 750 2704 solutis
775 2659 1060 2717 quaestionibus
1086 2659 1270 2715 quotidie
1319 2655 1395 2699 cile
1429 2655 1524 2698 tulit
1555 2688 1564 2697 ·
1612 2656 1742 2698 Mane
1775 2655 1888 2698 enim
1939 2665 1991 2698 ac‘
2018 2653 2179 2709 vespere
2211 2654 2361 2696 docen-

235 2715 282 2758 in
305 2715 394 2761 foro
413 2718 746 2775 emergentibus:
780 2718 927 2775 quibus
948 2717 1189 2761 dirimendis
1205 2734 1272 2762 ve-
1319 2713 1368 2756 do
1394 2745 1405 2767 ‚
1448 2725 1568 2769 atque
1611 2712 1654 2756 in
1698 2713 1760 2756 die
1795 2713 1988 2757 tredecim
2021 2711 2191 2755 circiter
2223 2710 2357 2765 capita

237 2782 372 2819 terum
410 2775 564 2834 scriptaq
589 2776 766 2820 minime
794 2776 1020 2820 sufficerent
1059 2809 1070 2829 ‚
1121 2775 1195 2819 nisi
1226 2792 1272 2819 ea
1294 2770 1414 2826 ‚juris
1446 2770 1583 2815 civilis
1613 2772 1857 2826 exponendo
1885 2787 1894 2813 τ
1947 2769 2115 2826 singulis
2149 2767 2270 2811 annis
2300 2768 2361 2810 di-

238 2828 423 2876 Bartolus
454 2866 466 2888 ‚
508 2835 557 2877 &⁴
578 2834 777 2878 Bartolini
803 2832 1082 2887 Iurisconsulti
1109 2834 1271 2877 ratioci-
1296 2829 1491 2872 ‘micham
1555 2828 1848 2873 Pandeetarum
1908 2842 2065 2884 partem
2139 2826 2361 2870 emetieba-

237 2888 373 2951 nando
396 2921 408 2942 ‚
460 2887 686 2949 similiaque
719 2891 952 2948 colligendo
987 2893 1035 2934 ad
1070 2892 1271 2948 quotidia-
1319 2900 1384 2930 tur
1417 2918 1426 2929 .
1472 2889 1510 2930 A
1556 2887 1754 2930 Perufinis
1787 2885 1938 2943 publici
1972 2884 2126 2941 negotii
2158 2884 2270 2928 causa
2306 2883 2362 2926 le-

235 2958 339 3006 num
363 2946 504 3002 usum,
535 2950 578 2993 Sc
597 2951 722 2995 etiam
742 2950 789 2993 ad
815 2965 898 2993 non
923 2949 1100 3005 expressa
1126 2949 1269 3005 produ-
1294 2957 1432 3002 ,gatus
1487 2944 1535 2987 ad
1589 2944 1791 2988 Carolum
1838 2947 2125 2988 Romanorum
2179 2944 2362 2996 Impera-

239 3001 407 3044 xiffent:
442 3004 498 3068 ita
519 3007 1268 3064 utreddiderintquodammodoamis·
1292 2994 1299 3035 l
1319 3015 1477 3057 torem,
1511 3017 1596 3046 non
1627 3002 1766 3046 minus
1798 3017 2066 3046 communem
2089 3015 2201 3052 rem,
2235 3013 2358 3054 quam

348 3060 450 3112 sam
481 3065 669 3109 Gravinae
697 3069 864 3109 Tom.I.
938 3066 940 3075 ’
1961 3061 2014 3103 Μ
2279 3055 2365 3110 pri·r

283 3163 303 3202 ζ
317 3161 367 3199 α)
416 3166 452 3195 L.
464 3157 539 3203 filk‘e
559 3166 600 3210 ff.
615 3168 653 3200 de
667 3169 703 3200 in
715 3167 790 3209 just.
817 3177 910 3212 rupto
923 3186 937 3198 -
1359 3168 1377 3205 (
1390 3168 1429 3200 c}
1480 3167 1523 3198 L.
1565 3165 1652 3208 apud
1694 3161 1871 3199 Labeonem
1894 3138 1950 3207 ‘ff-
1979 3163 2017 3198 de
2043 3159 2207 3196 verborum
2225 3153 2356 3199 fignifi-

273 3207 292 3249 (
306 3205 324 3239 b
336 3206 356 3246 )
400 3215 475 3252 pag·
485 3212 524 3242 26
534 3221 560 3241 1.
669 3251 674 3255 ἱ
1315 3212 1440 3245 catione
1461 3232 1471 3242 .

2131 3125 2364 3139 ....---..---

1910 3132 2019 3141 ——-

921 3138 1270 3152 ——-——---—
1322 3132 1558 3145 ———=·.-—.--
