2596 3479
193 98 300 156 1525
518 149 521 152 y

190 163 308 206 bebat
330 188 340 197 -
372 156 564 202 Tandem
600 169 650 198 ne
681 154 776 210 quid
804 152 856 195 ad
887 151 1018 207 legem
1054 151 1224 194 Decern-

194 220 370 264 viralem
406 215 613 274 pertinens
641 225 885 255 reticeamus
910 241 926 263 ‚
968 224 1066 252 cum
1092 207 1225 271 ›absur-

195 280 295 324 dum
339 276 549 320 videretur
584 285 753 327 pecunia
786 284 826 311 re
860 265 981 311 sterili
1015 280 1229 329 pecuniam

198 338 334 392 oriri,
379 338 492 378 usura
537 332 650 383 supra
692 327 857 372 unciam
893 339 1049 369 veteres
1080 333 1247 379 turpio·

197 412 283 442 rem
319 394 402 451 ipso
433 392 543 435 furto
574 390 801 430 duxerunt.
834 385 1004 429 Etenim
1030 382 1164 428 furem
1191 381 1230 424 in

201 454 371 511 duplum
398 484 411 504 ,
453 449 744 507 foeneratorem
791 443 831 486 in
864 441 1134 506 quadruplum
1167 439 1247 483 da-.

200 522 436 559 mnarunt:
487 518 626 560 utpote
667 517 778 554 cuius
823 516 992 557 pecunia
1033 513 1232 554 tanquam

200 571 334 616 teredc
351 565 598 623 *obliguriret
618 560 776 604 alienas
794 574 894 615 >opes
921 591 932 612 ,
963 558 1007 602 ἃ
1032 574 1081 601 ex
1105 559 1228 620 Cato-

202 631 266 673 nis
310 624 508 670 sententia
553 620 795 676 sanguinem
838 617 964 660 etiam
1017 616 1060 660 &
1105 626 1234 657 vitam

199 686 424 731 hom-inum
459 679 666 724 hauriret.
701 677 815 720 Hinc
840 674 932 718 lex:

273 745 331 801 Si
375 742 488 815 quis
529 736 763 793 unciario
784 736 988 790 foermre
1013 729 1238 804 amplius

197 820 474 880 foeneraffit
500 861 518 889 ,
560 813 934 890 quadruplione
958 811 1090 865 luito
1107 851 1119 864 .

199 901 272 946 Est
296 913 462 952 autem,
484 908 527 939 ut
547 894 753 945 diximus,
779 885 1238 940 usurauncia7centesi-

197 975 267 1004 ma
295 974 410 1016 pars,
437 969 525 1011 quae
549 952 596 996 de
613 951 715 994 sorte
729 946 948 1003 quotannis
963 945 1212 997 pendebatur
1229 975 1238 985 .

340 1017 381 1059 C
444 1015 481 1055 A
545 1011 573 1052 P
634 1010 676 1051 U
739 1007 782 1049 T
882 1004 1093 1048 XLVIII.

286 1076 353 1120 De
383 1068 646 1117 criminibus,
681 1063 736 1107 Θ
762 1063 969 1121 primo-de
997 1059 1148 1114 furtis.

266 1131 284 1153 “
307 1126 498 1181 Xpeditis
520 1124 710 1168 civilibus
735 1120 909 1177 negotiis
942 1152 954 1174 ‚
987 1119 1237 1162 transeamus

328 1188 376 1231 ad
400 1183 546 1229 deli&
572 1196 659 1225 tum
689 1182 847 1236 privata
868 1210 892 1240 ⁴³.
921 1190 1017 1241 tum¹
1034 1175 1198 1238 publica
1226 1208 1237 1229 ,

200 1263 296 1293 cum
329 1244 474 1302 quibus
500 1240 788 1284 traE‘tationem
811 1236 857 1279 de
882 1236 1041 1298 iudiciis
1061 1249 1235 1297 conjun-

201 1319 344 1362 gemus
360 1335 381 1357 .,
426 1300 706 1356 postremoque
743 1292 953 1350 publicum
989 1309 1049 1344 Jus
1074 1307 1239 1334 univer-

203 1366 292 1406 sum
320 1361 372 1403 δι
409 1359 516 1412 leges
548 1356 599 1399 ad
627 1353 869 1409 religionem
895 1352 1144 1406 pertinentes
1169 1363 1238 1392 ex-

202 1419 473 1476 plicabimus.
495 1412 770 1458 Exordiemur
784 1422 920 1452 autem
934 1425 957 1451 a
976 1407 1086 1451 furto
1103 1439 1116 1452 ,
1133 1406 1240 1463 quod

201 1476 515 1524 Lacedaemones
540 1486 662 1526 poena
684 1479 925 1512 exemerunt
943 1498 961 1519 .,
1002 1466 1239 1527 existiman-

201 1549 261 1578 tes
298 1534 376 1577 hoc
414 1530 540 1574 veluti
575 1528 671 1572 ludo
694 1525 874 1570 exerceri
896 1539 1047 1578 vpueros
1068 1523 1118 1565 ad
1143 1521 1239 1585 insi-

200 1593 283 1636 dias
308 1589 510 1634 milita-tes
529 1604 545 1628 ·:
572 1583 810 1639 'eademque
839 1581 1040 1625 furtorum
1071 1580 1241 1624 licentia

199 1663 287 1694 erat
312 1648 415 1703 apud
441 1643 682 1702 AEgyptios..
715 1644 779 1695 (a)
804 1641 940 1683 Draco
955 1652 1093 1702 tamen
1109 1637 1239 1681 Athe-

202 1707 405 1751 niensium
448 1703 658 1759 legislator
695 1710 888 1742 cruentus
919 1712 1061 1740 omma
1091 1711 1241 1752 genere

199 1766 404 1809 furtorum
432 1761 562 1817 capite
590 1757 779 1815 punivit..
811 1757 949 1809 Quam
976 1754 1110 1809 legem
1135 1766 1240 1796 tem-

202 1823 363 1880 peravit
388 1820 514 1864 Solon
541 1850 563 1872 ⁷,
612 1817 680 1872 qui
709 1829 875 1868 poenam
905 1811 1048 1867 capitis
1074 1824 1238 1872 tantum

200 1882 250 1924 ad
275 1879 381 1924 furta
406 1876 593 1934 graviora
617 1872 803 1917 cohibuit
833 1902 842 1913 .
878 1871 964 1922 (b)
990 1871 1133 1925 Itaque
1160 1872 1241 1911 sur·
1262 1871 1264 1876 ’

199 1953 293 1981 turn
320 1937 366 1980 ad
387 1933 688 1992 quinquaginta
701 1929 913 1972 drachmas
927 1927 1118 1981 duplione
1133 1925 1241 1969 mul-

198 1995 306 2039 tavit
355 1994 397 2037 &
422 2007 579 2036 carcere
604 2007 615 2031 ε
663 1988 776 2043 supra
804 2003 901 2030 vero
928 1984 1241 2041 >quinquaginta

196 2052 412 2096 drachmas
437 2082 450 2104 ,
483 2050 615 2092 furem
639 2046 686 2090 ad
715 2045 904 2088 undecim
933 2043 1041 2086 viros
1060 2043 1238 2099 punien-

195 2112 295 2154 dum
320 2107 463 2153 abduci
489 2107 618 2159 jussit:
654 2105 838 2160 itemque
864 2102 890 2145 si
918 2100 1040 2144 noctu
1064 2100 1154 2156 quis
1176 2099 1236 2142 su·

198 2181 358 2212 raretur
409 2178 478 2209 aut
515 2165 558 2207 in
600 2161 747 2205 balneo
790 2172 858 2203 aut
893 2159 942 2202 ‚in
988 2157 1239 2222 gymnasio.)

200 2227 334 2281 capite
366 2223 615 2279 pletfi‘tebatur
640 2251 649 2261 .
681 2220 759 2272 (c)
787 2218 913 2261 Sicuti
938 2216 980 2258 ἃ
1000 2215 1238 2279 saecularii,

198 2281 365 2340 cingula
395 2279 646 2324 cincidentes
679 2308 693 2329 ‚
746 2288 789 2318 ut
833 2273 1084 2326 marsupium
1126 2271 1233 2316 aufe·

199 2353 293 2386 rant
325 2372 338 2394 ,
387 2352 486 2394 quos
520 2335 684 2379 Plautus
710 2331 889 2389 appellat
915 2330 1080 2374 sectores
1110 2347 1231 2374 zona-

198 2399 305 2443 rios.
337 2397 403 2449 (d)
431 2397 531 2438 Non
556 2391 746 2436 dissimile
774 2390 905 2434 sanxit
939 2388 1079 2441 Plato,
1112 2390 1169 2440 (c)
1197 2403 1238 2452 ut

200 2457 271 2513 qui
314 2454 437 2498 noeiu
472 2451 632 2495 furandi
657 2449 770 2493 causa
796 2446 1096 2511 ingredientem
1129 2462 1237 2489 occi-

199 2514 341 2568 disset,
373 2512 410 2556 ei
435 2509 527 2555 esset
554 2509 723 2564 impune
747 2538 754 2551 .
787 2508 871 2550 Lex
901 2502 1254 2573 verodivina(f)¹

1251 797 1254 800 ’
1289 782 1422 825 nitam
1447 782 1688 826 dimiserunt
1709 814 1717 825 .

622 75 725 130 m:
766 70 958 150 JURE
1000 69 1462 140 NATURA21‚
1501 42 1878 128 ozni-ium
1902 71 1942 144 ,-

1284 145 1533 191 nocturnum
1562 147 1697 192 ,furem
1723 151 1853 194 occidi
1888 149 2099 206 permisit,
2150 166 2236 196 non
2263 156 2339 197 tte-⁷

1286 220 1329 246 ro
1360 206 1651 249 ‚interdiarium
1682 207 1967 259 ,ἧμερακλέπτυν
1997 208 2064 252 cui
2100 212 2332 255 contrarius

1284 261 1337 304 est
1359 261 1618 316 ἡμερόκοιτος,
1649 265 1735 320 (g)
1761 264 2007 309 dormitator
2028 298 2040 319 ,
2074 265 2138 309 fur
2161 270 2331 322 ηοξὶιιῐ-

1288 333 1363 361 nus
1386 349 1400 372 ‚
1444 330 1489 361 ut
1520 321 1753 376 appellatur
1773 339 1798 366 a
1824 322 1968 366 Plauto
1994 323 2037 366 in
2061 326 2327 370 Trinummo:

2056 383 2159 425 mira
2182 385 2280 437 sunt

1343 433 1409 476 Ni
1431 434 1516 477 illic
1540 436 1648 480 homo
1663 435 1720 491 stt
1739 469 1751 493 ,
1779 451 1853 481 aut
1875 440 2138 495 dormitator,
2166 455 2241 484 aut
2256 442 2326 497 se-

1369 548 1376 555 ·
1432 549 1439 557 ⁸
1458 493 1536 536 Hor
1558 496 1742 539 zonarius
1762 528 1771 539 .

1288 551 1462 601 Maioris
1479 563 1618 595 autem
1641 553 1816 608 periculi
1843 568 2052 611 tempore,
2071 572 2223 614 ‘nempe
2246 573 2323 602 no-

1284 607 1431 671 ξὶυτηο
1466 610 1670 653 cautiores
1710 612 1784 654 esse
1821 614 2037 666 oportebat
2063 614 2253 660 homines
2278 617 2328 659 ab

1287 665 1441 709 insidiis
1469 666 1515 710 &
1556 668 1733 723 rapinis:
1767 685 1787 711 a
1826 670 1971 723 quibus
1992 683 2037 713 ut
2060 672 2234 716 malefici
2257 674 2328 716 ab·

1288 723 1481 767 stinerent
1509 725 1621 781 leges
1658 725 1854 768 -noS‘turni
1880 726 1992 779 furis!
2015 728 2164 771 caedem
2190 731 2329 785 impu-

1762 784 1867 839 Quae
1897 784 1976 827 fuit
2002 785 2132 828 etiam
2169 785 2332 829 senten-

1289 840 1344 882 tia
1385 840 1486 897 legis
1519 842 1625 885 XII.
1654 840 1783 884 ›tabul.
1810 842 1852 884 in
1876 858 1974 898 quas
1999 843 2238 887 Atticarum
2270 843 2328 888 le-

1288 913 1389 953 gum
1425 913 1662 942 convenere
1699 899 1828 942 sensus
1862 931 1871 942 .
1923 900 2059 955 Igitur
2086 901 2324 945 Decemviri

1290 955 1539 1012 noemi-num
1562 956 1697 999 furem
1721 953 1886 1012 quoquo
1902 958 2216 1003 modointerfici
2232 975 2328 1015 per-

1290 1013 1488 1056 miserunt
1514 1030 1525 1054 t
1571 1029 1623 1056 ne
1649 1045 1661 1064 ,
1690 1014 1788 1056 dum
1815 1016 1905 1070 quis
1932 1016 2100 1058 modum
2132 1017 2172 1059 in
2203 1033 2243 1059 re
2272 1017 2337 1060 sua

1252 1113 1256 1116 ,
1287 1070 1538 1114 defendenda
1578 1083 1735 1114 teneret
1767 1069 1809 1113 δί
1853 1086 2087 1127 quaereret3
2121 1072 2223 1116 lucis
2255 1089 2332 1129 ope

1252 1171 1254 1175 ,
1287 1128 1495 1171 destitutus
1527 1160 1539 1183 ‚
1571 1141 1642 1172 aut
1669 1127 1907 1184 spoliaretur
1931 1146 1952 1172 a
1979 1129 2066 1174 fure
2094 1163 2106 1184 ,
2159 1143 2230 1173 aut
2254 1132 2333 1173 ob-

1285 1199 1547 1230 truncaretur
1571 1218 1587 1228 ..
1618 1187 1705 1239 (h)
1722 1188 2015 1242 ‘Quamobrem
2046 1189 2218 1235 ¹lacobus
2243 1190 2333 1232 Go-

1289 1243 1500 1287 thofredus
1531 1244 1641 1287 haud
1669 1259 1828 1287 temere
1854 1261 1946 1289 meo
1965 1245 2122 1298 *judicio
2148 1278 2161 1300 ‚
2210 1245 2337 1302 suspi-

1284 1315 1404 1345 catur
1429 1303 1551 1344 verba
1578 1301 1652 1345 illa
1675 1304 1780 1356 apud
1805 1301 1956 1353 Caium
1985 1336 1997 1357 ‚
2041 1305 2120 1356 (i)
2143 1304 2201 1348 uti
2229 1303 2335 1360 legis

1287 1358 1407 1411 hujus
1443 1360 1686 1402 sententiam
1724 1359 1846 1402 refert
1882 1377 1890 1402 τ
1936 1374 1979 1403 ut
2010 1373 2141 1403 tamen
2173 1363 2218 1404 id
2248 1377 2334 1404 cum

1287 1418 1451 1459 clamore
1470 1416 1718 1472 testificetur,
1751 1417 1901 1469 adjeeta
1929 1419 2040 1462 fuisse
2066 1436 2087 1462 a
2105 1419 2337 1462 Tribonia-

1290 1490 1344 1517 no
1366 1491 1379 1528 3
1412 1476 1488 1526 (⁴)
1514 1491 1608 1518 cum
1633 1475 1784 1518 Cicero
1801 1507 1814 1528 ‚
1846 1477 1936 1527 (k)
1961 1480 2113 1519 Seneca
2136 1508 2153 1528 ‚
2185 1476 2331 1532 eosque

1293 1532 1447 1575 secutus
1502 1533 1756 1588 Augustinus
1798 1532 1922 1576 licere
1968 1534 2147 1576 scribant
2197 1533 2335 1578 furem

1287 1590 1475 1633 occidere
1501 1605 1666 1646 quoquo
1688 1591 1815 1633 modo
1836 1607 1846 1631 τ
1884 1590 1958 1633 >nisi
1981 1603 2175 1645 ‘putemus
2206 1591 2337 1634 inter-

1292 1648 1517 1703 pretatione
1541 1647 1930 1699 Jurisconsultorurn
1952 1650 2062 1693 XII.
2089 1648 2218 1692 tabul.
2244 1664 2333 1692 ver-

1292 1707 1339 1748 ba
1364 1706 1467 1748 flexa
1493 1705 1604 1749 fuiffe
1622 1707 1677 1748 ad
1705 1707 1919 1749 lenitatem
1937 1738 1947 1748 .
1983 1707 2216 1750 Interdiarii
2236 1721 2337 1750 vero

1286 1763 1393 1805 ,suris
1416 1764 1626 1806 occidendi
1654 1764 1890 1818 potestatem
1922 1765 1978 1806 ita
2010 1764 2250 1806 Decemviri
2282 1763 2343 1807 fe-

1291 1834 1436 1863 cerunt
1457 1853 1469 1872 ,
1499 1821 1529 1863 si
1555 1821 1742 1864 adversus
1762 1822 1987 1864 *dominum
2012 1837 2103 1864 rem
2136 1821 2252 1864 'suam
2278 1836 2344 1864 re—

1292 1878 1613 1934 prehendentem
1636 1878 1704 1921 ‘fur
1731 1879 1766 1922 se
1797 1878 1879 1921 telo
1899 1877 2136 1921 defenderet
2158 1911 2169 1931 ‚
2200 1895 2246 1921 ac
2267 1879 2340 1921 do-

1293 1936 1429 1978 minus
1453 1937 1671 1989 qui-ritaret
1702 1968 1715 1989 ‚
1767 1936 1844 1978 sive
1874 1936 2035 1992 publice
2063 1936 2295 1990 Quiritium
2322 1967 2337 1989 ,

1284 2009 1440 2047 nempe
1466 1994 1646 2036 Civium
1679 1996 1967 2037 Romanorum
1989 1994 2109 2036 fidem
2133 1993 2335 2048 implora-

1291 2065 1351 2095 ret
1372 2083 1383 2104 ,
1417 2051 1666 2094 solemnibus
1691 2051 1774 2094 illis
1796 2067 1807 2104 3
1841 2064 1884 2093 ut
1911 2066 2000 2093 mos
2023 2063 2110 2094 erat
2133 2082 2144 2104 ‚
2178 2051 2326 2094 verbis:
2352 2073 2359 2076 ·

1369 2116 1530 2165 Porro
1583 2110 1827 2185 Quirites
1885 2111 2110 2165 vestr-arn
2175 2110 2337 2165 fidem

1446 2186 1706 2262 imploro⁴

1347 2264 1552 2309 Telorum
1583 2277 1723 2308 autem
1749 2263 2034 2320 :appellatione
2068 2263 2245 2308 veniunt
2267 2263 2335 2307 fu-

1291 2322 1356 2365 stis
1376 2354 1394 2377 Α,
1448 2323 1547 2378 lapis
1568 2354 1580 2376 ,
1612 2321 1769 2365 ferrum
1805 2354 1816 2374 ,
1850 2322 1892 2364 ὃς
1923 2323 2117 2378 quidquid
2150 2322 2329 2375 denique

1292 2381 1464 2424 nocendi
1516 2379 1630 2423 causa
1674 2392 1934 2434 comparatur
1963 2410 1972 2420 .
2017 2381 2116 2432 (l)
2160 2380 2271 2433 Quid
2305 2378 2332 2422 fi

1290 2437 1614 2493 deprehendatur
1645 2453 1668 2480 a
1695 2453 1783 2479 non
1816 2437 2021 2490 domino3
2065 2453 2116 2480 an
2148 2436 2261 2480 idern
2293 2436 2333 2479 ei

1293 2496 1440 2542 licebit·
1461 2496 1506 2538 in
1538 2494 1706 2539 furem?
1738 2495 2085 2539 Hotthomannus
2105 2494 2193 2548 ait3
2226 2494 2324 2592 qtltia

2280 2566 2330 2594 ex
2366 2568 2376 2591 .·

1116 2635 1130 2642 -
1295 2627 1986 2638 —————.-————
1994 2625 2219 2637 ·0·-—--—-—-—
2227 2622 2337 2633 ——-

201 2636 1113 2659 ————.-———-—--—————-=
1132 2637 1241 2645 -—

249 2698 311 2739 (a)
336 2697 462 2731 Gellius
476 2699 498 2728 Ι.
519 2708 529 2728 1
543 2706 566 2728 ι.
587 2708 609 2729 c.
633 2699 681 2728 18.
700 2692 795 2726 Diod.
812 2692 910 2725 Sicul.
927 2694 948 2724 1.
976 2701 1003 2723 1.

248 2746 268 2785 (
285 2743 336 2783 h)
364 2743 460 2776 Petit.
478 2743 518 2774 ad
535 2745 597 2784 leg.
617 2742 721 2773 Atric.
739 2738 795 2771 lib.
812 2750 843 2779 7.
868 2738 922 2770 tit.
943 2745 978 2776 5.
1003 2734 1093 2770 Gell.
1109 2734 1167 2767 lib.
1191 2746 1238 2768 11.

203 2801 239 2824 ta
264 2812 272 2821 .
294 2793 342 2822 18.

241 2798 302 2877 PG)
330 2831 494 2868 Demosth.
513 2839 621 2865 contra
640 2831 819 2863 Timocrat.
839 2826 975 2860 Pollux·
995 2822 1054 2858 lib.
1068 2835 1102 2864 4.
1119 2836 1143 2858 c.
1160 2830 1191 2858 6.
1252 2855 1254 2858 ,

248 2881 310 2919 (ά)
337 2882 378 2911 In
398 2880 539 2911 Toinum
555 2900 562 2907 .

250 2926 305 2967 (ε)
332 2923 403 2955 Lib.
429 2935 444 2963 9
485 2923 522 2955 de
537 2920 662 2963 tegibus
676 2941 684 2951 .
779 2917 860 2959 (f)
887 2916 989 2951 Exod-
1007 2926 1059 2948 22.

245 2971 306 3014 (g)
332 2966 600 3006 Cuj³e.·0bf.1ih.
624 2977 669 2997 ii.
689 2971 746 3004 cap
773 2974 831 3003 27.

248 3019 288 3057 (h
332 3015 419 3051 Gell.
452 3013 513 3046 lab.
537 3023 584 3044 lt.
615 3019 712 3053 rap-1

199 3059 264 3107 fet.
281 3061 321 3094 Θ·
344 3062 474 3102 τιὴὶρον.
492 3057 552 3090 051¹.
569 3057 709 3088 Serviur
718 3056 753 3086 in
769 3056 799 3086 8.
816 3053 955 3086 AEneid.

243 3105 288 3144 si)
316 3110 344 3140 L
369 3117 397 3145 4-
417 3104 453 3146 ff
468 3106 511 3137 ad
527 3107 561 3136 1..
583 3103 696 3145 Aquil.

245 3153 302 3194 (⁸)
331 3151 399 3187 Nisi
425 3150 497 3196 quis
525 3159 602 3184 eum
628 3143 779 3184 Gerardo
805 3142 921 3178 Noodt
951 3146 991 3177 L.
1006 3153 1038 3176 ι.
1066 3140 1142 3184 obs.
1165 3148 1236 3184 cap.

1297 2691 1344 2721 ις.
1372 2680 1474 2714 verba
1497 2677 1571 2716 caii
1595 2678 1648 2710 ad-
1662 2679 1766 2721 legem
1783 2678 1950 2722 Aquiliam
1969 2675 2090 2709 referre
2104 2674 2204 2707 malit
2220 2694 2231 2711 ‚
2258 2683 2336 2716 quae

1291 2726 1475 2761 observatio
1488 2723 1627 2767 pulchra
1641 2724 1854 2765 &ingeniosa
1871 2724 1914 2755 est
1929 2745 1936 2753 .
1961 2721 2071 2754 Potest
2096 2729 2211 2752 tamen
2230 2730 2322 2752 mens

1293 2773 1399 2814 legis,
1426 2779 1461 2804 ut
1488 2769 1638 2804 Gravina
1666 2771 1764 2810 paulo
1780 2769 1848 2810 post
1861 2764 2100 2799 animadvertit
2116 2787 2127 2803 ‚
2153 2766 2220 2796 sola
2243 2766 2336 2806 Juri·

1292 2817 1530 2850 (consultorum
1556 2813 1834 2855 interpretatione
1860 2811 1900 2843 ad
1926 2812 2115 2853 aequitatem
2142 2809 2264 2842 inflexa
2280 2809 2337 2844 es-

1291 2863 1320 2896 se
1337 2885 1347 2901 ,
1371 2872 1471 2903 quarn
1498 2859 1694 2892 sententiam
1721 2858 1825 2889 etiam
1852 2855 1968 2897 probat
1993 2855 2106 2889 Celeb.
2133 2858 2222 2888 Otto
2251 2857 2330 2886 Prae-

1286 2909 1351 2950 fat.
1385 2910 1426 2939 T.
1447 2908 1517 2938 III.
1541 2905 1641 2943 Thes.
1669 2901 1730 2940 jur.
1750 2910 1824 2943 pag.
1845 2910 1897 2938 30·
1928 2901 2187 2932 acclamationis
2202 2903 2332 2934 sormu-

1292 2956 1359 2987 lam
1384 2951 1522 2984 exhibet
1547 2947 1701 2986 cujacius
1720 2948 1792 2986 Obs.
1812 2946 1869 2978 tib.
1892 2947 1955 2976 XI.
1976 2957 1999 2976 c.
2018 2949 2068 2982 38.
2091 2947 2166 2986 ‚Quo
2184 2969 2194 2982 ,
2222 2955 2253 2977 te
2274 2953 2345 2988 pro-

722 3012 751 3041 3,
783 3006 960 3049 Theophil,
988 3003 1101 3047 Iustis,
1117 3005 1155 3038 de
1174 3012 1238 3048 per,
1290 3001 1375 3042 ripis
1393 2996 1412 3030 ?
1436 2999 1527 3029 Tene
1550 2995 1659 3026 Pene'!
1691 2993 1930 3034 Tenenfurm
1953 2992 1958 3022 !
1989 2992 2149 3022 Prhendc
2161 2993 2268 3033 jurem
2290 3013 2298 3020 .

1335 3046 1401 3086 (k)
1428 3042 1495 3076 Cic.
1514 3048 1568 3082 pro
1581 3040 1710 3070 ΜίΙοηε
1731 3061 1741 3076 ,
1764 3040 1887 3084 Seneca
1912 3047 1959 3068 10.
1992 3046 2133 3068 controv.
2153 3037 2266 3081 “lta“
2278 3033 2345 3076 fin.

1292 3095 1374 3133 Aug.
1409 3085 1509 3131 quest.
1532 3088 1604 3126 sup.
1626 3081 1718 3116 Exod
1741 3083 1952 3133 ‘chradobfi
1976 3092 2025 3114 11·
2042 3090 2113 3125 cap.
2134 3092 2187 3122 27.

1334 3137 1389 3179 (Ι)
1414 3137 1451 3167 1..
1475 3142 1530 3172 34·
1553 3129 1592 3175 ff-
1609 3131 1645 3164 dc
1655 3129 1762 3172 furere
1779 3149 1788 3160 .
