2596 3479
562 105 689 160 ET
747 100 1898 158 SENATUSCONSULTIS.

2172 102 2282 181 333

176 180 316 234 tione,
360 178 426 224 vel
456 180 750 225 exacerbantur
802 194 930 234 poenae
951 211 963 232 ,
996 178 1062 223 vel
1096 178 1200 222 leni-
1252 176 1448 219 sationem
1480 177 1523 219 &
1557 176 1915 219 verberationem:
1948 175 2285 228 verberat'enirn,

175 253 325 281 untur.
370 238 539 282 Etenim
584 235 670 278 falfi
713 236 856 289 testes,
899 252 1074 291 quorum
1119 237 1194 278 irnr
1249 233 1319 289 qui
1353 249 1449 276 curn
1481 233 1618 277 dolore
1650 233 1792 286 caedit,
1828 232 1958 286 pulsat
1992 248 2115 285 vero,
2147 232 2216 288 qui
2237 232 2285 275 si-

174 296 374 350 probitate
417 296 657 337 innocentes
688 294 775 344 (a)
795 293 1013 347 capitalem
1043 294 1200 337 senten-
1250 305 1301 333 ne
1344 289 1509 342 dolore,
1553 302 1596 334 ut
1638 305 1687 334 ex
1736 289 1864 333 Ofilio
1895 290 2011 332 docet
2043 289 2248 343 Ulpianus
2270 320 2281 332 .

174 351 276 394 tiam
302 351 503 403 subierunt
525 381 536 400 ,
569 349 633 392 vel
659 349 844 392 tabularii
859 350 1105 404 civitatum,
1131 349 1198 406 qui
1248 346 1346 399 (m)
1383 348 1540 390 Domus
1572 347 1646 390 hac
1681 348 1722 390 in
1758 347 1842 402 lege
1873 345 2072 407 accipitur
2106 362 2175 400 pro
2207 347 2281 389 do-

175 408 251 451 suis
273 408 474 452 fraudibus
501 405 616 448 falsas
637 405 922 450 immunitates
955 408 1199 459 tribuerunt,

171 466 238 517 (h)
267 477 335 508 aut
370 464 438 518 qui
460 463 625 506 alterius
651 464 914 507 concutiendi
941 465 1055 507 causa
1086 464 1197 507 mili-

173 521 271 573 tiae,
315 518 380 562 vel
415 520 571 563 ordinis
616 518 791 574 insignia
825 521 894 563 sibi
926 523 1200 576 usurparunt,

171 576 237 619 vel
271 576 416 620 falsum
452 590 610 632 partum
643 578 724 628 (c)
758 576 1033 631 subiecerunt,
1066 589 1199 620 morte

171 634 446 677 damnantur:
483 633 618 678 liberti
652 648 782 685 vero,
815 634 883 689 qui
917 636 952 677 se
986 651 1056 688 pro
1089 635 1200 690 inge·

172 691 265 733 nuis
296 691 512 746 gesserint,
546 691 676 734 lenius
707 706 855 746 nempe
888 690 995 733 infra
1015 692 1200 747 deporta-

170 748 297 790 tionis
332 764 495 803 poenam
532 748 759 802 puniuntur
779 764 797 788 :-
825 763 875 790 ne
903 748 1071 792 leviores
1090 749 1200 792 casus

171 804 329 859 aliquot
359 806 595 860 attingam,
628 805 696 859 qui
729 804 872 856 judicis
905 807 1198 860 permittuntur

170 862 371 904 arbitrio.
405 862 494 914 [d]
531 861 728 905 Claudius
769 862 881 904 enim
925 878 992 905 reo
1038 863 1199 906 cuidam

171 917 290 969 hujus
333 919 523 961 criminis
567 934 713 961 manus
757 919 916 973 praecidi
960 919 1088 969 jussit.
1122 922 1200 970 (e)

166 975 436 1031 Similemque
471 989 634 1029 poenam
669 975 820 1018 inflixit
864 976 1099 1021 Alexander
1128 977 1195 1020 Se·

168 1046 311 1087 verus,
345 1033 478 1076 incisis
511 1033 734 1088 digitorum
768 1034 926 1077 nervis.

356 1146 794 1190 CAPUT
912 1147 1013 1190 CIL

321 1262 388 1304 De
418 1261 519 1317 Lege
550 1262 736 1304 Cornelia
766 1261 814 1303 de
845 1261 1014 1313 Iniuriis
1032 1292 1041 1302 .

264 1383 267 1385 ’
296 1377 365 1417 On
399 1375 526 1418 solum
559 1390 654 1418 vero
688 1374 998 1430 praeciditsylla
1023 1372 1197 1425 fraudes,

317 1432 375 1475 sed
411 1431 584 1485 pleniori
618 1432 778 1475 afflone
812 1448 833 1473 a
870 1431 1025 1474 civibus
1051 1431 1198 1474 avertit

162 1485 331 1536 injurias
355 1520 364 1530 .
400 1488 605 1541 Quamvis
636 1488 751 1532 enirn
785 1487 891 1530 aecio
923 1504 968 1531 ea
987 1487 1197 1532 descende-

162 1554 224 1586 ret
255 1545 382 1587 etiam
412 1560 461 1587 ex
495 1544 649 1598 legibus
681 1547 787 1588 XII.
811 1544 937 1586 tabul.
958 1545 1000 1588 ἃ
1029 1561 1077 1587 ex
1100 1543 1217 1587 Edi-³

162 1600 378 1655 Praetoris3
411 1614 549 1645 tamen
568 1602 798 1653 obscurius,
825 1601 1037 1655 minusque
1057 1601 1193 1644 distin-

160 1657 224 1700 &e
272 1659 570 1714 proponebatur
590 1690 599 1700 .
630 1657 711 1711 (f)
744 1659 866 1702 Unde
904 1657 966 1701 lex
997 1657 1194 1701 Cornelia

162 1718 348 1770 processit
364 1749 374 1769 ,
397 1716 565 1768 injurias
582 1731 726 1759 omnes
745 1715 1093 1769 comprehendens
1110 1730 1195 1757 ma-

161 1786 219 1815 nu
239 1773 398 1826 illatas,
431 1785 575 1827 atque,
609 1785 653 1815 ut
687 1773 822 1816 scribit
855 1772 1076 1824 Cujacius,
1108 1771 1195 1827 (g)

159 1830 408 1874 atrociores.
458 1832 523 1873 Ex
556 1846 633 1885 qua
666 1830 707 1872 in
739 1846 806 1873 eos
848 1828 955 1872 a&io
987 1830 1157 1871 dabatur
1182 1859 1194 1879 ,

158 1887 227 1942 qui
263 1887 474 1942 pulsassent
504 1885 682 1942 aliquem
715 1887 758 1929 ἃ.
790 1887 1057 1930 verberaffent
1079 1916 1090 1937 ,
1124 1897 1193 1928 aut

158 1944 204 1986 in
225 1944 392 1987 domum
413 1944 593 1986 alienam
615 1942 856 1998 irrupissent,
872 1943 932 1996 [b]
954 1942 1015 1985 vel
1032 1942 1192 1985 fraudu-

160 2000 292 2044 lenter
324 2016 394 2055 per
427 1999 608 2056 tegulaS,
640 1999 773 2043 aliove
807 2001 929 2043 modo
962 2000 995 2042 se
1027 1999 1186 2042 direxis-

162 2058 251 2101 sent
278 2089 290 2111 ‚
341 2058 445 2100 unde
499 2056 699 2099 direc‘tarii
743 2057 1030 2112 appellantur.
1080 2058 1194 2110 Quo-

159 2130 254 2158 rum
302 2114 483 2157 auS'cores
541 2112 772 2157 facinorum
828 2114 883 2157 ita
931 2125 1043 2156 extra
1085 2113 1189 2156 ordi·

159 2187 259 2216 nem
304 2172 569 2225 puniuntur,
613 2183 658 2213 nt
702 2172 744 2213 in
785 2170 988 2225 exilium,
1039 2183 1107 2214 aut
1150 2164 1339 2212 initur:
1384 2182 1407 2222 q

1249 402 1409 446 micilio
1455 404 1664 458 quolibet,
1698 404 1929 460 ubicunque
1970 417 2060 458 quis
2095 414 2276 445 moretur

1251 461 1328 503 sive
1369 460 1411 502 in
1447 462 1636 516 proprio,
1670 460 1748 503 five
1781 461 1823 503 in
1856 460 2079 513 conducto,
2125 459 2200 502 sive
2234 460 2278 502 in

1249 517 1373 570 villa,
1407 517 1486 561 five
1518 518 1562 560 in
1595 517 1747 560 hortis:
1783 529 1826 560 ut
1847 517 1874 560 si
1894 517 2083 560 dominus
2103 516 2276 560 fundum

1250 573 1471 625 locaverit,
1505 589 1588 617 non
1621 574 1811 618 dominus
1842 587 1934 630 agat
1965 573 2107 617 contra
2133 573 2273 627 illum,

1247 630 1315 686 qui
1365 630 1538 673 fundum
1584 631 1801 686 introivit,
1847 632 1906 675 sed
1949 631 2143 674 colonus.
2189 630 2276 684 [n]

1250 688 1372 730 Porro
1414 703 1507 730 cum
1539 701 1807 744 quaereretur,
1839 705 1889 732 an
1936 701 2047 743 pater
2081 690 2196 744 possit
2225 702 2276 732 ex

1249 744 1335 798 lege
1367 744 1574 788 Cornelia
1597 745 1790 796 injuriam
1821 763 1843 789 a
1874 745 2046 789 filiofam
2065 756 2276 800 acceptam

1249 800 1482 854 vindicare,
1515 801 1667 856 placuit
1699 818 1782 846 non
1815 803 1941 858 posse:
1977 819 2118 847 verum
2139 802 2274 845 filium

1248 858 1410 913 quidem
1432 857 1579 902 habere
1609 859 1813 903 afflonem
1844 875 1895 904 ex
1928 860 2015 915 lege
2046 858 2274 912 Cornelia,

1249 926 1400 970 patrem
1435 927 1571 958 autem
1603 917 1834 970 praetoriam
1854 915 2276 970 injuriarum3adeo-

1249 987 1324 1027 que
1357 971 1529 1015 liberum
1561 973 1634 1016 esse
1667 974 1783 1028 filio,
1815 990 1864 1017 ex
1896 973 1972 1017 hac
2004 973 2091 1029 lege
2122 987 2239 1029 agere
2260 1002 2274 1026 ,

1249 1041 1293 1070 ut
1334 1043 1462 1083 neque
1503 1045 1643 1073 cavere
1686 1043 1854 1086 cogatur
1903 1042 2059 1086 patrem
2093 1045 2179 1073 rem
2213 1045 2275 1072 ra-

1250 1099 1333 1128 tam
1367 1085 1628 1129 habiturum.
1659 1090 1718 1139 (o)
1745 1087 1855 1131 Illud
1886 1086 2176 1132 consultissime
2208 1085 2271 1130 fu-

1250 1142 1281 1184 it
1330 1142 1405 1184 hac
1434 1141 1536 1203 'lege
1578 1143 1855 1188 introdu&um
1876 1176 1888 1198 ‚
1920 1157 1964 1188 ut
1995 1144 2115 1188 liceat
2145 1142 2271 1187 astori

1248 1198 1398 1241 deferre
1429 1200 1741 1254 jusjurandum3
1773 1214 1817 1245 ut
1848 1217 1936 1245 reus
1955 1200 2058 1252 juret
2078 1199 2273 1252 injuriam

1251 1255 1323 1298 sese
1365 1271 1449 1298 non
1498 1255 1661 1300 fecisse:
1707 1274 1788 1313 quo
1829 1258 1975 1302 actoris
2025 1257 2273 1301 existimatio

1250 1312 1578 1367 redintegretur,
1618 1314 1662 1356 δε
1705 1330 1792 1358 reus
1833 1314 1981 1366 judicio
2033 1316 2267 1357 eximatur.

1247 1370 1337 1424 (p).
1365 1369 1530 1424 Duplex
1561 1382 1696 1413 autern
1727 1371 1866 1415 eadem
1910 1370 1996 1426 lege
2027 1371 2201 1413 nascitur
2230 1386 2274 1413 a-

1245 1425 1349 1478 etio,
1392 1426 1620 1471 criminalis
1662 1442 1844 1483 nempe,
1888 1443 1976 1483 quae
2019 1442 2185 1482 poenam
2218 1427 2272 1470 ir-

1247 1494 1363 1537 rogat
1395 1499 1461 1526 reo
1481 1514 1492 1536 ‚
1525 1484 1613 1538 (q)
1647 1500 1811 1540 quaeque
1833 1516 1845 1538 ,
1877 1484 2047 1528 docente
2080 1482 2269 1536 Cuiacio,

1246 1538 1406 1593 publica
1454 1554 1540 1583 erat
1584 1541 1783 1584 accusatio
1831 1556 1880 1584 ex
1924 1541 2046 1584 causis
2095 1541 2139 1583 in
2182 1539 2268 1596 lege

1245 1595 1442 1639 Cornelia
1483 1599 1713 1650 contentis;
1755 1598 1797 1641 ὃ(
1829 1597 1965 1641 civilis
1987 1630 1998 1651 ‚
2031 1612 2118 1652 quae
2150 1613 2172 1640 a
2204 1613 2270 1640 reo

1246 1653 1556 1697 aestimationem
1599 1654 1770 1710 reposcit
1821 1654 2000 1705 injuriae.
2043 1656 2124 1707 (r)
2157 1655 2268 1707 Quas

1245 1709 1423 1753 afflones
1470 1711 1538 1766 qui
1583 1726 1668 1754 non
1713 1711 1991 1767 distinguunt,
2047 1711 2161 1754 valde
2195 1711 2270 1754 sese

1245 1766 1494 1820 involvunt,
1525 1768 1567 1810 ὃς
1600 1768 1642 1811 in
1674 1784 1812 1812 earum
1857 1782 2038 1824 tempore
2071 1767 2268 1812 definien-

1243 1823 1293 1866 do
1323 1824 1590 1867 dissentiunt:
1627 1841 1721 1869 cum
1766 1825 1884 1870 facile
1927 1825 2120 1869 discordia
2150 1841 2266 1869 corn-

1245 1893 1417 1934 ponatur
1441 1912 1454 1935 ,
1503 1882 1530 1924 fi
1561 1882 1787 1926 criminalis
1816 1900 1838 1926 a
1872 1882 1988 1927 civili
2034 1883 2233 1938 separetur
2257 1914 2268 1925 .

1246 1936 1529 1991 Intelligemus
1559 1939 1672 1983 enim
1696 1939 1838 1994 illam,
1869 1952 1913 1984 ut
1933 1951 2024 1995 pote
2046 1939 2270 1994 poenalem,

1242 1995 1315 2037 esse
1358 2010 1565 2049 annuam3
1595 1998 1689 2049 (s)
1732 1997 1839 2040 hanc
1870 2013 1965 2040 vero
1996 2007 2232 2053 perpetuam
2254 2028 2267 2051 ,

1242 2051 1391 2107 quippe
1433 2051 1627 2101 civilem.
1677 2055 1777 2108 Quae
1819 2069 1914 2096 vero
1954 2070 1977 2096 a
2021 2053 2166 2107 scripto
2198 2068 2267 2096 ve-

1243 2109 1363 2152 niunt
1406 2107 1587 2161 injuriae,
1633 2109 1708 2152 hac
1748 2110 1876 2154 etiam
1923 2110 2009 2165 lege
2053 2108 2267 2153 vindican-

1414 2181 1461 2208 ua
1503 2165 1740 2211 intestabilis
1781 2166 1855 2211 esse
1897 2166 2081 2219 jubetur,
2114 2167 2140 2209 si
2173 2167 2262 2221 quis

160 2228 407 2282 metallum,
439 2240 509 2271 aut
542 2228 584 2270 in
615 2244 716 2284 opus
749 2228 961 2280 publicum
993 2227 1190 2270 damnen-
1242 2222 1392 2286 librum
1437 2221 1484 2265 in
1525 2223 1690 2267 alterius
1747 2222 1967 2267 infamiam
2027 2222 2271 2278 conscripse-

159 2297 255 2339 tur3
290 2286 377 2339 [i]
408 2301 454 2328 ac
485 2284 628 2337 judicis
671 2286 723 2328 est
757 2285 875 2328 hodie
908 2301 979 2338 pro
1011 2285 1191 2340 gravita-
1242 2292 1296 2322 rit
1317 2311 1329 2333 ,
1376 2280 1673 2344 composuerit,
1715 2280 1917 2335 ediderit,
1966 2280 2124 2325 etiamsi
2168 2279 2271 2324 alte-

161 2354 203 2386 te
233 2342 367 2386 deli&
402 2357 568 2396 poenam
601 2342 794 2386 definire.
838 2343 926 2396 [k]
959 2343 1194 2398 Eademque
1215 2367 1219 2391 ζ
1243 2338 1324 2380 rius
1356 2352 1551 2391 nomine,
1584 2336 1648 2380 vel
1680 2337 1823 2393 absque
1857 2339 2027 2382 nornine
2069 2339 2270 2382 horumve

162 2398 252 2453 lege
296 2399 566 2453 repellebatur
618 2416 640 2442 a
684 2400 898 2452 judicando
941 2399 1085 2442 actoris
1128 2415 1194 2455 ge·
1242 2394 1337 2450 quid
1380 2393 1610 2437 faciendum
1664 2395 1897 2438 curaverit:
1942 2396 2019 2448 (ε)
2068 2396 2111 2438 &
2143 2396 2269 2438 Sena-

163 2470 273 2507 ner,
305 2456 444 2507 socer,
479 2456 671 2509 vitricus,
704 2456 919 2512 privignus
942 2488 953 2508 ,
988 2456 1194 2510 sobrinus,
1215 2472 1220 2502 {
1243 2451 1488 2515 tusconsulto
1527 2451 1575 2513 &fd
1625 2451 1730 2495 hanc
1776 2451 1910 2506 legem
1953 2452 2117 2496 condito
2150 2450 2269 2502 subji-

163 2512 345 2557 affinisve
388 2512 489 2556 alius
542 2513 770 2570 proximior
790 2545 801 2564 ,
846 2515 932 2565 (l)
974 2512 1017 2555 8<
1062 2525 1193 2567 patro·
1216 2504 1220 2521 ‘
1243 2520 1406 2570 ciuntur
1437 2523 1570 2562 poenis
1602 2508 1699 2564 legis
1721 2539 1732 2561 ,
1761 2512 1832 2564 qui
1864 2509 2048 2553 adversus
2079 2508 2262 2563 aliquem

163 2585 268 2614 nus.
309 2569 540 2626 Distinguit
588 2582 726 2614 autem
773 2569 836 2614 lex
879 2569 1075 2614 Cornelia
1107 2570 1194 2625 pul·
1243 2564 1482 2617 iniuriosum
1502 2565 1942 2622 quidquamdixerint,
1974 2566 2287 2624 autepigram·'

2155 2635 2268 2671 mata

1825 2696 2267 2714 *ΜΡ-’Ἢ

1289 2726 1360 2767 (i)
1387 2726 1458 2768 ΣΕ.
1485 2729 1520 2762 in
1536 2736 1581 2772 pr.
1598 2729 1633 2772 ff
1646 2731 1682 2762 de
1696 2728 1796 2768 iniur-

1287 2772 1358 2815 (νη)
1383 2778 1418 2807 L·
1438 2784 1465 2813 5.
1485 2777 1513 2817 §.
1535 2774 1611 2818 hfi‘]
1627 2776 1664 2808 de
1677 2773 1777 2816 injure

1287 2820 1346 2860 (n)
1376 2821 1499 2852 Eadem
1523 2823 1614 2862 lege.

1289 2864 1341 2904 [0]
1368 2865 1437 2902 L.5.
1458 2868 1474 2908 §
1491 2870 1520 2897 6.
1536 2878 1566 2906 7.
1580 2864 1621 2908 ff.
1638 2866 1675 2899 de
1689 2865 1792 2906 injur.
2138 2905 2145 2912 ,

1291 2910 1353 2950 (p)
1379 2913 1450 2943 La.
1470 2913 1497 2953 §.
1515 2912 1580 2943 bac.
1594 2913 1657 2953 leg.
1673 2914 1704 2944 8.
1718 2910 1757 2954 ff
1773 2911 1810 2943 de
1823 2910 1922 2950 injur.
1942 2919 1994 2948 34.
2010 2909 2047 2942 de
2062 2908 2193 2956 juretur.

1286 2954 1344 2996 (q)
1372 2958 1407 2986 L.
1425 2957 1478 2987 hos
1491 2956 1632 2995 accusare
1646 2956 1740 2996 §iuln
1755 2955 1794 2998 ff.
1810 2957 1848 2988 de
1862 2956 1999 3000 accusat·⁴
2019 2957 2128 2989 cuiae.
2145 2953 2187 2985 ad
2202 2953 2265 2988 tit.

1242 2999 1322 3032 ede
1336 2999 1478 3038 injur&
1492 3001 1534 3033 ad
1550 3000 1936 3039 Paull.lib.3.sent.tit.de
1949 2998 2045 3037 injur.
2061 2996 2094 3038 §-
2108 2996 2208 3038 injur.

1283 3044 1340 3083 (r)
1366 3046 1403 3075 L.
1419 3044 1542 3084 constit.
1560 3048 1657 3087 37.'§.
1681 3056 1705 3077 ι·
1719 3043 1759 3087 ff
1775 3045 1812 3078 de
1827 3043 1926 3084 injur·

1287 3089 1342 3129 (s)
1367 3088 1476 3126 cujac.
1498 3093 1532 3120 C.
1549 3091 1586 3122 tle
1600 3090 1699 3128 injur.

1285 3135 1306 3176 ζ
1320 3133 1365 3174 ι’)
1389 3135 1427 3168 L.
1444 3142 1473 3176 5.
1493 3135 1519 3178 ᾗ.
1530 3145 1556 3174 9.
1569 3133 1609 3178 ff.
1624 3135 1662 3168 de
1676 3132 1774 3174 injur,

164 2700 618 2713 -s—n—-——-,—-

209 2732 271 2771 (a)
296 2733 333 2762 L.
353 2743 379 2763 1.
394 2729 432 2773 ff.
447 2731 489 2763 ad
502 2733 563 2773 leg.
584 2734 674 2763 Corn.
691 2730 790 2771 desit.
811 2732 863 2772 §.1

209 2775 273 2817 (b)
301 2777 370 2808 LI.
386 2779 422 2808 C.
438 2777 475 2809 da
487 2777 622 2808 immun.
643 2786 729 2807 nem.
743 2775 864 2807 conced.

210 2823 233 2862 (
248 2832 263 2854 c
277 2820 296 2859 )
320 2822 392 2851 La.
411 2825 446 2853 C.
463 2821 505 2853 ad
518 2823 580 2862 leg.
597 2822 719 2852 Cornet.
735 2820 772 2853 de
781 2820 863 2862 falfi

211 2866 233 2905 (
245 2867 266 2897 d
281 2868 290 2900 ‘1
317 2867 459 2898 Duaren.
487 2867 541 2898 hoc
555 2866 610 2898 rit.
626 2871 694 2907 cap.
712 2874 742 2904 3.

209 2911 233 2949 (
246 2920 261 2940 e
272 2909 292 2947 )
317 2913 451 2943 Sveton.
476 2911 511 2943 in
527 2910 642 2942 Claud.

212 2953 293 2994 (f)
316 2956 459 2988 Duaren.
486 2956 544 2988 tit.
569 2955 607 2987 de
620 2954 721 2993 injur.

215 2999 237 3038 ζ
248 3009 270 3040 g
286 2997 306 3036 )
334 3000 387 3031 Aa
401 3000 458 3033 tit.
476 3003 512 3033 C.
530 3000 567 3032 de
577 2997 678 3037 injur.

217 3044 238 3083 ζ
254 3044 272 3074 h
285 3042 303 3079 )
330 3045 367 3074 L·
387 3052 415 3081 5.
439 3042 478 3086 ff.
496 3045 532 3076 de
549 3043 649 3083 injur.
665 3042 774 3084 lnfiie.
801 3044 839 3077 de
852 3041 950 3084 injur.
969 3043 1066 3087 §.sed
1079 3043 1118 3078 ΕΓ
1132 3045 1192 3079 lex,

174 3086 278 3120 rann.
292 3087 377 3127 sem·
393 3097 421 3125 5.
440 3089 496 3120 tiu.
511 3090 548 3122 de
562 3088 660 3130 iniur.
677 3089 733 3120 ubi
745 3087 856 3125 cujac.

218 3134 239 3174 (
251 3132 265 3164 i
274 3130 293 3173 )
319 3132 420 3168 Paull.
435 3134 555 3178 loe-cit.
647 3135 701 3177 (k
713 3135 734 3177 )
758 3132 870 3176 cuiae.
887 3135 922 3169 C.
937 3134 975 3172 de
988 3133 1091 3175 injur.
