2596 3479
182 391 210 414 Q

217 1345 220 1348 ,
250 1308 432 1354 sumebat
459 1312 578 1357 fasces
599 1347 612 1368 ‚

275 81 386 129 2156

1021 86 1162 138 DE
1242 88 1844 158 LEGIBUS,

271 169 321 195 nc
346 152 445 206 suit,
483 170 534 200 ne
556 156 744 202 simulata
767 160 929 214 adoptio
951 160 965 211 (
984 162 1031 211 ⁴²)
1055 159 1135 203 ulla
1158 161 1199 203 in
1225 177 1307 216 par-

1367 175 1447 207 tur.
1490 165 1538 206 In
1564 166 1708 210 ceteris
1725 198 1751 230 ³.
1769 166 1837 228 qui
1866 175 1935 208 aut
1961 162 2127 211 coelibes
2149 167 2305 225 essent3
2335 181 2405 215 aut

271 222 308 254 te
336 213 517 257 muneris
544 215 694 268 publici
723 217 946 271 prodesset:
982 219 1045 268 (a)
1070 218 1307 274 cospeetam
1365 219 1443 263 sine
1473 222 1584 275 prole
1617 225 1786 276 matit13
1821 239 1878 274 Jus
1908 236 2021 268 vetus
2051 228 2300 278 permansisse
2331 245 2402 283 pu-

272 268 448 324 Ulpiani
475 273 596 316 verba
621 275 685 325 (b)
713 274 795 316 haec
822 291 829 315 :
863 276 1049 330 adoptivi
1063 274 1154 329 filii
1171 277 1214 318 in
1236 294 1304 319 nu-

270 343 419 370 merum
452 347 527 373 non
546 330 761 386 proficiunt
784 331 1018 387 liberorum,
1050 335 1124 388 qui
1148 335 1305 389 excusa-

270 401 308 428 re
329 396 525 449 ‘parentes
559 388 687 442 solent
718 421 726 430 .
779 389 857 432 His
882 405 1023 435 autem
1049 390 1257 436 fraudibus
1289 425 1300 447 ‚

267 443 417 500 quibus
436 477 447 497 ‚
482 459 527 488 ut
552 457 643 489 mos
663 446 717 490 est
744 445 966 492 hominum
995 482 1007 503 ,
1042 449 1145 506 leges
1171 451 1303 506 publi-

266 517 316 545 co
343 503 451 545 bono
474 503 647 547 conditae
670 505 717 548 ad
749 506 953 561 privatam
979 507 1198 552 trahuntur
1224 509 1299 552 uti-

263 549 425 603 litatem
473 561 642 606 obviam
678 563 782 607 itum
823 565 876 608 est
913 565 1221 620 professionibus
1256 566 1282 610 li

262 616 456 683 berorum
476 650 488 672 ,
519 620 624 676 apud
654 621 741 664 asia
775 622 935 677 publica
957 623 1181 678 institutis;
1203 641 1298 680 qua-

262 690 354 717 rum
380 674 517 732 aliqua
544 679 703 722 mentio
733 680 837 735 apud
862 681 1105 733 juvenalem
1125 714 1138 736 ,
1170 683 1225 737 [c]
1255 682 1298 726 ὅ(

261 732 514 778 Terentium
539 735 805 781 Clementem
833 770 841 780 .
886 741 980 783 Hoc
1005 739 1134 783 etiam
1161 739 1298 784 liberis

259 788 326 855 lex
361 791 482 846 Papia
508 793 682 848 tribuit,
728 808 771 839 ut
816 796 958 852 singuli
983 797 1044 849 jus
1076 797 1196 841 unius
1220 814 1294 842 an·

257 862 302 890 nt
330 850 488 903 parenti
516 853 676 907 pariant
698 854 745 896 ad
773 853 947 897 honores
980 870 992 907 3
1036 855 1195 898 etenim
1221 872 1291 899 an-

258 907 375 950 naria
403 907 491 965 lege
516 924 625 953 certa
651 925 744 953 aetas
767 924 852 954 erat
877 911 1041 967 singulis
1069 912 1293 958 honoribus

256 964 423 1009 definita
453 983 466 1020 3
516 968 623 1012 intra
651 985 773 1024 quam
805 983 963 1014 certum
997 970 1199 1015 honorem
1230 985 1290 1015 at-

255 1021 415 1078 tingere
454 1040 577 1068 nemo
610 1039 768 1081 poterat
806 1059 815 1069 .
867 1030 962 1071 Hoc
997 1042 1136 1073 autem
1172 1028 1288 1073 liberi

251 1080 492 1133 praestabant
521 1115 533 1137 ‚
585 1095 628 1126 ut
658 1099 817 1128 annum
848 1085 1039 1130 adderent
1065 1086 1210 1143 singuli
1242 1088 1289 1130 ad

252 1149 413 1201 :etatem
459 1142 636 1194 parentis
669 1158 678 1183 τ
735 1142 811 1186 sive
847 1159 921 1199 pro
956 1143 1123 1199 singulis
1151 1144 1288 1188 liberis

252 1208 382 1247 gratia
407 1196 508 1254 legis
532 1199 651 1243 fiebat
676 1200 797 1244 unius
819 1201 920 1244 anni
942 1233 950 1242 .
983 1202 1070 1256 [d]
1097 1203 1287 1246 Praeterea

252 1266 395 1296 eorum
435 1285 447 1308 ‚
497 1257 566 1311 qui
591 1257 866 1302 Consulatum
892 1259 1078 1314 inirent,
1111 1259 1143 1303 is
1177 1261 1286 1314 prior

272 1367 277 1372 ι
653 1316 722 1371 qui
751 1315 884 1367 plures
916 1348 928 1369 ,
978 1333 1103 1372 quam
1128 1317 1286 1375 collega

251 1364 398 1410 liberos
424 1369 587 1414 haberet
609 1404 619 1423 ‚
652 1373 721 1416 etsi
745 1373 787 1416 δι
814 1374 893 1429 ipse
919 1373 1012 1418 effet
1036 1374 1079 1417 in
1095 1376 1284 1430 potestate

246 1423 414 1468 alterius
437 1442 448 1479 3
480 1427 558 1482 [e]
583 1430 704 1486 inque
731 1430 953 1475 liberorum
975 1447 1149 1477 nurnero
1169 1448 1282 1476 eom-

247 1484 496 1536 putabantur
518 1487 645 1530 etiarn
670 1488 697 1531 ii
717 1520 731 1541 ,
750 1489 817 1544 qui
846 1489 952 1533 bello
976 1490 1283 1545 occubuerunt,

248 1541 447 1593 quoniam
482 1544 612 1588 adhuc
657 1545 806 1588 virtute
838 1546 881 1590 ἃ
906 1546 1038 1600 gloria
1062 1547 1283 1602 viverent3

248 1596 441 1660 siquidem
465 1601 505 1643 in
533 1602 620 1645 acie
643 1602 899 1646 cecidissent:
922 1619 1017 1647 cum
1043 1603 1085 1647 hi
1109 1620 1179 1660 pro
1204 1608 1279 1649 Re-

243 1655 405 1717 publica
433 1657 559 1701 vitam
583 1658 793 1714 profudisse
806 1661 1018 1704 dicantur:
1045 1678 1130 1704 non
1144 1675 1281 1706 autem

242 1725 310 1765 qui
336 1713 377 1754 in
403 1714 609 1762 obsidione
633 1717 732 1771 [⁴¹⁵]
760 1719 988 1773 perierunt.
1024 1719 1173 1774 [fJ1n
1196 1720 1280 1775 pari

241 1782 338 1811 vero
362 1785 541 1816 numero
563 1775 786 1819 liberorum
813 1778 848 1820 is
869 1776 1025 1820 Consul
1044 1777 1162 1821 alteri
1182 1793 1281 1833 p-rae-

242 1824 446 1871 ferebatur
466 1862 478 1883 ‚
512 1831 589 1875 five
616 1832 736 1877 fasces
763 1835 919 1888 primus
952 1835 1133 1878 sumebat
1163 1867 1175 1888 ‚
1209 1834 1279 1892 qui

243 1883 338 1925 esset
368 1889 539 1948 maritus
573 1922 584 1943 ‚
628 1892 690 1934 vel
719 1892 760 1933 in
789 1892 1033 1936 maritorum
1062 1908 1235 1937 numero
1266 1924 1279 1947 ,

243 1953 314 1983 aut
334 1957 402 1998 qui
425 1943 484 1994 jus
509 1946 755 2001 impetrasset
783 1948 922 1992 mariti
943 1982 955 2003 ‚
989 1950 1048 2006 lg]
1071 1963 1139 1997 aut
1162 1950 1278 2004 spon—

242 1996 304 2040 sus
327 2000 418 2043 esset
441 2018 466 2055 3.
487 2018 571 2046 non
597 2017 733 2048 tamen
768 2006 978 2050 simulatus
1004 2041 1013 2050 .
1046 2008 1129 2061 [b]
1150 2009 1190 2051 Si
1213 2024 1278 2052 ve·

238 2069 286 2118 ro
313 2058 449 2102 mariti
481 2060 607 2104 essent
631 2065 753 2106 ambo
777 2064 977 2108 Consules
1009 2097 1021 2118 ,
1064 2081 1160 2109 curn
1194 2065 1279 2120 pari

239 2111 463 2160 liberorum
497 2133 670 2164 numero
691 2152 703 2174 ‚
747 2121 879 2175 major
909 2135 1009 2167 natu
1042 2123 1279 2179 praefereba-

243 2247 791 2268 *m—

267 2282 305 2330 ·(
318 2284 336 2302 '¹'
349 2283 374 2323 )
394 2285 522 2320 Mirum
540 2310 552 2326 ,
576 2288 652 2322 huic
676 2288 783 2322 fraudi
799 2290 901 2332 ipsam
915 2291 1020 2335 legem
1035 2302 1102 2325 non
1116 2292 1203 2326 ivisse
1220 2293 1276 2326 ob-

243 2337 331 2359 vum
347 2351 354 2359 .
370 2332 492 2379 ‘Facile
518 2333 606 2366 enirn
634 2334 708 2376 ipsis
735 2334 807 2372 ejus
822 2336 981 2369 lateribus
998 2347 1154 2379 apparere
1185 2345 1279 2380 pote-

245 2379 293 2403 rat
310 2394 320 2410 ‚
347 2385 415 2407 vim
441 2375 511 2414 ejus
537 2378 583 2410 ita
610 2388 803 2413 enervatum
817 2380 881 2421 iri,
911 2381 990 2414 dum
1005 2381 1182 2425 adoptione
1200 2383 1279 2416 affe-

242 2415 411 2452 stareotur
439 2423 574 2464 praemia
597 2426 810 2464 μολυτοιίδαν
838 2448 849 2466 ,
890 2428 1049 2459 orborum
1091 2427 1278 2462 vitarentur

243 2472 365 2502 poeuae.
395 2467 563 2502 Coelibum
588 2478 697 2502 autem
716 2481 827 2512 peenas
844 2472 1046 2515 effugiebant
1063 2474 1276 2506 maritorum-

240 2517 300 2555 que
318 2513 448 2550 proemia.
463 2513 640 2555 captabant
656 2514 806 2547 homines
822 2515 904 2549 sistis
921 2518 1149 2550 matrimoniis
1165 2539 1174 2556 ‚
1203 2520 1272 2562 qui-

245 2558 302 2601 bus
322 2565 381 2588 nec
396 2557 470 2599 ipsis
487 2558 673 2592 inhibendis
688 2560 763 2592 satis
780 2561 915 2602 provida
934 2562 988 2594 lex
1006 2560 1111 2595 fuerat
1131 2585 1142 2602 ‚
1161 2564 1276 2596 relieta

239 2594 461 2650 divortiorum
474 2603 629 2636 licentia.
658 2605 724 2638 Sub
741 2606 879 2639 Tiberio
895 2606 1005 2649 utique
1025 2609 1173 2650 Quaestor
1192 2619 1272 2641 uxo-

241 2650 311 2674 rem
339 2646 441 2684 pridie
456 2648 628 2682 forti·ione
641 2648 773 2683 dustam
788 2651 943 2694 postridie
959 2652 1136 2695 repudiasse
1151 2653 1275 2697 legitur

239 2686 325 2728 apud
342 2692 535 2725 Svetonium
550 2694 583 2726 in
601 2693 711 2726 Tiber.
727 2707 752 2729 c.
771 2705 822 2735 35.
1288 2709 1292 2712 ”

286 2733 347 2773 (a)
370 2737 480 2769 Tacit.
495 2738 552 2769 lib.
575 2747 622 2775 ις.
640 2743 748 2772 annal.
766 2750 834 2783 cap.
857 2753 906 2782 19·
1122 2766 1125 2767 ν
1244 2780 1250 2786 ,

285 2777 341 2817 (b)
370 2783 405 2812 L.
425 2792 453 2813 2.
477 2785 504 2826 §.
523 2793 551 2813 2.
568 2781 607 2825 ᾕῖ
621 2785 656 2816 de
675 2796 780 2818 vacat.
799 2786 837 2819 (5·
851 2788 989 2829 excusat.
1009 2797 1201 2822 munerum·

283 2824 339 2863 (e)
364 2827 438 2858 sat.
462 2839 489 2866 9.
509 2829 613 2859 L.'16.
631 2830 667 2869 ff
687 2830 726 2861 de
738 2830 860 2871 probat.

284 2868 344 2908 (d)
370 2873 406 2902 L.
425 2883 455 2903 2.
470 2871 507 2915 ff
523 2873 562 2904 de
575 2873 682 2905 minor
696 2874 736 2904 Θ·
750 2877 771 2906 1.
794 2887 823 2906 2.
840 2875 875 2917 ff:
892 2877 930 2908 de
945 2876 1110 2910 Munerib.

281 2915 338 2952 (ο)
364 2916 400 2948 L.
419 2927 447 2948 2.
463 2916 503 2960 ff·
518 2918 556 2949 de
570 2929 656 2950 mun.
674 2918 713 2949 (5
727 2920 798 2951 bon.
815 2921 899 2953 Gell.
919 2921 977 2953 tib:
997 2933 1027 2954 2.
1043 2933 1067 2952 e.
1096 2931 1147 2962 ις.

284 2961 303 2998 (
317 2960 387 2999 “’)
413 2962 509 3003 Quod
538 2961 655 2995 falsum
671 2962 784 2996 videre
802 2965 903 3007 posset
918 2987 930 3003 ,
962 2967 1018 2999 nisi
1047 2967 1170 3002 diserte
1185 2968 1268 3001 affir-

237 3013 384 3038 maretur
408 3007 449 3040 ab
478 3007 623 3049 Ulpiano
639 3007 671 3040 in
688 3011 723 3040 L.
749 3012 798 3042 18.
828 3013 871 3041 D.
891 3011 929 3042 de
946 3013 1061 3052 131quss
1085 3014 1166 3045 Tur.
1197 3015 1271 3056 quia

237 3048 346 3083 strisse
371 3061 541 3093 acceptum
567 3053 610 3086 est
638 3053 787 3091 bellum.
815 3066 872 3097 pro
898 3055 1010 3088 duello
1031 3079 1041 3095 ‚
1068 3057 1120 3090 seu
1145 3058 1272 3100 duplici

235 3099 382 3143 ejtercnu
395 3098 461 3130 acie
477 3097 711 3141 congrediente
727 3123 735 3135 „
756 3100 812 3132 etsi
829 3100 909 3133 alias
925 3101 1052 3133 obsidio
1069 3103 1181 3146 utique
1204 3103 1270 3136 bel-

235 3136 258 3170 h
275 3147 349 3183 pars
366 3142 405 3176 fit
419 3165 430 3184 ,
458 3154 518 3178 nec
543 3153 597 3178 eos
624 3154 683 3186 pro
714 3145 897 3188 Republica
913 3146 1061 3183 cecidisse
1081 3159 1270 3192 negemus,

1363 278 1534 322 taverim
1555 310 1565 321 .
1601 281 1741 324 Etiam
1766 282 1809 325 in
1836 281 1996 324 theatro
2025 281 2154 333 major
2183 283 2313 329 honos
2334 285 2406 330 ha-

1361 336 1527 379 bebatur
1552 339 1710 383 maritis
1745 371 1755 382 .
1802 340 1973 382 Etenim
1998 340 2067 396 qui
2094 340 2219 384 essent
2244 359 2264 386 e
2292 344 2406 398 plebe

1360 394 1497 436 mariti
1530 426 1544 448 ‚
1590 396 1768 452 proprios
1795 395 1997 440 habebant
2022 398 2186 442 ordines
2212 402 2253 442 in
2288 401 2402 445 thea-

1357 463 1417 493 tro
1440 483 1448 494 .
1482 451 1557 506 [i]
1584 455 1718 510 Atque
1753 455 1830 498 hoc
1855 455 2084 510 appellatur
2105 457 2146 498 in
2169 473 2314 513 genere
2335 458 2395 509 jus

1355 507 1572 553 liberorum
1590 543 1603 565 ‚
1631 512 1864 556 distinfium
1892 512 2115 565 saneajure
2143 529 2268 558 trium
2292 515 2395 559 libe-

1354 583 1491 610 rorum
1518 600 1529 620 ‚
1573 570 1678 625 quod
1714 570 1755 613 δι
1791 585 1843 614 ex
1870 570 1930 614 his
1966 572 2159 623 profluxit
2190 572 2346 630 legibus
2378 590 2390 616 ε

1351 623 1461 676 cujus
1494 625 1538 669 &
1570 644 1590 669 a
1617 628 1933 671 Lacedaemoniis
1959 628 2082 682 [Μ’]
2113 632 2238 686 repeti
2273 631 2395 686 posset

1350 684 1489 736 origo.
1524 686 1686 729 Horum
1706 687 1819 729 enirn
1848 686 2031 728 moribus
2062 686 2243 741 parentes
2268 690 2391 732 trium

1351 739 1572 786 libero-rum
1627 744 1677 786 ab
1723 743 1833 786 urbis
1888 743 2062 785 custodia
2118 744 2162 786 ὃ(
2200 746 2390 791 excubiis

1345 812 1461 840 erant
1485 800 1690 843 immunes
1722 817 1733 853 3
1784 811 1958 855 quatuor
1989 815 2084 843 vero
2115 800 2300 856 susceptis
2338 803 2391 846 li-

1346 856 1446 899 beris
1466 889 1476 909 ‚
1508 860 1624 901 omni
1658 857 1814 911 prorsus
1837 873 1959 900 onere
1985 856 2228 902 levabantur
2255 890 2264 902 .
2298 859 2386 915 [k]

1345 914 1398 956 Et
1431 916 1576 958 Romae
1597 916 1678 970 post
1712 915 2040 971 tergeminorum
2081 929 2296 960 certamen
2325 930 2389 960 at·

1341 987 1417 1026 que
1456 973 1731 1017 Horatiorum
1759 973 1975 1016 instoriam
2003 973 2082 1017 fuit
2111 973 2345 1019 institutum
2372 1006 2386 1031 ‚

1342 1042 1385 1071 ut
1411 1031 1648 1083 tergeminis
1671 1031 1777 1074 natis
1800 1030 2000 1074 alimenta
2023 1046 2073 1074 ex
2102 1032 2266 1085 publico
2286 1048 2385 1088 prae·

1340 1087 1531 1131 berentur
1562 1088 1682 1144 usque
1705 1088 1754 1131 ad
1779 1088 2033 1143 pubertatem
2050 1120 2060 1130 .
2093 1089 2166 1142 [l]
2188 1092 2282 1133 Hoc
2304 1090 2383 1146 igi-

1339 1156 1403 1187 tur
1442 1145 1543 1202 legis
1586 1146 1705 1198 Juliae
1732 1146 1865 1201 capite
1895 1146 2034 1190 auflus
2057 1147 2111 1189 est
2137 1146 2254 1190 favor
2285 1147 2387 1191 libe-

1337 1217 1474 1247 rorum
1496 1235 1514 1257 ,v
1543 1203 1741 1259 profefitus
1762 1202 1845 1255 jam
1877 1203 1947 1247 diu
1968 1220 1991 1247 a
2017 1204 2300 1248 vetustioribus
2321 1203 2385 1249 le-

1334 1259 1483 1315 gibus;
1515 1261 1557 1304 &
1585 1262 1815 1316 parentibus
1840 1260 1940 1314 [m]
1973 1261 2152 1305 concessa
2185 1261 2263 1306 fuit
2296 1261 2380 1306 im-

1335 1319 1516 1361 munitas
1546 1335 1720 1363 onerum
1758 1319 2033 1374 personalium
2058 1332 2222 1363 tantum
2250 1352 2261 1373 ‚
2293 1319 2379 1376 [n]

1334 1374 1361 1417 si
1388 1378 1533 1419 Romae
1552 1409 1564 1429 ,
1597 1377 1653 1431 [0]
1678 1389 1747 1419 aut
1775 1377 1817 1419 in
1849 1377 2156 1420 continentibus
2179 1377 2376 1432 aedificiis‚

1331 1448 1419 1488 quae
1454 1436 1602 1477 Romae
1621 1434 1897 1489 appellatione
1929 1433 2335 1488 comprehenduntur
2359 1465 2372 1489 ,

1334 1490 1481 1534 liberos
1508 1505 1589 1535 tres
1624 1491 1895 1547 susceperint.
1929 1491 2013 1546 [p]
2041 1494 2170 1535 Extra
2191 1494 2375 1535 Romam

1331 1561 1469 1591 autem
1496 1549 1538 1591 in
1562 1550 1681 1591 Italia
1701 1562 1901 1604 quatuor,
1934 1550 1980 1591 in
2002 1549 2226 1604 provinciis
2249 1549 2374 1604 quin-

1330 1621 1406 1661 que
1434 1605 1548 1648 liberi
1572 1638 1583 1659 ‚
1619 1606 1697 1649 sive
1720 1605 1948 1648 incolumes
1970 1636 1981 1656 ‚
2022 1605 2100 1648 five
2127 1605 2171 1648 in
2197 1605 2282 1649 acie
2310 1606 2376 1650 in-

1331 1663 1495 1706 teremti
1521 1663 1746 1707 eorundem
1770 1678 1944 1706 onerum
1971 1662 2288 1707 immunitatem
2308 1663 2373 1706 af-

1331 1719 1515 1764 ferebant
1541 1717 1756 1764 ,Prosunt
1796 1720 1923 1763 etiam
1969 1733 2135 1776 nepotes
2174 1736 2225 1764 ex
2250 1720 2368 1764 filio:

1330 1777 1387 1821 ita
1411 1789 1575 1832 tamen,
1611 1791 1655 1822 ut
1680 1779 1724 1821 in
1751 1777 1806 1821 sui
1834 1777 1958 1833 patris
1984 1777 2120 1822 locum
2141 1778 2369 1833 succedant,

1329 1835 1414 1890 [q]
1447 1835 1550 1879 item
1580 1836 1623 1878 δι
1655 1835 1880 1890 mancipati
1909 1866 1920 1888 ,
1968 1834 2013 1878 &
2043 1835 2150 1891 quasi
2182 1837 2370 1879 emanci-

1331 1894 1413 1948 pati
1438 1925 1451 1947 ,
1482 1893 1562 1947 [r]
1592 1905 1635 1936 ut
1667 1892 1871 1936 Monachi
1897 1924 1909 1946 ‚
1944 1890 2133 1948 Episcopi
2163 1925 2175 1946 ,
2219 1894 2262 1936 δι
2296 1894 2371 1937 Pa-

1329 1950 1475 2004 tricii3
1525 1951 1645 2004 [***]
1677 1966 1761 1993 non
1794 1962 1934 1993 tamen
1968 1963 2135 2004 nepotes
2165 1966 2215 1994 ex
2251 1949 2366 2009 filia,

1327 2008 1422 2064 quia
1455 2024 1538 2051 non
1569 2010 1672 2061 avi,
1724 2007 1785 2051 sed
1816 2007 1996 2051 alienam
2029 2006 2208 2050 referunt
2242 2007 2367 2051 fami-

1329 2065 1429 2109 liam
1456 2081 1468 2119 ;
1513 2067 1620 2109 Item
1654 2065 1680 2108 fi
1714 2065 1983 2107 monstrosum
2015 2064 2183 2108 ediderit
2216 2064 2369 2109 mulier

1329 2122 1495 2181 partum
1517 2155 1530 2177 ‚
1568 2123 1601 2166 is
1632 2122 1797 2167 mulieri
1827 2123 1874 2166 ad
1906 2121 2075 2166 veniam
2106 2121 2205 2179 legis
2237 2122 2369 2177 PapIae

2282 2195 2374 2234 pro-

1760 2257 2112 2269 -—--—--—..—-—

1324 2291 1382 2336 qui
1419 2293 1457 2325 in
1479 2292 1647 2326 obsidione
1673 2291 1882 2324 ceciderunt.

1370 2338 1454 2380 (f)
1482 2338 1516 2369 L.
1534 2337 1614 2370 bello
1635 2340 1680 2369 18.
1697 2335 1736 2380 ff
1751 2337 1789 2369 de
1807 2335 1907 2376 excus-
1930 2344 1996 2368 rue.

1370 2382 1432 2425 (g)
1465 2382 1562 2414 Dion.
1579 2381 1636 2415 lib.
1658 2385 1705 2420 56.
1802 2381 1861 2421 (h)
1887 2383 1924 2412 1..
1943 2390 1995 2419 30.
2007 2377 2048 2424 ff
2065 2380 2104 2413 de
2117 2380 2188 2413 rim
2201 2387 2301 2424 nupt·

1372 2429 1424 2468 (τ’)
1438 2431 1588 2468 ,ὃνεῐοῐμ
1606 2429 1641 2459 in
1662 2431 1746 2469 Aug.
1765 2436 1790 2458 c.
1811 2436 1868 2464 44·

1373 2474 1459 2514 [⁴¹'⁸⁴¹
1478 2474 1492 2511 J
1520 2473 1590 2505 Nisi
1621 2484 1670 2505 res
1698 2475 1936 2514 Spartanorum
1957 2469 2163 2513 temporibus
2179 2470 2315 2514 Augusti
2329 2479 2371 2504 ω

1328 2519 1405 2552 loco
1430 2518 1568 2551 minime
1595 2516 1750 2558 fuissent,
1777 2523 1812 2549 u:
1838 2516 1879 2549 ab
1904 2515 1955 2549 his
1982 2516 2013 2550 ei
2035 2516 2128 2559 leges
2153 2514 2304 2558 petendae
2322 2515 2373 2549 vi-

1325 2562 1480 2596 derentur
1495 2587 1502 2594 .

1371 2609 1433 2650 (k)
1462 2607 1556 2641 Arist.
1573 2607 1631 2641 lib.
1650 2619 1680 2640 2.
1696 2607 1823 2649 politia
1845 2618 1872 2647 9,
1891 2604 2015 2640 AElian.
2035 2616 2066 2647 9.
2082 2616 2153 2641 var.
2169 2609 2202 2639 6.
2222 2607 2366 2640 Duaru-

1326 2653 1383 2687 lib.
1401 2664 1431 2685 ².
1450 2662 1516 2693 cap.
1535 2664 1590 2692 40.
1614 2654 1775 2696 disputat.
1799 2652 2003 2693 anniversar.

1370 2700 1418 2739 (1
1435 2699 1453 2736 )
1480 2699 1618 2738 Dionys.
1637 2696 1909 2732 Halicarnas.1ib.
1929 2707 1960 2736 3.

1368 2743 1440 2784 (m)
1466 2745 1503 2774 L.
1521 2754 1552 2774 2.
1576 2747 1610 2775 C.
1628 2745 1790 2786 quinum.
1807 2742 1897 2775 liber.
1913 2741 2015 2782 excus-

1366 2788 1432 2829 (η)
1457 2789 1492 2818 L.
1513 2799 1542 2818 2.
1563 2790 1626 2830 §4
1644 2791 1667 2820 Ι.
1693 2786 1791 2831 ιμῇἶ
1809 2789 1848 2819 de
1863 2796 1971 2819 vacat.
1986 2785 2028 2862 ἵ
2041 2784 2181 2826 eaecusn·
2197 2793 2320 2820 muner·

1933 2855 1940 2862 .
1959 2841 1992 2862 eo
2020 2851 2029 2861 .

1367 2833 1428 2874 (ο)
1450 2836 1487 2864 L.
1510 2831 1633 2875 147.ff.
1650 2833 1687 2864 de
1708 2836 1739 2864 V.
1756 2829 1834 2864 sd.
1855 2841 1883 2862 2.
1905 2829 1939 2873 θ’

1369 2880 1430 2920 (ρ)
1458 2878 1493 2908 L.
1515 2879 1599 2909 unic.
1622 2881 1656 2909 C.
1675 2877 1796 2909 Theod.
1813 2877 1850 2908 de
1868 2877 1919 2908 his
1932 2894 1942 2912 ³
1971 2875 2028 2918 qui
2041 2886 2131 2908 num.
2151 2873 2214 2910 lib.

1368 2923 1427 2967 (q)
1454 2920 1560 2963 Iustis.
1578 2923 1614 2954 de
1633 2923 1735 2962 excas.
1759 2930 1824 2953 tar.
1842 2921 1877 2952 in
1892 2920 1993 2962 princ.

1367 2968 1421 3009 (γ’)
1449 2970 1475 2999 L
1493 2978 1520 2998 2.
1538 2967 1600 3007 §.5.
1614 2966 1653 3010 ff.
1674 2967 1713 2999 de
1731 2976 1840 2999 vacet.
1859 2964 1898 2997 ὼ·
1913 2965 2052 3005 excusae.
2070 2976 2189 2999 muner.

1367 3012 1482 3054 (⁴‘⁴‘”)
1508 3011 1570 3044 Sed
1603 3011 1680 3054 quid
1697 3009 1849 3044 monachi
1871 3031 1881 3048 ‚
1908 3009 2074 3052 episcopi,
2111 3009 2244 3053 patricii
2260 3034 2270 3050 ‚
2297 3012 2317 3052 (
2340 3010 2371 3044 δε

1326 3058 1454 3101 patricii
1474 3056 1609 3100 quidem
1623 3057 1705 3090 tales
1721 3080 1732 3098 ,
1764 3066 1903 3098 quorum
1929 3053 2076 3098 dignitas
2092 3067 2115 3087 ,a
2135 3056 2294 3099 potestate
2315 3065 2373 3098 pa-

1323 3104 1386 3137 tria
1404 3102 1501 3135 solvit
1527 3103 1545 3141 3
1578 3101 1616 3134 ad
1631 3102 1738 3146 legem
1758 3101 1896 3146 Papiam
1911 3122 1922 3140 .
1946 3099 2040 3140 cuius
2055 3108 2205 3146 tempore
2221 3098 2369 3135 nondun

1324 3149 1510 3183 existebant
1524 3171 1533 3180 .
