2524 3479
206 123 283 188 46
603 113 728 167 DE
785 106 1082 165 ORTU
1145 105 1272 161 ET
1340 103 1970 164 PROGRESSU

197 195 245 238 ad
268 192 328 244 jus
352 188 479 236 civile
504 187 540 233 se
563 187 773 240 contulit3
795 187 971 240 adeoque
1007 181 1119 245 brevi
1143 199 1236 238 pro-

200 251 299 295 fecit
318 282 329 304 ,
352 264 396 294 ut
424 247 622 292 omnibus
651 259 745 289 ante
775 245 808 287 se
835 239 1138 295 Jurisconsultis
1163 256 1235 283 an-

203 308 442 359 tecelleret,
475 322 520 349 ac
566 304 768 360 superavit
803 299 1001 362 facilitate
1036 297 1239 351 Gallum,

205 366 366 412 consilii
402 363 608 408 celeritate
639 359 848 404 Lucilium
879 375 888 399 ε
941 357 980 400 ld
1013 356 1120 412 quod
1151 368 1238 398 erat

209 425 254 468 in
287 436 459 478 utroque
495 419 743 476 praestantius
776 448 788 470 ‚
819 416 866 459 ad
901 415 934 458 se
965 412 1200 469 pertrahens
1226 444 1236 456 .

211 485 308 527 Hoc
333 482 457 525 etiam
480 493 625 521 omnes
645 472 959 530 jurisconsultos
982 472 1082 535 vici-t
1098 503 1108 523 ,
1130 470 1236 526 quod

209 537 535 594 jurisprudentiae
567 535 638 578 usu
670 533 804 590 potius
837 563 850 586 ,
890 531 934 574 &
965 530 1154 593 moribus
1196 544 1237 571 e—

212 599 407 648 nutritae,
442 609 564 650 quam
591 606 676 635 arte
699 624 711 644 ‚
743 590 822 644 ipse
843 587 996 631 addidit
1021 599 1235 650 comitem,

213 668 333 710 atque
361 652 602 705 adjutricem
636 648 918 692 dialecticam:
952 660 1030 701 qua
1052 659 1110 686 res
1131 643 1235 705 dissi·

214 724 329 768 patas
360 710 498 764 coegit
524 709 567 751 in
589 707 752 763 propria
774 719 921 761 genera
947 718 958 755 3
1002 700 1231 756 generibus-

212 785 291 825 que
320 769 402 812 suas
431 766 635 810 subtexuit
675 776 830 819 partes:
866 762 989 816 inque
1023 758 1136 822 suum
1168 773 1232 801 or-

214 828 357 870 dinem
391 823 602 868 scientiam
627 837 718 865 eam
744 817 944 873 descripsit
976 815 1232 879 universam:

214 897 261 928 ut
283 899 398 928 mens
417 894 536 925 antea
557 878 805 929 errabunda,
827 875 932 919 reeta
951 884 1133 929 pergeret
1153 888 1235 926 v1a3

218 943 370 998 usuque
415 937 634 984 definiendi
659 968 670 989 ,
719 931 1074 989 distinguendique
1119 929 1232 994 falla-

214 1000 296 1042 cias
325 1031 337 1052 ,
368 998 575 1054 captiones
593 993 840 1036 declinaret.
873 989 976 1042 (¹⁰⁶)
1009 989 1237 1051 Proprieta-

217 1057 269 1099 tis
302 1056 522 1099 verborum
555 1051 602 1095 ad
638 1049 858 1093 eruendam
892 1062 941 1090 ex
967 1044 1233 1097 Iurisconsul-

216 1125 355 1157 torum
382 1112 564 1154 instituto
591 1107 833 1162 primaevam
868 1118 1013 1147 eorum
1035 1103 1232 1157 significa-

218 1171 379 1214 tionem
411 1180 497 1212 erat
525 1164 820 1209 studiosissimus
845 1193 857 1216 ,
888 1177 934 1205 ac
958 1160 984 1203 fi
1019 1160 1114 1222 quid
1138 1175 1234 1204 eum

216 1228 410 1283 effugeret
438 1258 450 1279 ,
482 1226 676 1267 Marcum
704 1222 939 1264 Varronem
975 1218 1233 1281 consulebat.

216 1287 282 1336 (a)
311 1288 359 1327 In
393 1282 610 1338 Quaesturae
634 1311 646 1332 ,
678 1292 800 1333 atque
830 1278 1010 1319 Praeturae
1036 1275 1233 1329 petitione

217 1345 265 1386 L.
282 1343 519 1384 Muraenam
553 1338 654 1380 vicit
675 1368 687 1388 ,
719 1335 769 1378 ab
787 1334 930 1377 eodem
964 1333 1007 1376 in
1032 1331 1235 1395 Consula-

218 1412 283 1443 tus
314 1398 513 1453 petitione
547 1394 677 1438 viRus
703 1409 712 1434 ε
747 1406 870 1448 quern
901 1389 1103 1453 Sulpicius
1144 1405 1232 1454 am7

221 1457 330 1500 bitus
360 1452 562 1499 ac‘cusavit
583 1483 595 1504 ,
627 1450 870 1494 defendente
895 1449 1099 1490 Cicerone
1119 1478 1132 1500 ‚
1163 1462 1233 1509 qui

217 1529 270 1558 ne
305 1528 393 1555 reus
410 1509 648 1555 accusatoris
662 1505 1136 1561 dignitateobrueretur,
1169 1520 1228 1555 Ju-

215 1569 457 1615 cundiffima
481 1565 744 1611 cavillatione
774 1562 1129 1619 jurisprudentiam
1155 1576 1234 1616 prae

219 1628 394 1671 militari
444 1624 590 1680 pe1itia
632 1620 873 1666 extenuavit
907 1652 916 1662 .
965 1619 1233 1673 Antepofitus

219 1685 362 1728 deinde
377 1682 580 1738 Sulpicius
604 1680 682 1723 fuit
708 1679 749 1722 in
776 1677 919 1721 eodem
945 1676 1101 1720 honore
1117 1677 1233 1718 Mar-

218 1759 269 1786 co
294 1742 448 1785 Catoni
484 1738 684 1783 recusanti
711 1736 775 1780 sua
811 1735 854 1778 in
877 1734 1074 1790 petitione
1113 1748 1231 1788 pren-

219 1800 313 1843 dere
342 1831 355 1852 ,
398 1810 467 1841 aut
505 1794 752 1850 compellere
788 1807 1072 1848 quemquam:
1109 1790 1232 1833 colle—

224 1871 403 1913 gamque
436 1853 580 1897 habuit
625 1853 669 1895 in
707 1849 919 1894 consulatu
960 1850 1026 1891 M.
1052 1847 1228 1890 Marcel-

222 1914 337 1957 lum:
372 1912 436 1964 (b)
468 1909 579 1962 cujus
598 1925 619 1952 a
646 1907 793 1964 Magio
817 1905 1001 1949 Chilone
1037 1907 1233 1949 interem-

222 1970 256 2014 ti
282 1970 404 2014 funus
430 1968 509 2024 ipse
534 1966 694 2010 curavit
721 1963 924 2008 Athenis.
951 1963 1118 2006 ViE‘tore
1142 1963 1230 2004 Cae-

218 2028 303 2072 sare
324 2059 336 2082 ‚
369 2041 445 2069 nec
479 2025 574 2068 dum
602 2023 647 2066 in
681 2021 848 2064 Italiam
887 2020 1030 2064 reduce
1054 2052 1066 2073 ‚
1099 2019 1231 2074 Sulpi-

220 2085 334 2137 cius,
365 2083 435 2139 qui
466 2080 659 2136 Pompeio
691 2080 922 2132 studuerat,
955 2077 1023 2121 sibi
1048 2089 1234 2120 metuens

219 2144 267 2186 in
302 2140 505 2186 Graeciarn
543 2138 768 2182 concessit:
806 2135 1012 2191 pluresque
1045 2135 1093 2176 ad
1135 2133 1226 2177 sola-

220 2200 330 2243 tium
369 2197 504 2241 animi
537 2196 722 2251 regiones
757 2192 964 2237 oberravit
988 2223 998 2233 .
1039 2192 1230 2234 Tandem

221 2272 245 2300 a
269 2254 428 2298 Caesare
455 2256 636 2296 Romam
664 2250 819 2294 reverso
839 2282 851 2303 ,
873 2250 1031 2292 summa
1050 2247 1232 2291 clemen-

223 2312 281 2355 tia
304 2343 315 2364 ‚
349 2326 433 2353 non
475 2309 598 2352 modo
630 2308 833 2352 restitutus
857 2339 869 2361 ,
902 2306 962 2350 sed
997 2306 1040 2348 δ(
1066 2306 1233 2349 Graeciae

221 2368 434 2426 praefefi‘tus
460 2366 563 2410 fuit.
598 2367 769 2409 Mortuo
793 2364 950 2407 Caesare
970 2395 981 2416 ,
1002 2364 1041 2405 S.
1058 2364 1110 2405 C.
1135 2379 1211 2406 con

221 2426 354 2471 ditum
381 2425 434 2468 est
455 2424 498 2466 in
524 2423 656 2466 Servii
685 2423 925 2466 sententiam
941 2452 952 2474 ,
974 2433 1017 2463 ut
1040 2421 1231 2473 ORavio,

223 2483 333 2540 quod
355 2481 561 2538 egregiam
581 2480 830 2535 Reipublicae
848 2494 1013 2534 operam
1038 2478 1231 2529 navasset,

222 2558 270 2585 ac
310 2540 547 2584 Antonium
587 2539 729 2582 urbem
774 2536 1029 2591 direpturum
1071 2536 1232 2579 strenuo

222 2597 454 2652 repulisset,
484 2608 580 2639 ante
602 2607 762 2650 tempus
786 2593 1034 2649 praefinitum
1064 2592 1232 2649 legibus,

222 2655 507 2711 magistratum
532 2665 665 2710 petere
699 2651 864 2697 liceret.
897 2650 1091 2695 Tandem
1121 2649 1229 2707 lega-

1288 195 1350 226 tus
1374 182 1510 226 missus
1533 184 1580 227 ad
1609 187 1843 228 Antonium
1873 184 2087 228 Mutinam
2117 180 2301 228 obsiden-

1287 255 1400 294 tem3
1436 255 1479 284 ut
1499 257 1594 286 eum
1625 241 1724 294 jussu
1748 245 1919 285 Senatus
1951 242 2000 285 ab
2026 257 2072 285 ea
2095 241 2303 285 obsidione

1285 298 1593 353 dehortaretur,
1625 312 1744 356 atque
1769 300 1816 342 ad
1846 301 1999 343 saniora
2034 299 2201 342 consilia
2238 314 2300 342 re-

1287 369 1490 399 vocaret:
1528 358 1836 414 ingravescente
1882 357 2116 400 valetudine
2151 358 2194 400 in
2235 356 2308 398 iti-

1287 428 1381 457 nere
1403 415 1627 463 occubuit.
1658 415 1807 459 Hircio
1828 447 1840 469 ,
1873 415 1915 459 ἃ,
1944 415 2064 458 Pansa
2085 416 2169 467 (c)
2193 412 2301 456 Coss.

1285 471 1350 514 cui
1374 472 1547 516 Senatus
1580 488 1628 517 ex
1653 473 1871 517 Ciceronis
1905 472 2105 516 sententia
2148 472 2301 515 sumtus

1283 528 1552 584 amplissimos
1582 531 1763 574 decrevit
1808 531 1851 573 in
1883 529 2006 573 funus
2046 563 2058 583 ,
2089 529 2132 572 ὅτ.
2168 529 2298 583 sepul-

1285 586 1460 639 chrum,
1490 588 1739 642 statuamque
1772 587 1814 630 in
1843 587 1976 631 rostris
2000 588 2220 643 equestrem
2250 603 2300 631 ex

1285 659 1383 688 aere.
1418 646 1607 689 Uxorem
1642 645 1783 687 habuit
1820 644 2100 688 Posthumiam
2131 677 2143 698 ‚
2177 661 2302 701 quam

1286 717 1426 745 rumor
1458 702 1534 746 fuit
1565 719 1587 746 a
1610 701 1715 753 Caio
1738 701 1899 744 Caesare
1931 702 2131 744 adulterio
2165 702 2302 757 pollu-

1284 771 1370 802 tam
1395 791 1404 802 .
1437 760 1593 816 Scripta
1638 759 1803 814 reliquit
1836 759 1938 805 ,sane
1976 759 2180 812 permulta
2208 791 2220 812 ‚
2253 761 2298 803 &

1282 817 1468 873 egregia:
1504 833 1591 875 quae
1613 818 1764 860 Cicero
1788 815 1916 871 pluris
1938 815 2138 868 faciebat,
2171 831 2295 872 quam

1285 873 1536 931 superiorum
1568 874 1762 918 omnium
1783 889 1905 927 opera
1939 874 2201 927 peritorum«
2225 889 2303 916 nu-

1285 948 1526 989 merumque
1560 945 1727 976 centum
1756 947 1905 984 prope,
1937 931 1980 974 &
2009 930 2221 986 octoginta
2251 931 2301 976 li-

1283 989 1449 1034 brorum
1474 989 1584 1050 eim,
1618 989 1871 1044 Pomponius
1904 989 2105 1044 prodidit.

1407 1076 1448 1119 C
1508 1077 1550 1119 A
1612 1076 1640 1116 P
1701 1077 1744 1117 U
1806 1076 1849 1117 T
1970 1077 2000 1118 L
2014 1076 2054 1118 X
2070 1076 2108 1117 V
2127 1077 2161 1117 I.

1515 1134 1581 1177 De
1599 1133 1702 1186 Caio
1725 1132 1915 1174 Trebatio
1937 1133 2057 1186 Testa
2072 1163 2081 1174 .

1387 1218 1489 1271 Ajus
1519 1219 1741 1262 Trebatius
1759 1219 1881 1262 Testa
1909 1218 2115 1276 *insignem
2146 1217 2190 1261 &
2217 1217 2300 1274 ipse

1416 1276 1553 1320 locum
1596 1277 1704 1320 inter
1746 1276 1800 1320 sui
1851 1277 2051 1331 temporis
2090 1276 2298 1327 Juriscon-

1284 1331 1404 1375 sultos
1447 1334 1581 1376 tenuit
1618 1353 1625 1373 τ
1670 1335 1866 1378 Ciceroni
1912 1333 1988 1376 fuit
2028 1332 2299 1377 familiarissi-

1282 1405 1373 1433 mus
1404 1421 1416 1442 ,
1463 1407 1532 1446 per
1572 1406 1696 1447 quem
1740 1390 1940 1435 Trebatio
1987 1391 2118 1433 aditus
2160 1391 2309 1444 patuit.

1281 1447 1329 1489 ad
1354 1448 1522 1492 Caesaris
1554 1448 1782 1492 amicitiam
1819 1449 1864 1491 in
1899 1447 2037 1490 Gallia
2064 1464 2076 1500 3
2108 1449 2177 1490 ubi
2209 1449 2299 1499 (d)

1282 1505 1497 1549 Ciceronis
1537 1508 1667 1561 gratia
1719 1520 1802 1549 tarn
1848 1507 2023 1559 benigne
2067 1504 2144 1547 fuit
2187 1520 2297 1548 rece-

1284 1574 1373 1617 ptus
1404 1579 1427 1605 a
1459 1564 1616 1606 Caesare
1649 1595 1660 1617 ,
1707 1576 1751 1606 ut
1793 1563 1829 1606 ei
1875 1563 2053 1605 Tribuni
2104 1561 2294 1605 militum

1282 1619 1476 1675 stipendia
1503 1652 1515 1674 ,
1557 1620 1638 1663 sine
1693 1621 1873 1663 muneris
1919 1619 2052 1661 labore
2081 1650 2094 1673 ,
2138 1619 2298 1662 detule-

1282 1677 1367 1719 rit.
1400 1677 1535 1721 Caesar
1577 1694 1673 1720 vero
1718 1677 1827 1720 hunc
1873 1676 2058 1720 adhibuit
2100 1675 2298 1720 concilia-

1282 1746 1413 1779 torem
1439 1736 1487 1779 ad
1520 1735 1770 1779 Ciceronem
1803 1767 1814 1788 ,
1856 1735 1899 1777 &
1933 1734 2122 1777 Servium
2152 1734 2294 1787 Sulpi-

1282 1791 1392 1835 cium
1417 1824 1430 1845 ,
1481 1806 1525 1836 ut
1556 1809 1623 1836 eos
1665 1810 1686 1836 a
1720 1791 1901 1846 Pompeii
1950 1791 2129 1847 partibus
2161 1792 2297 1835 tradu-

1282 1862 1389 1892 ceret
1425 1850 1472 1892 ad
1500 1851 1581 1892 suas
1608 1867 1620 1904 3
1653 1850 1768 1893 nullo
1806 1863 1944 1892 tamen
1978 1848 2147 1892 successu
2170 1881 2179 1891 .
2212 1852 2294 1892 Re-

1282 1922 1375 1949 rum
1416 1907 1569 1961 potitus
1612 1909 1746 1950 Caesar
1789 1908 2035 1949 Trebatium
2087 1905 2122 1949 se
2153 1906 2296 1949 admo-

1284 1977 1451 2007 nentem
1491 1996 1502 2018 ,
1546 1978 1591 2008 ut
1622 1963 1790 2008 Senatui
1837 1963 2097 2016 adsurgeret,
2142 1963 2297 2007 minaci

1284 2022 1400 2064 vultu
1432 2022 1667 2077 increpuit.
1712 2020 1900 2065 Trebatii
1934 2032 2079 2076 rogatu
2115 2051 2128 2073 ,
2171 2021 2295 2064 Cice-

1284 2094 1326 2121 ro
1369 2079 1625 2132 Topicorum
1693 2079 1817 2122 libros
1872 2077 2094 2121 forensibus
2154 2092 2296 2121 exem-

1284 2135 1358 2189 plis
1392 2136 1557 2179 refertos
1578 2168 1590 2189 ,
1627 2136 1858 2192 conscripsit
1883 2168 1896 2190 ,
1928 2136 2141 2192 eidemque
2173 2134 2296 2178 misit.

1282 2193 1403 2248 Apud
1448 2194 1674 2249 Augustum
1724 2210 1772 2237 eo
1821 2195 1863 2237 in
1909 2193 2064 2236 honore
2119 2191 2297 2236 habeba-

1283 2263 1347 2292 tur
1370 2281 1382 2302 ,
1415 2263 1458 2293 ut
1494 2251 1540 2292 de
1578 2251 1823 2306 gravissimis
1866 2251 2171 2306 quibuscunque
2221 2264 2292 2292 ne-

1282 2306 1407 2362 gotiis
1446 2308 1722 2350 consuleretur
1747 2338 1756 2349 .
1803 2310 1945 2361 Itaque
1976 2305 2179 2349 Trebatio
2227 2321 2300 2349 au-

1281 2364 1389 2407 &ore
1419 2395 1432 2417 ,
1463 2380 1510 2409 ac
1541 2365 1692 2407 suasore
1734 2363 2020 2406 codicillorum
2063 2362 2178 2405 usum
2227 2363 2297 2406 ad-

1282 2420 1501 2475 probavit.
1533 2423 1593 2472 (e)
1624 2421 1747 2463 Unde
1781 2436 1864 2463 non
1899 2419 2053 2462 mirum
2085 2451 2097 2473 ,
2148 2419 2175 2463 fi
2208 2431 2296 2464 tam

1283 2478 1507 2522 honorifice
1530 2479 1580 2521 ab
1598 2478 1776 2522 Horatio
1805 2479 1887 2530 (⁸²)
1912 2478 1954 2521 in
1974 2478 2125 2530 Satyris
2156 2477 2297 2533 appel-

1284 2537 1414 2579 latur.
1448 2537 1591 2580 Libros
1618 2537 1843 2591 composuit
1867 2536 1913 2578 de
1938 2534 2021 2587 jure
2045 2534 2159 2578 civili
2186 2534 2293 2578 haud

1284 2609 1430 2650 paucos
1461 2594 1505 2637 &
1546 2594 1592 2637 de
1633 2594 1849 2650 Religione
1883 2608 2034 2637 novem
2064 2609 2073 2634 :
2109 2592 2177 2647 qui
2212 2591 2297 2635 for-

1283 2651 1376 2694 tasse
1409 2662 1573 2707 propter
1619 2651 1778 2695 dicendi
1820 2666 1946 2708 genus
1988 2650 2252 2712 inconditum
2278 2680 2292 2703 ‚

2167 2721 2294 2748 rarius

219 2781 1234 2799 ——-—-·——-—-t——-————————-
1282 2778 2296 2791 ———n—-··——-——————-

273 2814 379 2856 (⁴¹⁴²)
404 2814 456 2847 Sic
483 2812 740 2854 pulcherrimum
764 2813 873 2844 locum
899 2810 1069 2845 Ciceronis
1092 2809 1132 2844 de
1159 2811 1233 2845 Phi-

224 2858 376 2900 iosaphia
405 2857 542 2900 Sulpicii
569 2858 604 2888 in
633 2860 737 2888 Bruto
764 2868 787 2887 c·
806 2867 861 2893 41.
891 2855 954 2887 suis
980 2855 1087 2888 noster
1113 2857 1233 2900 iterum

220 2905 331 2938 verbis
363 2904 482 2942 effert,
520 2901 720 2944 dubiumque
767 2899 861 2933 simul
894 2899 1075 2942 relinquit,
1104 2902 1233 2935 Tullius

224 2961 268 2984 ne
297 2948 363 2991 ipse
394 2959 464 2981 rem
492 2945 618 2983 majore
636 2947 667 2978 vi
682 2945 879 2988 eloquentiae
893 2943 1074 2987 prodiderit
1091 2967 1101 2976 .
1129 2949 1235 2981 Antea

225 3006 304 3030 eum
328 2993 483 3035 attigerat
498 3000 564 3033 cap.
581 3001 635 3029 43·
654 2992 683 3023 δε
699 2990 786 3024 infra
815 2990 957 3034 attinget
971 3000 997 3025 c.
1028 2995 1113 3031 164..
1128 2992 1176 3026 &t
1199 2995 1236 3027 in

226 3040 372 3075 oratione
389 3039 428 3070 de
439 3037 711 3078 jurisprudentia.

266 3086 286 3125 (
299 3095 319 3116 a
334 3083 353 3121 )
379 3083 453 3116 Gcl.
472 3082 530 3115 lib.
548 3093 578 3114 2.
597 3088 666 3126 cap.
687 3091 737 3114 ιο.

267 3128 352 3169 (b)
379 3128 473 3161 Dion.
491 3137 586 3169 e,4o.
720 3129 722 3131 ’

264 3176 285 3218 (
298 3172 345 3214 c)
369 3173 515 3217 Philipp.
533 3183 565 3212 9.

1327 2812 1411 2852 (άζ
1437 2813 1491 2843 Ex
1512 2809 1569 2841 lib·
1584 2823 1615 2851 7.
1633 2809 1721 2851 epist.
1749 2812 1817 2844 Cic.
1833 2810 1875 2841 ad
1885 2810 1968 2850 fam.
1996 2807 2058 2841 lib.
2092 2818 2127 2846 4.
2143 2806 2230 2850 epsst.
2263 2818 2294 2840 Ι.

1329 2858 1346 2896 (
1363 2858 1397 2890 e>
1428 2853 1534 2894 Inssir.
1557 2856 1603 2886 de.
1621 2856 1717 2886 codic.
1734 2856 1768 2885 in
1780 2856 1882 2895 princ.

1329 2899 1410 2942 ζ’)
1436 2899 1503 2942 Qui
1529 2899 1648 2931 scilicet
1682 2898 1791 2936 junior
1827 2906 1898 2930 erat
1922 2897 2083 2931 Trebatio
2099 2918 2112 2936 ‚
2152 2907 2295 2939 quocum

1283 2945 1427 2983 cicero,
1467 2953 1582 2985 utpote
1620 2953 1714 2977 aetate
1752 2941 1882 2980 major,
1922 2943 2002 2985 saepe
2042 2940 2115 2979 ioco
2139 2943 2290 2976 liberiori

1283 2990 1434 3024 cavillari
1486 2988 1741 3031 deprehenditur
1779 3012 1786 3019 .
1855 2991 1964 3030 Quare
2019 2987 2137 3020 Daniel
2193 2988 2294 3020 Hein-

1283 3036 1347 3069 fius
1400 3035 1436 3067 in
1475 3032 1562 3076 Diff-
1602 3035 1638 3065 de
1677 3036 1798 3073 satyra
1839 3036 2020 3065 Horatiana
2047 3056 2057 3071 ‚
2096 3033 2294 3067 Trebatium

1289 3089 1448 3123 tanquam
1487 3078 1659 3111 hominem
1683 3079 1788 3111 dubiae
1816 3078 1963 3111 sanitatis
1988 3077 2156 3116 traducit,
2195 3087 2294 3120 quem

1289 3124 1426 3158 excusat
1452 3123 1528 3155 Nic.
1558 3124 1653 3158 Hier.
1681 3123 1902 3168 Gundlingius
1938 3124 1974 3157 in
1998 3122 2071 3169 diff.
2097 3124 2135 3158 de
2162 3126 2197 3156 C.
2215 3124 2295 3156 Tre-

1295 3169 1386 3206 bario
1419 3167 1538 3209 Testa.
