2596 3479
244 122 353 170 ²90
749 97 802 149 D
883 94 933 147 E

248 180 413 223 libertas
438 174 722 230 usucapiatur,
747 174 764 224 (
793 188 817 212 a
842 171 859 220 )
892 168 970 210 sive
1012 179 1127 229 quin·
1157 162 1285 221 longa

244 233 531 288 desuetudine,
573 244 642 278 aut
676 242 882 275 contrario
915 224 985 268 usu
1029 225 1199 267 servitus
1241 239 1285 287 a·

247 295 462 341 mittatur.
496 293 606 336 Item
649 287 858 349 quamvis·
880 295 974 327 ante
1009 280 1144 338 legem
1176 281 1286 325 Scri-

247 354 418 398 boniam
464 351 674 395 servitutes
718 345 889 389 biennio
932 341 1288 395 usucaperentur;

247 427 360 457 nunc
407 424 547 453 tamen
594 407 721 451 etiam
764 401 1034 457 adquiruntur
1059 428 1073 452 ‚
1099 397 1164 462 secl
1195 398 1286 462 lon-

247 485 298 526 ga
331 468 591 526 possessione,
625 465 731 507 bona
763 461 839 504 fide
878 489 891 513 ,
935 456 1079 520 absque
1112 455 1197 500 alio
1229 472 1289 508 Ju-

250 544 318 583 re,
353 527 431 571 sive
464 523 586 568 titulo
617 519 858 566 aufioritate
892 517 1076 560 Praetons
1097 545 1106 556 .
1139 514 1232 567 (b)

386 640 428 683 C
489 642 527 683 A
591 638 621 681 P
681 635 725 677 U
785 634 829 676 T
949 630 1135 675 LXVII.

566 726 633 770 De
656 723 737 780 lege
750 720 948 765 Mamilia
963 749 971 760 .

379 812 479 857 Ulit
515 813 556 857 ἃ
572 813 627 857 C.
644 806 862 854 Mamilius
882 805 1005 848 Trib.
1031 803 1157 860 plebis
1189 803 1297 847 inter

399 871 516 927 plura
550 872 683 926 capita
703 868 750 910 de
766 865 971 909 limitibus
987 894 998 914 ,
1013 865 1029 913 (
1046 862 1149 905 unde
1165 862 1207 906 δι
1230 862 1297 906 Li-

254 931 436 975 mitanus
478 928 606 972 dietus
628 960 640 981 ,
683 928 699 979 )
732 937 776 967 ut
819 922 930 965 inter
965 921 1066 984 fines
1102 934 1293 984 agrorum

252 989 459 1045 quinque,
483 1000 552 1030 aut
577 986 639 1029 sex
669 982 817 1039 pedum
847 978 1077 1042 latitudinis
1120 978 1294 1033 spatium

256 1048 307 1090 ab
331 1045 575 1101 usucapione
593 1043 785 1097 deinceps
795 1049 1048 1082 eximeretur
1062 1066 1071 1078 .
1102 1036 1183 1088 (c)

374 1162 416 1205 C
476 1161 516 1205 A
580 1159 610 1201 P
669 1157 713 1198 U
774 1155 818 1198 T
939 1151 1151 1196 LXVIII.

355 1279 421 1325 De
436 1274 638 1334 usufrufilu
659 1287 793 1316 earum
806 1285 960 1323 rerum,
991 1283 1073 1323 quae
1105 1266 1178 1321 usu

621 1331 900 1385 consumuntur
913 1358 924 1370 .

374 1451 417 1494 T
433 1449 518 1494 haee
542 1448 589 1492 de
615 1442 929 1500 usucapionibus
945 1473 954 1484 .
987 1440 1203 1485 Habemus
1234 1453 1305 1480 au-

393 1521 476 1552 tem
498 1507 545 1550 de
565 1503 770 1550 usufrufi‘cu
784 1503 824 1544 S.
841 1501 894 1544 C.
915 1514 1063 1553 nempe
1084 1498 1130 1541 de
1146 1495 1304 1540 usufru-

263 1448 352 1553 E

255 1566 327 1610 &u
358 1581 500 1610 earum
534 1577 669 1607 rerum
693 1592 706 1615 ‚
736 1574 825 1616 quae
857 1557 927 1601 usu
959 1555 1260 1599 consumuntur
1292 1554 1325 1606 ,³

260 1623 341 1668 hoc
358 1624 411 1667 est
427 1636 562 1666 rerum
580 1652 590 1667 ,
623 1632 798 1676 quarum
820 1630 904 1658 non
920 1615 1007 1658 usus
1026 1612 1079 1656 est
1095 1644 1110 1675 ,
1128 1611 1305 1676 sedabu-

265 1682 347 1725 sus.
381 1682 476 1734 Quo
502 1673 967 1722 Senatusconsultoloco
989 1669 1196 1732 fundiQin
1226 1684 1308 1724 quo

264 1738 509 1782 ususfrue’tus
542 1734 741 1787 insideat,
773 1730 1035 1777 constituitur
1048 1739 1186 1791 cautio
1220 1726 1305 1790 red-

265 1797 403 1840 dendae
421 1794 628 1851 pecuniae,
661 1791 749 1835 vini
776 1821 787 1841 ,
820 1788 933 1842 olei,
965 1799 1034 1829 aut
1049 1783 1308 1828 similisalius

266 1855 323 1898 rei
349 1851 628 1908 corruptibilis
653 1849 736 1905 post
766 1847 934 1891 finitum
962 1841 1269 1905 usumfrusshim
1299 1872 1309 1883 .

270 1911 446 1967 Quihac
481 1907 609 1964 specie
635 1904 878 1951 constitutus
909 1915 1055 1945 mutuo
1078 1900 1131 1943 est
1160 1901 1310 1952 affinis,

266 1968 315 2014 de
347 1985 428 2025 quo
461 1967 542 2012 late
562 1962 686 2021 tit-ff.
710 1965 757 2007 de
778 1960 979 2019 usufrucssu
994 1974 1125 2002 earum
1158 1972 1311 2009 rerum,

269 2043 353 2084 quae
382 2024 455 2081 usu
486 2025 763 2080 consumuntur
782 2055 791 2065 .
824 2019 923 2073 Eius
956 2016 1120 2062 nullum
1150 2028 1313 2069 tempus

271 2098 431 2129 certum
445 2083 669 2127 ostenditur
695 2113 705 2125 .
736 2081 929 2123 Tantum
963 2077 1111 2140 scimus
1131 2106 1143 2127 ,
1191 2074 1310 2116 Mar-

273 2142 312 2188 ci
343 2141 479 2187 Tullii
496 2154 680 2196 tempore
707 2137 898 2182 nondum
921 2132 1102 2191 prodiisse
1123 2132 1238 2185 ,(ά)
1270 2142 1314 2174 ut

273 2213 391 2245 notat
424 2200 604 2244 Contius
630 2230 642 2252 ,
673 2198 718 2241 δε
741 2194 938 2247 Cujacius
970 2225 979 2236 .
1029 2191 1122 2243 (er)
1166 2190 1315 2243 Neque

275 2258 416 2303 cautio
449 2257 534 2301 haec
569 2255 725 2300 remitti
778 2252 902 2309 potest
951 2267 973 2294 a
1010 2248 1195 2291 testatore
1218 2278 1230 2297 ,
1265 2261 1314 2289 ne

277 2332 299 2360 a
335 2316 402 2360 suo
435 2315 679 2359 testamento
720 2307 1124 2355 Senatusconsultum
1175 2303 1316 2348 exclu-

280 2374 372 2417 dat.
408 2371 666 2429 Intelligitur
696 2383 836 2414 autem
871 2366 1007 2412 cautio
1046 2361 1317 2415 haecfidejus-

278 2433 431 2476 soribus
462 2430 591 2475 datis.
629 2428 711 2484 (f)

284 2558 1314 2581 ——,—-—-—-.-—..--——————--——

331 2623 393 2663 (a)
416 2625 439 2656 1.
452 2623 601 2664 sequitur
616 2621 643 2663 §.
663 2621 727 2652 ule.
755 2617 791 2661 ff
820 2618 858 2650 de
881 2619 1025 2660 usurpat.
1052 2617 1093 2650 δ’
1116 2618 1246 2662 usucap.
1266 2617 1323 2652 ubi

282 2667 395 2704 Cujac.
412 2670 447 2700 in
461 2675 556 2710 repet.
574 2667 614 2698 ad
629 2667 711 2698 hune
729 2667 761 2708 ς.
780 2663 927 2698 Raevard.
943 2664 1062 2697 lancie.

333 2712 392 2753 (b)
420 2711 530 2751 Cuiat-
549 2715 605 2744 tac.
633 2711 687 2743 cit.

332 2758 388 2797 (c)
412 2759 527 2790 cicero
543 2759 579 2789 de
592 2758 689 2795 leg.2.
708 2755 785 2788 vide
801 2755 988 2786 Hottoman
1024 2754 1062 2786 de
1085 2754 1150 2798 leg.

332 2803 385 2844 [d]
413 2803 551 2836 comus
566 2812 603 2833 ex
618 2802 682 2832 Cic.
703 2801 819 2842 topicis
837 2801 878 2832 ad
892 2802 903 2831 l
917 2812 947 2840 7.
965 2797 999 2838 ff.
1019 2799 1086 2830 eod.

331 2849 386 2888 (e)
409 2846 469 2881 lib.
490 2858 538 2887 17.
567 2843 669 2887 quest.
688 2846 807 2887 Papiri.
824 2844 881 2879 lib.
899 2848 930 2878 8.
953 2842 993 2889 ff.
1021 2844 1058 2877 de
1083 2843 1171 2887 usus.
1188 2854 1251 2880 αν.
1277 2855 1324 2880 νε-

287 2905 357 2928 rum
373 2916 386 2932 ,
412 2893 550 2936 quaeusu
575 2891 713 2926 consum.

334 2939 414 2981 (f)
439 2935 551 2975 cuiae,
569 2937 617 2968 loc
642 2936 699 2968 cie.

336 2983 397 3027 (gU
423 2983 535 3018 Tacit.
550 2983 659 3014 annal.
676 2978 791 3013 liban.
809 2984 936 3018 cab-13.
952 2981 964 2992 ·

339 3031 359 3069 (
382 3031 400 3049 ⁴¹
425 3030 443 3067 )
473 3031 544 3063 {mo
587 3027 668 3059 bene
709 3023 917 3060 Theophilus
955 3024 1077 3058 Serum
1115 3023 1329 3059 Macedonia-

297 3084 378 3110 num
405 3085 472 3107 non
509 3085 527 3106 a
567 3069 751 3106 Mvcedone
777 3068 999 3109 foeneratore,
1025 3069 1077 3102 sed
1103 3081 1120 3102 a
1149 3070 1331 3104 Mace-done

296 3118 513 3155 filiofamilias
551 3117 676 3151 die'tum
718 3113 810 3148 fuisse
846 3115 981 3157 putabat
1009 3138 1017 3146 .
1056 3119 1103 3148 De
1140 3115 1209 3148 filio
1243 3116 1334 3149 enim

298 3167 413 3210 utique
439 3164 580 3209 intelligi
607 3162 709 3206 potest
739 3160 903 3206 Ulpianus
926 3160 959 3195 in
986 3162 1059 3194 La.
1085 3167 1133 3205 pr.
1160 3165 1205 3197 D.
1231 3162 1270 3197 de
1292 3161 1334 3196 s.

1090 88 1909 158 ιΕειΒυε,

1351 3085 1368 3204 l

1490 163 1532 207 C
1591 165 1632 208 A
1694 165 1724 208 P
1785 167 1826 208 U
1889 165 1933 208 T
2052 130 2214 215 ΙΧΙΧ.7

1565 252 1632 296 De
1662 252 1707 296 5.
1739 256 1791 298 C.
1823 254 2142 299 Macedoniam.
2336 295 2365 317 μ,

1471 337 1571 381 Unc
1586 353 1802 398 pergamus
1820 341 1868 385 ad
1883 342 1993 399 leges
2008 342 2053 388 de
2070 341 2229 388 foenore
2250 375 2262 399 ‚
2283 359 2370 390 non

1490 395 1740 460 eas-scilicet
1760 430 1774 454 ,
1805 415 1893 456 quae
1924 402 1971 444 ad
2017 401 2230 457 publicum
2263 398 2380 460 regi»-

1339 468 1439 517 men
1465 456 1766 518 pertinebant,
1801 457 1862 501 sed
1883 458 2000 512 illas,
2032 474 2121 515 quae
2154 459 2378 515 respiciunt

1339 527 1400 563 Jus
1437 511 1560 556 civile
1593 514 1873 569 privatorum,
1906 517 1971 560 cui
2001 532 2169 572 operam
2202 517 2382 562 nostram

1340 569 1523 613 dicamus
1554 602 1563 613 .
1597 573 1879 627 Quamobrem
1913 605 1926 627 ,
1956 574 2099 618 omissa
2133 574 2219 630 lege
2252 577 2387 620 Lacto-

1343 627 1429 681 ria,
1461 644 1584 683 quarn
1607 629 1722 685 supra
1758 630 2045 685 exposuimus,
2077 632 2381 687 explicabimus

1342 685 1380 728 S.
1398 686 1450 728 C.
1467 688 1822 731 Macedonianum
1844 719 1856 740 ,
1880 689 2129 743 quodetiam
2154 692 2386 735 coercendae

1343 743 1660 789 adolescentium
1688 745 2022 800 intemperantiae
2054 760 2174 802 atque
2207 746 2388 792 foenera-

1343 814 1483 845 torum
1517 801 1722 861 fraudibus
1756 802 1979 845 recidendis
2015 804 2231 847 conditum
2263 804 2340 848 fuit
2374 837 2385 849 .

1345 859 1427 902 Cui
1440 858 1799 903 Senatusconsulto
1822 859 2107 904 auetoritatem
2137 862 2287 906 tribuit
2320 863 2386 907 lex

1346 916 1547 970 Claudia,
1580 917 1747 960 Claudii
1783 918 2048 973 Imperatoris
2068 931 2253 975 tempore
2289 919 2390 975 lata,

1347 989 1424 1030 qua
1457 976 1927 1030 vetabatur,pecuniam
1964 989 2153 1020 mutuam
2175 977 2260 1021 dari
2293 978 2392 1022 ado-

1349 1031 1592 1076 lescentibus
1637 1033 1679 1076 in
1729 1044 1908 1076 mortem
1943 1035 2070 1088 patris
2098 1064 2112 1088 ,
2153 1035 2231 1078 five
2263 1035 2392 1081 dilata

1349 1088 1550 1134 solutione
1565 1090 1611 1133 ad
1629 1089 1755 1146 patris
1776 1104 1953 1134 mortem
1969 1123 1978 1133 .
2004 1094 2067 1148 (g)
2087 1094 2137 1134 In
2171 1091 2283 1144 cujus
2304 1094 2393 1137 sen-

1350 1148 1524 1191 tentiam
1552 1148 1651 1204 legis
1675 1148 1887 1192 conditum
1936 1148 2014 1192 fuit
2052 1150 2396 1199 senatusconsul-

1348 1221 1444 1249 eum
1494 1206 1876 1259 Macedonianum,
1908 1206 1960 1250 fic
1987 1207 2271 1263 appellatum,
2304 1224 2389 1252 non

1350 1279 1373 1305 a
1397 1264 1627 1307 Macedone
1646 1264 1925 1318 adolescente,
1956 1266 2025 1320 qui
2062 1267 2126 1309 sua
2152 1266 2300 1309 omnia
2321 1281 2391 1322 per

1352 1320 1556 1365 luxuriem
1605 1322 1840 1377 prodigebat
1872 1353 1884 1375 ,
1916 1334 1959 1365 ut
1993 1321 2092 1366 falso
2124 1323 2388 1379 Theophilus

1353 1379 1542 1432 tradidit,
1579 1378 1639 1422 sed
1682 1395 1704 1421 a
1742 1380 1974 1423 Macedone
2000 1379 2246 1424 foeneratore
2278 1383 2294 1432 (
2330 1382 2394 1433 ²³)

1352 1437 1527 1491 quodam
1562 1436 1779 1491 improbo,
1813 1437 1882 1492 qui
1917 1436 1992 1480 suis
2020 1437 2164 1491 vitiis,
2197 1438 2240 1480 &
2274 1453 2396 1492 pecu-

1353 1494 1448 1547 nia,
1482 1509 1605 1549 quarn
1643 1492 1846 1551 foenerato
1870 1492 2017 1547 dabat,
2050 1494 2303 1538 inconsultos
2353 1495 2398 1538 δε

1355 1550 1579 1606 praecipites
1611 1551 1659 1593 ad
1681 1550 1894 1593 libidinem
1915 1551 2187 1595 adolescentes
2207 1567 2397 1595 corruma

1357 1609 1474 1664 pebat
1495 1639 1506 1661 ,
1539 1607 1705 1651 incertis
1757 1608 1999 1650 nominibus
2026 1639 2039 1661 ,
2071 1609 2157 1662 (h)
2190 1608 2269 1653 sive
2305 1609 2394 1663 sup-

1358 1665 1480 1721 pressa
1513 1665 1627 1708 causa
1659 1665 1825 1717 mutui,
1857 1663 2070 1722 celatoque
2116 1664 2237 1710 titulo
2270 1666 2402 1710 credi-

1357 1722 1506 1777 ti,⁸·&
1537 1723 1664 1766 tacito
1695 1721 1854 1766 foenore
1888 1753 1900 1775 ,
1939 1735 2059 1778 atque
2103 1736 2149 1767 ut
2191 1724 2401 1781 eleganter

1357 1779 1554 1832 Cuiacius
1579 1780 1657 1834 sub
1689 1782 1850 1833 tunica,
1882 1779 1938 1824 (J
1972 1782 2015 1823 in
2039 1780 2158 1835 fimf,
2189 1782 2254 1825 cui
2295 1781 2403 1835 apud

1359 1838 1587 1882 Horatium
1628 1850 1896 1894 opponuntur
1941 1850 2047 1880 certa
2078 1839 2239 1881 nomina
2274 1870 2283 1879 .
2317 1840 2403 1883 Ita-

1359 1912 1437 1952 que
1469 1896 1568 1948 (i)
1617 1910 1667 1939 ne
1712 1893 1973 1939 filiifamilias
2018 1896 2220 1951 gravitate
2262 1895 2402 1940 foeno-

1360 1954 1414 1998 ris
1463 1953 1731 1997 obruerentur
1755 1984 1768 2006 ,
1815 1968 1917 1996 neve
1967 1953 2050 2008 post
2102 1965 2280 1997 mortem
2331 1970 2401 2009 pa-

1361 2011 1432 2054 tris
1481 2011 1752 2055 hereditatem
1794 2025 1966 2054 omnem
2015 2010 2280 2054 creditoribus
2322 2023 2405 2055 tra-

1361 2070 1453 2113 dere
1510 2082 1752 2125 cogerentur
1791 2100 1803 2122 ‚
1858 2069 2031 2121 Senatus
2103 2069 2282 2124 praestitit
2335 2069 2404 2113 ad-

1363 2127 1498 2171 versus
1536 2127 1754 2171 creditores
1809 2125 2098 2181 exceptionem
2131 2158 2143 2179 ,
2189 2142 2266 2181 qua
2309 2143 2404 2171 mu·

1365 2185 1518 2229 tuantis
1555 2185 1661 2229 affin
1707 2183 1928 2240 repellatur
1955 2215 1965 2226 .
1998 2185 2093 2237 (le)
2127 2183 2253 2227 Addit
2285 2185 2409 2238 justi-

1366 2244 1511 2287 nianus
1538 2275 1548 2293 ,
1612 2243 1700 2286 ideo
1747 2243 1802 2284 ita
1845 2242 2042 2284 Senatum
2086 2241 2266 2294 caviffe,
2307 2243 2403 2297 quia

1366 2301 1605 2358 plerumque
1657 2299 1929 2343 adolescentes
1994 2297 2184 2341 luxuria·
2215 2298 2259 2341 δε
2326 2314 2403 2343 aere

1366 2358 1504 2403 alieno
1567 2356 1764 2413 exagitati
1819 2366 2036 2410 parentum
2095 2355 2187 2398 vitae
2243 2354 2404 2400 infidias

1367 2416 1649 2462 moliebantur
1677 2446 1687 2458 .
1722 2416 1865 2470 Itaque
1909 2411 2014 2457 reste
2055 2411 2267 2469 Ulpianus
2311 2413 2409 2460 scri.

2265 2469 2326 2514 bit
2338 2503 2352 2526 ,

1376 2579 1530 2592 ———
1745 2572 1866 2588 ⁹-—

1369 2620 1410 2651 C.
1450 2613 1688 2646 Macedoniam
1719 2633 1729 2650 ‚
1769 2613 1818 2646 uti
1844 2610 2014 2645 manifeste
2048 2610 2162 2645 docuit
2218 2610 2411 2644 Heineecius

1369 2661 1410 2694 ad
1449 2660 1588 2692 titulum
1628 2656 1861 2691 Pandec‘iarum
1898 2658 1936 2690 de
1974 2659 2029 2690 boc
2067 2659 2159 2690 scu
2197 2657 2222 2698 §.
2252 2657 2406 2688 CLXIX.

1371 2708 1404 2739 in
1426 2704 1575 2746 scholio,
1603 2703 1659 2745 qui
1700 2702 1928 2745 Theophilum
1969 2701 2049 2735 alibi
2088 2701 2264 2735 universim
2301 2710 2319 2732 a
2358 2710 2410 2732 re·

1370 2750 1561 2785 centiorum
1609 2748 1785 2781 calumniis
1821 2747 1968 2780 vindicat
1997 2769 2005 2779 .
2043 2749 2127 2788 Quae
2163 2745 2202 2779 de
2241 2744 2402 2786 Vespasia-

1373 2807 1416 2830 no
1452 2795 1488 2827 in
1526 2793 1590 2826 fine
1633 2792 1752 2835 capitis
1788 2791 1944 2824 dicuntur
1970 2812 1983 2831 ,
2020 2791 2170 2832 pluribus
2209 2790 2412 2824 illustrantur

1373 2853 1391 2874 a
1416 2842 1612 2873 Brummero
1635 2836 1674 2870 ad
1701 2841 1738 2870 L.
1767 2838 1915 2869 Cinciam
1950 2846 1974 2868 e.
2018 2845 2046 2874 3·
2091 2835 2145 2870 ubi
2171 2834 2266 2869 docet
2295 2857 2307 2874 ‚
2332 2834 2413 2877 saepe

1374 2885 1447 2926 iura
1487 2885 1527 2917 iis
1567 2891 1725 2925 tanquam
1761 2880 1953 2914 auctoribus
1991 2881 2094 2915 tribui
2123 2902 2133 2920 ,
2171 2891 2189 2914 a
2212 2880 2330 2925 quibus
2355 2880 2412 2914 de-

1374 2929 1543 2966 suetudine
1585 2928 1775 2961 inumbrata
1800 2927 1835 2959 in
1871 2925 1962 2960 usum
1998 2933 2131 2960 tantum
2167 2933 2321 2961 revocata
2344 2923 2413 2960 fue-

1376 2984 1469 3011 rint.

1421 3021 1481 3062 (b)
1504 3019 1583 3051 vide
1607 3019 1754 3051 Paraeum
1777 3016 1871 3050 lexr'e.
1901 3016 2002 3055 ctier'c.
2029 3017 2226 3051 vveeffemb.
2265 3018 2320 3052 boe
2355 3016 2416 3053 tit.

1378 3065 1489 3104 cujac.
1508 3067 1541 3097 c.
1562 3065 1616 3096 hoc
1632 3064 1685 3095 rit.
1705 3062 1743 3098 Θ·
1759 3069 1864 3103 parat.
1881 3060 1916 3103 ff?
1932 3064 1975 3095 ad
1988 3065 2026 3096 s.
2042 3066 2077 3096 C.
2093 3064 2264 3099 Macedon.

1424 3110 1503 3152 (ι’)
1528 3111 1587 3142 1.1.
1619 3106 1656 3150 ff.
1683 3108 1725 3140 ad
1749 3110 1786 3139 δ’.
1816 3111 1851 3139 C.
1879 3109 2007 3143 Maced.

1425 3159 1447 3200 c
1459 3148 1513 3197 k)
1539 3155 1574 3190 in
1591 3152 1697 3197 infin.
1714 3154 1760 3189 m
1773 3164 1805 3195 7.
1821 3151 1876 3187 ub.
1886 3161 1917 3193 ς.
