2524 3479
539 93 647 146 AD
690 82 1049 145 CUPIDAM
1089 81 1366 135 LEGUM
1409 79 2000 154 JUVENTUTEM.
2170 57 2175 60 ’
2282 88 2351 124 xv

183 173 341 219 venerit
367 182 386 214 .·
439 171 545 215 Tum
565 154 790 230 *quamdiu
832 160 991 218 steterit
1015 194 1028 216 ,
1081 175 1149 204 cur
1193 159 1455 203 inclinaverit
1489 193 1502 214 ,
1556 171 1691 217 quave
1740 154 1890 198 ratione
1938 156 1994 197 aa
2039 151 2197 206 statum
2233 149 2345 193 deni-

182 256 258 302 que
288 236 453 284 redierit
479 238 598 297 suum
617 267 628 280 .
665 231 828 291 Quibus
863 225 1100 290 exponendis
1135 259 1148 281 ,
1201 226 1338 270 oblata
1385 224 1583 281 facultate
1617 219 1793 266 aubiores
1824 217 2072 280 proferentur
2107 218 2339 274 constituti,

175 304 433 368 perturbati,
472 303 527 347 &⁴
572 298 750 362 reparati
776 294 890 358 juris
914 328 926 351 ‚
962 294 1086 354 deque
1111 292 1362 354 singulorum
1392 291 1554 351 scriptis
1590 288 1772 333 doetrina
1791 321 1804 343 ,
1843 287 2031 348 ingenio,
2069 286 2126 329 Θ
2163 290 2235 347 usu
2261 290 2339 351 ju.

180 372 287 416 dicia
315 371 494 428 serentur
523 402 535 424 a
589 366 738 428 quibus
763 361 994 418 studiorum
1031 359 1167 418 cursus
1201 358 1447 419 dirigatur:
1497 356 1717 417 plurimum
1762 355 1866 398 enim
1902 351 2019 409 refert
2042 387 2055 408 ‚
2107 356 2211 399 unde
2245 357 2334 417 quis

173 439 351 500 primum
395 434 599 480 leHionem
643 430 871 492 auspicetur
899 462 911 483 ‚
949 425 1143 487 quibusve
1174 425 1356 485 deinceps
1389 423 1444 467 (θ’
1480 439 1555 484 quo
1588 421 1722 466 ordine
1751 422 1867 466 libris
1901 433 2073 465 utatur:
2110 437 2203 465 nam
2244 439 2331 482 quae

178 503 292 549 lettio
323 503 381 547 ad
407 508 562 563 tempus
600 498 775 544 maxime
801 492 1027 557 prodeffetgj
1061 508 1105 535 ea
1139 491 1350 536 immature
1368 524 1380 546 ,
1418 502 1490 534 aut
1520 487 1751 550 praepostere
1785 488 1968 549 suscepta
2001 487 2150 532 nocebit
2168 521 2178 532 .
2216 492 2249 532 ,ς’
2251 490 2266 532 i
2293 508 2332 534 e-

179 571 261 616 nim
282 605 294 627 ‚
332 584 558 632 quocunque
580 565 664 624 fors
693 561 893 626 appulerit
913 594 925 616 ,
951 560 1177 605 'haereamus
1197 593 1209 614 ,
1246 556 1360 602 libris
1378 557 1483 618 saepe
1515 555 1734 600 inutilibus
1750 554 1898 614 florem
1929 552 2067 608 nostrae
2093 567 2332 600 conteremus

177 638 307 684 aetatis
327 672 337 682 .
376 637 486 681 Hinc
513 635 555 679 in
583 644 694 677 tanto
719 629 985 689 studiosorum
1015 642 1172 670 numero
1192 659 1204 680 ,
1240 637 1322 668 tam
1345 623 1467 684 pauci
1485 622 1690 684 sapientes
1708 656 1718 667 .
1759 625 1845 666 Hoc
1888 620 2019 682 igitur
2044 621 2147 666 libro
2174 624 2330 683 nascen-

175 704 230 748 tis
256 704 312 746 (9⁶
338 700 627 766 progredientis
646 698 762 760 juris
789 693 926 740 civilis
959 727 972 749 ‚
1027 706 1113 736 tum
1131 691 1392 754 singularum
1429 690 1612 751 partium
1643 689 1731 751 ejus
1749 688 2072 750 celebriorumque
2092 688 2330 750 scriptorum

173 771 335 816 brevem
372 769 635 814 narrationem
660 776 910 827 pertexemus
931 793 941 804 .
1276 804 1279 807 ,
2260 744 2268 756 '

308 838 460 881 Altero
486 836 588 880 libro
616 829 839 894 primordia
855 826 983 884 sitris
1009 826 1232 881 naturalis,
1272 823 1329 868 (9⁴
1357 823 1540 886 gentium
1560 858 1573 880 ,
1610 840 1656 869 ac
1682 822 1920 879 vetustiores
1939 822 2051 883 juris
2078 822 2216 867 civilis
2235 821 2328 879 fon-

173 915 233 947 tes
262 904 491 964 aperientur
512 936 523 956 ‚
548 899 646 955 sive
690 899 795 959 leges
828 896 929 939 XII.
971 893 1120 937 Tabul.
1154 903 1342 953 quotquot
1369 909 1388 935 e
1429 904 1609 936 veterum
1646 891 1827 952 reliquiis
1859 889 1944 935 erui
1969 902 2182 950 potuerunt
2202 923 2213 943 ‚
2251 889 2324 933 ad-

165 971 303 1031 spersa
338 969 381 1014 in
411 982 581 1029 tempore
602 1000 613 1021 ‚
649 963 705 1008 ad
748 979 807 1007 res
839 959 1132 1006 illuminandas
1151 993 1164 1014 ‚
1202 958 1344 1002 Attici
1359 958 1473 1019 juris
1506 958 1674 1002 notitia.
1715 960 1869 1019 Hisque
1895 956 2067 1017 proditis
2104 955 2324 1016 originibus

162 1035 409 1098 pervetustis
428 1070 439 1091 ,
474 1036 530 1078 ἔθ’
564 1031 677 1093 quasi
713 1026 1044 1091 jurisprudentia>
1082 1026 1288 1069 cunabulis
1307 1058 1319 1079 ,
1358 1024 1618 1078 transibimus
1643 1026 1702 1068 ad
1718 1024 1944 1069 recentiores
1964 1057 1976 1078 ‚
2015 1036 2152 1083 nempe
2182 1023 2240 1067 ad
2272 1023 2327 1066 le-

164 1119 238 1162 ges
264 1103 320 1145 (9‘
350 1106 525 1146 Senatus
554 1097 773 1157 Consulta,
812 1093 957 1155 quibus
986 1091 1062 1152 jus
1090 1091 1210 1135 civile
1235 1091 1490 1151 privatorum
1522 1090 1538 1151 <
1570 1107 1662 1134 nam
1690 1107 1774 1151 quae
1807 1091 1864 1134 ad
1909 1089 2160 1150 Reipublicae
2192 1088 2323 1133 admi-

169 1167 440 1223 nistrationem
466 1165 753 1229 pertinebant,
793 1176 882 1205 cum
910 1157 1062 1201 nullius
1098 1157 1195 1216 jam
1216 1157 1276 1210 sit
1313 1157 1438 1215 usus,
1474 1157 1552 1199 vix
1585 1154 1833 1216 attigimus)
1868 1157 2004 1216 leges,
2043 1156 2232 1216 inquam,
2272 1155 2323 1200 il-

169 1234 231 1278 [ας
266 1234 322 1278 ἔγ
359 1239 404 1279 5,
435 1237 484 1276 C.
517 1230 787 1292 persequimur
823 1261 834 1281 ,
887 1223 1028 1283 quibus
1055 1222 1229 1282 priscum
1279 1220 1335 1263 (9¹
1374 1222 1629 1282 privatorum
1658 1222 1858 1282 praecipue
1888 1223 1965 1281 jus
1999 1235 2070 1264 aut
2112 1221 2320 1280 deficiente

158 1301 359 1360 sententia
388 1301 489 1344 XII.
510 1296 659 1341 Tabul.
693 1304 892 1354 augetur,
929 1300 1000 1331 aut
1031 1322 1043 1343 ,
1079 1300 1249 1348 tempore
1284 1286 1405 1330 aliter
1434 1288 1618 1347 poscente
1634 1322 1658 1344 ‚A
1685 1299 1865 1331 mutatur
1881 1306 1908 1343 ‚·
1943 1300 2014 1330 aut
2038 1321 2050 1341 ‚
2088 1288 2156 1331 ubi
2187 1289 2320 1347 obscu-

164 1383 254 1410 rum
278 1367 339 1421 sit
371 1379 494 1427 atque,
516 1363 755 1425 perplexum
777 1394 788 1414 ‚
827 1353 1063 1401 austeritate
1083 1354 1229 1416 populi
1255 1353 1375 1397 totius
1406 1353 1632 1415 explicatur
1649 1386 1660 1398 .
1699 1357 1804 1413 Quae
1819 1353 2010 1414 postremo
2033 1353 2133 1397 libro
2162 1354 2315 1398 coactu-

169 1432 314 1478 dentur
332 1467 342 1477 .
2288 1421 2290 1423 ·

299 1504 399 1544 Toto
433 1512 564 1543 autem
601 1495 764 1555 hujusce
799 1490 923 1554 operis
956 1489 1067 1549 cursu
1103 1486 1362 1533 eruditionem
1396 1487 1454 1532 Θ
1489 1488 1673 1533 notitiam
1709 1486 1931 1542 vetustatis
1985 1487 2045 1531 ita
2080 1486 2316 1546 inter-misee-

162 1565 291 1611 bimus
311 1601 324 1622 ‚
344 1579 406 1610 *ut
440 1565 544 1627 quod
570 1563 677 1624 scitu
712 1575 808 1622 opus
833 1557 959 1615 fuerit
979 1591 990 1612 ‚
1029 1553 1166 1600 lettori
1199 1554 1254 1598 ad
1287 1555 1411 1599 locum
1448 1567 1649 1610 occurrat,
1688 1570 1762 1615 quo
1796 1555 1832 1599 is
1857 1552 1996 1616 postea
2025 1567 2099 1615 per
2125 1555 2169 1612 se
2194 1553 2315 1613 poſjit

159 1633 336 1691 obscuros
371 1646 491 1693 atque
521 1630 728 1692 perplexos
752 1623 1135 1684 jurisconsultorum
1163 1621 1301 1682 sensus
1336 1621 1520 1682 expedire
1557 1657 1569 1677 ‚
1604 1635 1723 1681 atque
1759 1621 2018 1666 barbarorum
2054 1622 2314 1680 interpretum

159 1711 292 1744 notare
318 1701 476 1761 lapsus.
514 1698 660 1742 Multa
703 1693 806 1737 enim
830 1691 927 1752 jure
950 1688 1154 1733 ·tradend0
1186 1702 1398 1749 peccarunt
1431 1689 1496 1732 illi
1530 1723 1542 1743 ‚
1598 1705 1681 1748 quae
1732 1700 1870 1732 notata
1899 1689 2004 1748 sunt
2039 1688 2090 1731 ab
2126 1687 2310 1742 eruditis,

158 1767 374 1828 multosque
409 1767 452 1810 in
480 1764 615 1821 forum
651 1776 793 1805 errores
830 1758 1052 1802 intulerunt
1089 1754 1332 1816 ignoratione
1369 1772 1518 1799 morum
1554 1756 1764 1815 legumque
1799 1753 2049 1808 vetustarum
2084 1769 2129 1797 ac
2165 1766 2311 1813 tempo-

155 1848 246 1877 rum
271 1868 282 1889 ‚
320 1851 481 1894 quorum
520 1829 663 1875 notitia
698 1825 800 1887 hisce
832 1825 1028 1885 praebetur
1061 1821 1282 1883 originibus
1317 1855 1329 1878 ,
1366 1838 1466 1882 quas
1506 1821 1775 1866 Tribonianus
1809 1837 1899 1865 cum
1926 1821 1999 1879 suo
2034 1833 2201 1880 tempore
2233 1833 2310 1881 pa-

155 1911 281 1944 terent
317 1901 529 1953 omnibus,
563 1910 708 1957 parum
744 1893 787 1937 in
817 1890 1014 1952 posterum
1044 1888 1283 1949 prospiciens
1309 1923 1320 1943 ,
1359 1889 1523 1949 reliquis
1551 1887 1760 1948 subtraxit
1794 1889 1979 1932 aetatibus
2015 1921 2027 1942 ‚
2064 1900 2186 1947 atque
2222 1886 2308 1929 illis

151 1967 326 2026 absciffis
360 2001 372 2023 ‚
425 1979 619 2025 tanquam
669 1959 824 2004 ademto
876 1957 1004 2018 capite
1029 1988 1041 2009 ,
1093 1969 1245 2015 totoque
1286 1954 1401 2014 juris
1451 1968 1601 2016 corpore
1635 1953 1820 2016 diffbluto
1850 1989 1862 2010 ,
1915 1953 2055 2007 concisi
2091 1952 2305 1996 cadaveris

154 2035 329 2079 membra
358 2033 526 2095 posteris
561 2028 751 2090 reliquit.
792 2023 943 2083 Omissa
980 2022 1083 2066 enim
1114 2023 1317 2082 primaeva
1350 2023 1437 2082 lege
1468 2056 1479 2075 ‚
1529 2020 1633 2081 quod
1667 2034 1788 2082 caput
1835 2033 1920 2065 erat
1954 2019 2270 2080 disputationum
2289 2052 2303 2074 ‚

152 2111 312 2144 tantum
365 2119 412 2144 ex
464 2101 598 2161 legum
648 2091 927 2153 consequentiis
973 2103 1044 2150 per
1094 2089 1325 2149 interpretes
1358 2122 1371 2143 ,
1409 2101 1480 2131 aut
1515 2087 1723 2148 Principes
1757 2122 1769 2142 ‚
1806 2100 1879 2130 aut
1913 2085 2173 2147 magistratus
2208 2085 2306 2128 edu-

152 2166 260 2222 etis,
298 2165 501 2211 exorditur
536 2162 730 2214 titulum,
759 2159 976 2220 seriemque
1005 2155 1213 2217 pertexit,
1252 2169 1326 2215 quo
1330 2154 1425 2214 fit,
1465 2167 1511 2198 ut
1545 2154 1600 2197 ad
1634 2154 1762 2214 ipfitm
1789 2155 1895 2214 saepe
1929 2151 2174 2207 vestibulum
2204 2152 2302 2211 sub-

143 2231 339 2288 sistamus
363 2268 373 2278 .
427 2232 536 2293 Quis
571 2229 673 2273 enim
727 2242 802 2269 non
851 2224 999 2269 hereat
1031 2256 1044 2277 ,
1090 2234 1161 2266 aut
1205 2222 1371 2265 labatur
1405 2221 1449 2265 in
1486 2220 1803 2281 consequentibus
1826 2253 1839 2274 ,
1892 2235 1977 2264 cum
2031 2217 2302 2263 antecedentia

145 2302 307 2362 prorsus
343 2300 535 2362 ignoret?
573 2299 676 2340 Cum
714 2305 844 2336 autem
877 2288 1071 2353 proximis
1098 2287 1244 2348 seculis
1272 2287 1647 2349 jurisconsultorum
1701 2286 1959 2345 eruditffmi
1986 2320 1999 2341 ,
2052 2280 2126 2330 vel
2160 2285 2303 2329 harum

152 2369 409 2430 reliquiarum
447 2365 611 2426 aliquas
645 2360 812 2421 integris
849 2354 1124 2403 voluminibus
1159 2355 1519 2416 comprehenderint
1535 2374 1562 2412 ;
1596 2355 1665 2399 vel
1696 2369 1769 2416 pro
1807 2372 1845 2398 re
1881 2365 1979 2396 nata
2013 2386 2024 2408 ‚
2063 2353 2105 2396 in
2135 2352 2221 2413 suis
2257 2352 2307 2397 de

143 2435 244 2498 jure
278 2434 396 2480 c‘ivili
437 2428 720 2478 commentariis
762 2442 836 2470 non
876 2439 1032 2487 paucas
1086 2421 1379 2483 explicaverint
1410 2440 1428 2465 .·
1482 2439 1557 2466 non
1607 2422 1750 2466 inutile
1785 2420 1987 2474 consilium
2039 2420 2174 2479 visum
2211 2417 2265 2472 esl
2290 2426 2315 2474 ,“

151 2515 237 2547 tam
271 2501 395 2546 varia
427 2500 484 2544 (θ’
521 2497 712 2557 laboriosa
746 2493 910 2537 latione
962 2490 1100 2535 levare
1128 2487 1326 2549 studiosos
1360 2524 1372 2543 ‚
1427 2491 1563 2550 easque
1606 2505 1736 2532 omnes
1771 2487 1909 2532 multis
1952 2486 2067 2529 libris
2111 2485 2307 2546 dispersas

152 2568 209 2613 (9¹
246 2568 459 2630 diffipatas
493 2567 538 2610 in
573 2580 695 2608 unum
733 2559 969 2611 conducere,
1005 2557 1123 2616 inque
1151 2554 1313 2610 facilem
1349 2556 1525 2600 ordinem
1563 2555 1737 2599 tributas
1771 2554 1947 2599 breviter
2000 2565 2119 2613 atque
2150 2551 2303 2613 perspi.-

151 2654 221 2682 cue
249 2670 261 2692 ‚
317 2647 510 2695 quantum
539 2630 719 2688 facultas
756 2624 884 2681 nostra
922 2623 1020 2667 tulit
1056 2656 1067 2677 ‚
1121 2634 1306 2683 exponere
1341 2638 1355 2664 .·
1391 2635 1436 2665 ut
1464 2622 1505 2676 si
1531 2656 1542 2677 ‚
1581 2621 1684 2684 quod
1719 2621 1862 2681 recepti
1891 2618 2106 2681 praestitero
2141 2654 2152 2674 ‚
2181 2620 2300 2679 suum

139 2701 480 2764 jurisprudentia>
534 2709 652 2759 caput
703 2693 894 2739 reddatur
929 2692 1128 2752 integrum
1167 2723 1178 2743 ‚
1231 2689 1287 2732 (9²
1323 2704 1406 2749 quse
1458 2689 1634 2750 dispersa
1670 2686 1726 2730 &²
1763 2687 1931 2746 infinita
1966 2686 2008 2729 in
2045 2686 2212 2730 aliorum
2249 2686 2299 2729 li-

124 2772 232 2817 'bris
267 2768 338 2830 effe
374 2768 568 2813 videntur
603 2799 614 2820 ‚
651 2762 803 2810 ratione
839 2760 894 2803 (J
941 2757 1215 2813 distributione
1266 2756 1378 2799 unico
1413 2755 1602 2817 adspeilu
1634 2754 1838 2815 patefiant
1866 2788 1876 2798 .
1932 2753 2021 2813 ‚Qui
2066 2752 2168 2796 enim
2205 2764 2297 2795 ante

152 2854 218 2881 nos
254 2828 333 2891 ista
370 2836 606 2895 collegerunt
637 2865 650 2887 ,
687 2827 900 2887 doHisJimi
933 2826 1092 2887 quidem
1129 2823 1195 2866 illi
1226 2821 1282 2865 (9⁶
1317 2822 1510 2883 ingeniosi
1537 2856 1549 2878 ‚
1593 2835 1738 2866 >tamen
1773 2823 1974 2881 obscurum
2020 2820 2154 2879 potius
2191 2819 2296 2862 indi-

152 2918 231 2946 cem
268 2920 315 2946 ex
353 2901 451 2962 ipfis
477 2896 721 2961 fragmentis
755 2906 1006 2949 contextum,
1046 2906 1164 2952 quam
1199 2889 1417 2933 dilucidam
1454 2906 1581 2934 eorum
1610 2888 1849 2949 sententiam
1879 2889 2129 2948 protulerunt
2155 2901 2173 2926 .·
2225 2885 2295 2928 vel

151 2968 253 3029 quod
280 2969 381 3027 satis
420 2966 630 3012 habuerint
664 2980 710 3007 ea
746 2974 998 3006 monumenta
1044 2957 1223 3018 colligere
1257 2990 1267 3010 ,
1312 2973 1358 3001 ac
1394 2958 1590 3017 reliquum
1643 2957 1814 3003 laborem
1851 2955 1944 2999 aliis
1994 2953 2165 3012 consulto
2199 2952 2289 2994 reli-

150 3033 306 3096 querint
322 3053 348 3089 ;
383 3036 453 3078 vel
488 3032 592 3095 quod
626 3032 710 3076 luce
746 3030 932 3074 carebant
967 3043 1013 3072 ea
1031 3059 1043 3082 ,
1081 3039 1160 3085 qua
1190 3023 1325 3084 post'ea
1351 3024 1530 3078 jacobus
1566 3025 1602 3066 C
1606 3023 1765 3084 ujacius
1783 3057 1795 3077 ‚
1832 3022 1888 3065 ξφ
1914 3018 2189 3076 ,Gotbofredus
2214 3017 2289 3077 ju-

146 3118 247 3174 ntorN
272 3098 638 3162 jurisprudentiam
685 3097 946 3142 emendarunt
972 3112 991 3139 .·
1056 3106 1219 3152 quorum
1259 3090 1414 3151 scripta
1457 3092 1555 3151 sane
1611 3089 1857 3151 gravtffima
1908 3086 2132 3151 plurimum
2196 3082 2286 3125 huic

2180 3158 2282 3204 opert
