2596 3479
204 92 277 145 92

700 73 816 126 DE
861 73 1136 126 ORTU
1192 74 1314 126 ET
1372 77 1908 136 PROGRESSU

215 149 490 205 omniumque
523 148 718 213 consensu
770 163 935 193 cautum
973 148 1025 191 est
1055 180 1066 200 ‚
1112 161 1155 191 ut
1189 151 1437 204 ne-,miliae
1478 155 1642 210 quidem
1696 173 1847 202 nomen
1898 155 2078 214 praetulit
2112 190 2124 212 ‚
2167 155 2347 204 humili-

213 227 285 254 mo
331 207 413 251 sine
444 206 569 251 Baldo
604 212 762 263 aulpice
794 207 1058 268 docloratusy
1107 218 1152 250 ut
1186 222 1258 248 vo-
1310 225 1385 265 que
1420 211 1585 256 servitio
1620 214 1773 258 vifiurn
1804 249 1815 269 ,
1852 216 1894 260 Sc
1920 216 2149 260 dostrinam
2176 217 2242 260 fibi
2280 231 2351 271 pa-

216 280 311 312 cant
343 299 355 320 ,
391 265 570 310 lauream
613 278 771 321 caperet
795 298 804 307 .
847 267 988 318 Opum
1029 263 1107 306 tuit
1151 263 1257 306 haud
1312 269 1495 311 raverit.
1531 273 1644 313 Nam
1679 272 1794 316 simul
1837 291 1932 318 cum
1971 275 2084 318 Baldi
2125 275 2260 319 libetis
2292 271 2354 316 as-

214 327 378 378 minus,
411 340 534 381 quam
559 324 752 367 dourinae
783 323 984 378 cupidus.
1017 324 1130 376 Quas
1161 322 1260 364 adeo

1311 324 1458 369 fidebat
1489 326 1534 370 in
1573 328 1734 386 schola,
1769 333 2019 389 domumque
2053 334 2228 377 reversus
2266 346 2354 373 ma-

199 399 387 436 -magnas
424 397 511 426 tum
545 399 565 425 e
604 381 738 425 schola
763 412 775 434 ,
821 394 910 423 tum
942 379 1068 423 etiam
1113 395 1134 423 e
1173 380 1259 421 foi-0
1309 382 1418 438 gistri
1471 387 1593 429 verba
1623 420 1635 440 ‚
1681 405 1731 433 ne
1775 390 1846 433 sibi
1890 391 2126 435 exciderent
2161 423 2173 444 ,
2218 389 2354 433 statim

213 441 413 497 collegit:
448 454 492 484 ut
535 457 584 483 ex
625 440 714 483 solis
759 438 1087 483 substitutionum
1125 437 1261 480 litibus

212 500 450 558 quindecim
495 499 628 542 millia
679 497 932 541 contraxerit
987 512 1201 539 aureorum
1249 527 1260 548 ,

221 559 301 603 sive
354 559 556 602 scutorum
587 589 599 609 ‚
650 558 715 608 (a
743 558 759 606 )
799 568 843 598 ut
876 570 1028 598 vocant
1059 587 1071 607 ‚
1119 569 1261 609 praeter

218 633 268 660 ea
293 649 303 666 ,
335 633 422 672 quae
456 632 513 659 ex·
544 615 769 658 criminum
807 613 930 657 causis
956 644 969 665 ‚
1008 612 1050 655 ὅ(
1082 627 1131 655 ex
1165 627 1261 654 con-

218 675 414 717 tra'Stibus
446 671 625 723 adjecit.
673 672 834 714 Mentis
864 670 947 724 ejus
993 671 1121 725 magis
1167 684 1257 711 acu-

220 749 319 776 men
374 732 560 774 laudatur
595 762 606 778 ,
668 746 792 786 quam
841 728 1103 771 constantia:
1165 726 1261 781 saepe

211 791 331 834 enim
381 789 535 844 ingenii
573 788 672 842 aessu,
707 804 728 830 a
768 787 936 832 veritate
972 817 983 838 ‚
1032 797 1151 839 atque
1202 797 1262 827 et-

221 849 304 892 iam
343 847 550 899 semetipso
587 847 773 900 abreptus
796 877 807 897 ‚
840 844 906 887 sibi
946 855 1181 898 repugnat:
1219 854 1263 883 ut

223 907 350 949 Baldo
401 904 598 948 subtilitas
639 920 649 956 ς
694 902 855 945 Bartolo
905 915 998 943 vero
1044 899 1258 943 sententia-

231 980 324 1007 tum
360 964 506 1007 veritas
539 996 550 1015 ,
585 963 624 1004 ἃ
659 960 797 1011 judicii
821 959 994 1002 firmitas
1029 958 1262 1000 tribuatur.

226 1023 402 1066 Etenim
456 1020 565 1063 illius
610 1018 823 1074 ingenium
871 1016 1096 1070 rapidum3
1146 1015 1265 1058 huus

230 1080 416 1136 frugale:
457 1077 532 1120 Ille
566 1078 747 1131 argutior
775 1091 786 1128 3
821 1072 889 1117 hic
917 1074 1049 1116 sanior
1069 1106 1077 1116 .
1113 1073 1190 1116 Ille
1216 1074 1263 1116 ad

219 1136 547 1191 disputandum3
582 1135 648 1177 hic
691 1135 737 1176 ad
781 1132 1042 1184 judicandum
1087 1132 1263 1175 utilior.

223 1194 407 1238 forensis
444 1193 555 1236 enim
583 1192 823 1235 exercitatio
859 1190 1029 1232 Balaum
1065 1206 1144 1245 quo
1178 1206 1263 1231 ma-

217 1254 280 1309 gis
315 1251 518 1303 exacuit3
568 1256 625 1294 ita
660 1250 821 1294 lonaius
853 1248 1079 1302 aliquando
1126 1259 1263 1290 avexit

221 1328 244 1354 a
278 1326 373 1354 vero
403 1342 411 1352 .
458 1311 520 1351 Ita
554 1321 599 1351 ut
632 1308 674 1350 in
714 1306 839 1349 Baldo
875 1306 1150 1348 ambitionem
1176 1336 1188 1357 ,
1221 1305 1264 1347 ἅ

218 1368 438 1412 avaritiam
490 1365 659 1409 olfacias
697 1381 709 1418 3
758 1364 800 1407 in
840 1363 1006 1405 Bartolo
1050 1379 1146 1405 vero
1207 1361 1263 1404 so-

220 1426 298 1470 lius
328 1424 489 1478 justitiae
535 1424 693 1466 cultum
727 1421 938 1464 admireris
966 1453 974 1463 .
1009 1421 1134 1463 Unde
1173 1419 1265 1461 Bal-

218 1485 291 1527 dus
323 1481 649 1539 opulentissimus
681 1513 693 1534 ‚
738 1479 924 1522 Bartolus
957 1479 1076 1533 inops
1102 1510 1112 1520 .
1157 1480 1242 1520 Am

220 1541 324 1584 bitio
357 1557 452 1583 vero
494 1539 608 1582 Baldi
633 1570 645 1592 ,
690 1537 914 1594 cupidoque
957 1536 1099 1591 glotiae
1132 1535 1265 1577 studiis

221 1599 472 1655 posterorum
518 1595 745 1651 plurimum
791 1593 1003 1637 contulit:
1046 1594 1114 1636 vix
1148 1608 1262 1635 enim

220 1657 329 1700 ullus
371 1656 423 1698 est
472 1654 638 1708 divini,
683 1665 752 1697 aut
797 1651 971 1695 humani
1013 1650 1111 1702 juris
1155 1650 1264 1693 locus

220 1714 391 1770 ingenio
423 1711 535 1756 illius
576 1728 660 1755 non
705 1710 971 1766 exploratus:
1009 1724 1140 1765 neque
1175 1722 1265 1763 pars

225 1773 311 1815 ulla
352 1770 449 1824 juris
486 1803 496 1822 ‚
554 1782 623 1814 aut
661 1768 817 1813 Civilis
848 1800 860 1824 ,
906 1766 1110 1810 pontificii
1136 1798 1148 1818 ‚
1197 1778 1264 1809 aut

230 1827 417 1874 feudalis
449 1828 511 1872 illi
548 1844 633 1872 non
653 1839 819 1884 experta
846 1859 856 1870 .
889 1825 1021 1869 Vultu
1056 1823 1134 1868 fuit
1159 1819 1243 1868 hila

228 1889 260 1931 ri
286 1919 297 1941 ‚
341 1887 629 1942 colloquioque
665 1897 781 1942 grato
820 1916 828 1927 .
875 1886 927 1927 In
961 1901 1151 1940 pauperes
1181 1897 1266 1929 erat

224 1946 324 1989 adeo
360 1945 580 1988 munificus
613 1976 625 1998 ,
672 1956 714 1987 ut
746 1942 805 1986 eis
854 1945 1069 1987 turmatim
1114 1960 1268 1988 convo-

226 2003 328 2047 catis
359 2035 370 2055 ,
414 2002 474 2055 jus
508 2003 550 2046 ἃ
583 2017 723 2046 carnes
770 2001 945 2045 bovillas
978 2002 1072 2056 saepe
1117 2001 1265 2053 objice·
1326 2048 1331 2049 ⁷

227 2074 285 2104 ret
311 2093 320 2102 .
353 2062 538 2103 Mortem
575 2072 714 2103 tamen
763 2060 868 2103 obiit
904 2059 992 2103 viro
1030 2061 1266 2116 gravissimo

1313 442 1468 504 scriptis
1500 445 1747 490 mandabat.
1793 450 1809 499 (
1838 449 1903 500 b)
1946 450 2080 493 Auxit
2116 465 2213 494 vero
2251 446 2314 490 iili
2339 476 2354 499 ,

1312 502 1495 562 uelaepe
1540 502 1629 546 aliis
1668 537 1680 558 ,
1728 504 1940 549 scientiam
1995 508 2142 563 egestas
2185 540 2193 548 .
2239 506 2354 548 Cum

1311 572 1423 620 emm
1452 562 1623 613 pecunia
1656 578 1809 605 careret
1839 564 1885 606 ad
1915 566 2107 607 emendos
2138 577 2358 608 commen-

1313 628 1460 678 tarios,
1493 619 1654 662 coaetus
1678 621 1730 663 est
1755 637 1879 664 omne
1915 634 2074 675 tempus
2104 623 2147 664 in
2177 622 2354 676 ipsarum

1315 672 1487 737 lecf’tione
1517 675 1652 732 legum
1683 694 1860 733 ponere:
1894 678 2006 729 cujus
2033 680 2256 722 assiduitate
2278 679 2355 720 stu-

1313 731 1412 795 d11‚·
1451 732 1498 775 ad
1532 735 1667 790 prilcae
1717 753 1761 779 ac
1795 752 1999 792 germanae
2051 736 2255 790 sapientiae
2294 736 2359 778 in-

1314 801 1546 842 tegritatem
1585 792 1789 837 affuefecit
1819 795 2074 850 ingenium.
2112 795 2224 837 Hinc
2267 792 2359 836 scri-

1314 860 1380 902 pta
1402 848 1538 892 illius-
1563 866 1642 904 prat
1662 852 1778 902 aliisg
1802 866 1981 895 veterem
2010 852 2231 907 disciplinae
2260 865 2360 894 can-

1313 907 1476 969 dotem.
1499 924 1544 950 ac
1571 909 1786 953 veritatem
1813 910 2100 966 arripuerunt:
2138 925 2260 966 quern
2284 924 2362 952 no-

1315 964 1372 1006 bis
1405 964 1583 1009 frustum
1623 967 1769 1023 ingens
1791 968 2056 1011 voluminum
2092 967 2135 1010 in
2154 969 2262 1013 diem
2294 967 2360 1009 in-

1314 1023 1679 1076 crebrescentium,
1714 1042 1760 1068 ac
1797 1025 1949 1068 mentis
1989 1025 2218 1069 libertatern
2261 1025 2362 1067 irre-⁶

1314 1080 1510 1122 tientium
1537 1081 1657 1123 strues
1686 1083 1920 1137 intercipit.
1959 1083 2176 1125 Avenione
2200 1085 2246 1125 de
2268 1097 2361 1136 pro·

1315 1138 1526 1193 rogatione
1562 1137 1849 1190 jurisdictionis
1898 1139 2059 1183 Paullus
2095 1140 2192 1182 adeo
2229 1138 2362 1194 dispu-

1315 1197 1420 1238 tavit‘
1444 1197 1632 1251 egregie3
1665 1211 1707 1240 ut
1728 1214 1772 1241 ea
1795 1197 1904 1241 fama
1930 1197 2129 1241 excitatus
2152 1197 2357 1240 Cardina-

1315 1254 1364 1297 lis
1406 1253 1620 1296 Zao-arella
1669 1255 1927 1298 Florentinus
1971 1255 2309 1310 Archiepiscopus
2344 1286 2360 1308 ,

1316 1311 1515 1354 vicariam
1543 1311 1682 1354 Paullo
1702 1314 1869 1356 assessori
1889 1313 1953 1356 suo
1976 1315 2215 1367 potestatem
2239 1327 2356 1355 exer-

1315 1370 1492 1411 cendam
1525 1370 1735 1413 tradiderit
1772 1371 2027 1415 Flotentiae:
2067 1373 2132 1413 ubi
2175 1387 2266 1413 cum
2298 1368 2362 1421 jus

1314 1428 1505 1480 doceret,
1554 1430 1750 1472 Senatum
1795 1428 2024 1483 composuit
2052 1461 2063 1481 ‚
2095 1428 2138 1471 &
2178 1429 2320 1470 statuta
2347 1458 2359 1470 .

1319 1485 1414 1546 Inde
1438 1486 1561 1527 Senas
1586 1487 1735 1540 primo,
1757 1487 1898 1530 deinde
1926 1486 2156 1529 Bononiam
2179 1487 2226 1528 ad
2251 1488 2360 1528 ldem

1317 1544 1349 1584 se
1373 1558 1521 1585 munus
1547 1575 1559 1595 ‚
1593 1560 1638 1586 ac
1667 1546 1866 1596 postremo
1902 1545 2113 1587 Patavium
2148 1541 2356 1595 contulit,

1316 1599 1546 1654 ibidemque
1583 1601 1704 1644 annis
1735 1603 1942 1645 confecluz
1971 1614 2149 1644 mortem
2187 1598 2364 1654 oppetiit

1315 1673 1426 1700 anno
1475 1658 1795 1704 MCCCCXX.
1850 1659 2042 1703 omnium
2087 1658 2354 1703 aestimatione

1316 1716 1433 1772 ipsius
1468 1716 1623 1761 Bartoli
1657 1717 1748 1761 loco
1781 1719 1928 1776 dignus
1950 1749 1959 1761 .

1445 1804 1486 1848 C
1547 1806 1584 1847 A
1647 1806 1678 1848 P
1738 1808 1783 1849 U
1843 1807 1887 1849 T
2005 1804 2235 1849 CLXVII.

1543 1865 1610 1908 De
1639 1864 1870 1907 Alexandro
1889 1866 2096 1921 Tartagno
2113 1895 2122 1904 .

1368 1951 1394 1993 S
1430 1950 1667 1995 Alexandro
1709 1953 1943 2009 Tartagnoi
1970 1947 2165 1994 Imolenfi
2209 1943 2359 1990 doetri-

1400 2025 1495 2051 nam
1535 2008 1632 2060 juris
1665 2009 1858 2053 tradidit.
1891 2011 1993 2061 (c)
2028 2008 2213 2052 Paullum
2247 2004 2365 2048 enirn

1315 2066 1459 2110 audisse
1506 2067 1743 2111 Alexander
1788 2067 1943 2111 dicitur
1981 2098 1993 2119 ‚
2051 2079 2193 2122 praeter
2236 2063 2362 2115 Joan-

224 2119 464 2171 indignam.
500 2120 614 2161 Dum
641 2118 755 2161 enim
779 2117 919 2161 rabido
942 2118 1118 2171 catello,
1143 2133 1265 2173 quem
1288 2146 1295 2170 2
1316 2141 1411 2167 nem
1446 2125 1693 2168 Imolensem
1722 2158 1734 2179 ‚
1765 2125 1809 2168 &
1841 2127 2043 2178 Joannem
2077 2125 2126 2167 ab
2160 2121 2325 2164 Anania
2345 2150 2360 2173 ,

220 2178 265 2220 in
302 2176 458 2219 deliciis
490 2175 695 2231 habebat,
729 2175 1031 2220 abblandiretur
1065 2207 1078 2230 ‚
1109 2176 1267 2239 impru-
1288 2171 1294 2193 ⁸
1318 2183 1573 2226 Lffidovjcum
1625 2186 1865 2227 ROmanum

224 2235 322 2277 dens
356 2233 450 2276 labii
491 2235 627 2278 morsu
665 2250 875 2278 venenum
905 2234 1033 2276 hausit
1061 2250 1070 2274 ε
1116 2249 1197 2288 quo
1225 2249 1266 2275 in

224 2306 350 2334 venas
381 2303 604 2345 manante,
629 2291 762 2335 lucem
792 2291 1081 2334 tremebundus
1103 2291 1268 2346 reliquit

223 2347 323 2391 Kal.
343 2348 472 2392 Maiis
495 2364 606 2393 anno
638 2351 942 2392 MCCCCIV.
976 2348 1165 2392 Zenobio
1190 2347 1267 2390 Ti-

226 2406 375 2462 pherni
410 2407 640 2462 Episcopo,
675 2407 719 2450 ὃς
749 2406 964 2450 francisco
996 2406 1119 2461 filiis,
1151 2406 1264 2450 utris-

223 2480 301 2522 que
323 2463 628 2517 Jurisconsultis
655 2497 668 2518 ‚
704 2465 976 2521 superstitibus
997 2496 1006 2508 .

364 2552 405 2595 C
464 2553 507 2597 A
570 2552 601 2595 P
661 2554 706 2595 U
767 2554 810 2595 T
928 2552 1134 2596 CLXVI.

505 2610 573 2655 De
603 2611 748 2654 Paullo
781 2610 980 2666 Castrenfi
1001 2643 1010 2654 .

325 2694 555 2738 Roximum
599 2696 724 2739 Baldo
767 2696 904 2740 locum
945 2697 1087 2741 damus
1127 2695 1270 2740 Paullo

355 2753 554 2795 Caslrenfi
585 2769 605 2795 e
645 2754 806 2797 Faliscis
830 2786 841 2807 ,
873 2771 995 2811 quem
1027 2755 1154 2810 aliqui
1198 2770 1269 2797 an-

241 2822 445 2866 teponunt
483 2809 553 2863 ipsi
588 2810 712 2853 Baldo
739 2844 751 2864 ,
794 2812 857 2854 cui
902 2811 1070 2854 Paullus
1100 2812 1269 2867 discipu-

239 2867 302 2911 lus
334 2867 412 2911 fnit
438 2899 450 2921 ‚
492 2867 535 2910 ἃ
578 2868 866 2911 amanuensis:
913 2869 1061 2925 quippe
1105 2886 1274 2926 pauper-

240 2926 370 2968 rimus
390 2957 403 2980 ‚
444 2924 487 2969 &
519 2940 666 2981 genere
698 2940 784 2969 tarn
818 2926 986 2970 obscuro
1012 2943 1024 2980 3
1056 2941 1101 2972 ut
1132 2944 1182 2971 ne
1215 2927 1270 2971 fa-

355 3056 628 3068 -οο-...ψφ-

867 3059 1052 3070 -..,,-,

1165 3059 1273 3069 ...-

274 3087 328 3126 (a
344 3087 363 3125 )
388 3089 548 3130 cuman.
578 3098 614 3119 ex
646 3090 738 3120 Alex.
755 3088 789 3120 in
802 3087 917 3121 rubrit.
943 3087 984 3132 ff.
1015 3090 1053 3121 de
1077 3091 1207 3132 vulgar.
1235 3088 1274 3120 (5
1320 3095 1359 3126 do
1384 3093 1423 3125 &⁶
1447 3095 1483 3126 in
1508 3096 1520 3125 Ι
1548 3061 1686 3137 secund—a
1715 3095 1742 3135 §-
1761 3094 1901 3125 ultimo.

228 3133 363 3220 pugtgl.)
412 3174 570 3220 Castrens.
597 3179 621 3213 1.
635 3178 741 3222 primo
769 3178 923 3221 §.aditio
948 3177 1054 3223 infin·
1075 3177 1171 3224 ᾖδε
1183 3180 1274 3218 edm-

1899 2215 1912 2237 ,
1957 2182 1999 2225 ἃ
2043 2181 2264 2235 Casparem
2301 2180 2362 2219 A-

1318 2240 1580 2295 tengberium
1628 2239 1679 2284 in
1729 2239 1978 2284 Bononiensi
2045 2237 2179 2282 schola
2223 2234 2362 2278 ὀοξὶο-

1319 2313 1435 2340 rem.
1483 2297 1692 2340 Dofi‘trinae
1742 2297 1853 2341 illius
1896 2297 2006 2339 fama
2049 2295 2227 2350 undique
2272 2307 2361 2346 per-

1317 2370 1481 2405 currens
1520 2387 1532 2407 ‚
1578 2356 1693 2398 urbes
1739 2355 1938 2410 plurimas
1990 2353 2037 2396 ad
2088 2350 2361 2408 cupiditatem

1318 2413 1500 2456 hominis
1529 2413 1682 2456 etcivit
1709 2445 1718 2455 .
1755 2413 1886 2468 Igitur
1918 2411 2109 2454 Ferrariae
2142 2408 2323 2466 primum
2346 2438 2360 2462 ‚

1317 2471 1460 2513 deinde
1483 2470 1641 2513 Patavii
1680 2470 1855 2524 docuit,
1905 2469 1972 2512 ubi
2011 2467 2361 2511 Bartholomaeutn

1319 2527 1558 2583 Ctepollam
1592 2528 1839 2571 acerrimum
1868 2527 2059 2570 dostrinae
2086 2559 2098 2579 ,
2132 2542 2178 2570 ac
2222 2522 2361 2580 digni·

1321 2587 1415 2630 tatis
1471 2588 1787 2642 competitorem
1835 2585 2156 2629 constantissime
2211 2582 2362 2624 tolera-

1320 2645 1382 2686 vit
1411 2676 1419 2685 .
1456 2644 1580 2687 Illinc
1619 2644 1826 2688 Ticinum
1855 2676 1867 2698 ‚
1911 2659 1956 2686 ac
1991 2643 2194 2698 postremo
2225 2640 2365 2682 Bono·

1320 2702 1432 2745 niam
1477 2702 1524 2744 ad
1567 2700 1627 2752 jus
1667 2702 1793 2746 civile
1847 2700 2074 2745 docendum
2123 2698 2358 2742 concessit:

1320 2760 1385 2803 u'ui
1433 2757 1628 2801 aernulum
1672 2773 1861 2815 expertus
1913 2758 1966 2801 est
2006 2756 2223 2800 Andream·
2262 2753 2363 2797 Bar-

1321 2816 1476 2860 batium
1503 2848 1515 2867 ,
1549 2816 1756 2859 minorem
1790 2815 1955 2871 quidem
2003 2813 2184 2857 doetrina
2217 2829 2229 2865 3
2275 2825 2363 2855 me-

1321 2875 1453 2918 moria
1495 2889 1593 2918 vero
1630 2905 1642 2926 ,
1697 2888 1785 2929 quae
1834 2872 2018 2915 maxime
2076 2871 2123 2914 ad
2174 2869 2360 2926 plausum

1321 2931 1561 2990 popularem
1612 2929 1720 2975 valet
1754 2962 1768 2986 ‚
1824 2929 1946 2986 longe
2001 2928 2360 3029 praestantioregi5

2316 3002 2357 3030 ui

2139 3058 2360 3072 -—-———

1441 3064 1546 3075 ...q-

1367 3141 1409 3182 [c
1425 3139 1440 3180 ]
1492 3139 1628 3174 Hieron.
1656 3137 1840 3174 Praevideu.
1858 3139 1897 3173 de
1909 3135 1991 3182 peste
2002 3144 2091 3182 pare.
2106 3138 2170 3173 ult.
2185 3134 2287 3178 capis·
2302 3140 2358 3167 ιι,
