2596 3479
622 85 779 140 'ET
859 79 992 136 XII.
1071 76 1931 147 TABULARUM.

239 167 366 223 igitur
405 160 477 209 etfi
521 169 640 205 antea
673 158 822 204 mutila
852 158 975 222 verba
1008 154 1230 219 protulerit
1266 187 1280 211 ‚

241 225 301 271 ita
331 236 474 268 tamen
508 219 628 263 sarcit
660 216 863 261 scissuram
881 230 941 274 ⁴tn
973 225 1115 258 notls:

316 338 494 415 Judice
537 333 805 392 arbitrove
845 331 1052 387 addi-Pto
1092 331 1281 400 vadeS,

238 417 487 473 subvades
529 415 763 468 danunto
794 431 814 464 .·
876 410 1160 464 vadimonii
1200 410 1281 463 de-

235 493 434 552 serendi
476 492 554 545 uti
596 503 788 563 pacunt
832 506 987 562 poena
1012 487 1116 541 esto
1142 526 1158 557 ,
1198 505 1281 541 ex-

237 589 323 629 tra
356 588 516 644 quam
545 569 580 622 fi
613 567 828 621 morbus
861 563 1084 619 sonticus
1108 596 1171 608 --
1193 583 1280 618 vo-

241 664 360 705 tum
387 681 410 692 -
441 680 465 692 -
504 645 733 701 absentia
764 639 1086 716 Reipublicae
1118 661 1242 715 ergo
1268 682 1284 711 ‚

243 744 335 784 aut
377 725 531 780 status
572 722 678 779 dies
719 742 839 778 cum
882 720 1024 774 hoste
1067 721 1283 774 interce-

245 806 370 875 dat3
412 803 448 856 fi
490 802 616 878 quid
660 801 849 855 horum
889 796 1186 853 fuat'unum
1214 796 1286 868 ju-

246 881 352 937 dici
388 921 405 948 ,
460 877 754 934 arbitriove
785 918 804 949 ,
859 895 1015 932 reove
1042 916 1060 948 ,
1100 894 1164 931 eo
1206 876 1286 929 die

245 957 482 1014 diffensus
524 956 663 1011 esto.

325 1093 502 1168 JudiCe
525 1090 546 1161 )
589 1109 719 1154 sensus
744 1108 870 1154 totius
896 1108 996 1165 legis
1018 1108 1095 1153 est:

300 1170 463 1225 Judicio
495 1167 697 1224 constituto
718 1199 730 1221 ‚
761 1169 962 1210 arbitrove
991 1167 1102 1209 adito
1133 1165 1289 1217 vades,-

249 1241 321 1271 aut
345 1226 549 1281 subvades
566 1226 716 1278 iudicio
731 1223 897 1279 sistendi
923 1225 1108 1280 utrinque
1125 1224 1290 1274 dantor,

250 1286 361 1342 iique
382 1282 516 1336 fistere
548 1294 782 1325 teneantur:
815 1280 891 1334 nisi
913 1282 1069 1323 morbus
1087 1281 1292 1322 vehemens

250 1344 340 1386 vin
369 1341 551 1395 graviter
581 1340 741 1382 nocende‘
761 1339 929 1389 habens,
973 1351 1106 1380 votum
1127 1335 1292 1390 aliquod
1309 1337 1315 1378 Ι

248 1398 431 1452 absentia
462 1397 704 1450 Reipublicae
728 1409 814 1450 ergo
839 1395 1081 1447 intercedat,
1113 1406 1182 1436 aut
1205 1409 1292 1433 con-

241 1451 488 1564 stitutus-[stt
519 1454 630 1504 dies,
663 1468 749 1495 cum
773 1453 1001 1508 peregrino:
1036 1449 1176 1504 namsi
1193 1449 1293 1504 quid

249 1514 383 1564 horum
438 1512 537 1553 uerit
564 1543 576 1564 ,
609 1510 665 1553 (9‘
695 1511 897 1553 obvenerit
928 1510 1055 1563 judici
1082 1541 1094 1562 ‚
1125 1509 1293 1550 arbitro-

252 1586 305 1613 ve
324 1600 338 1624 ,
368 1581 438 1611 aut
463 1585 522 1610 reo
544 1568 687 1618 iudicii
707 1599 720 1620 ‚
750 1568 838 1611 dies
859 1565 1063 1622 differtor.
1096 1567 1178 1618 (*)

331 1629 593 1683 SUbVadeS
619 1625 638 1696 )
663 1646 740 1700 [“]
767 1663 864 1689 curn
891 1646 1083 1702 utrinque
1109 1645 1158 1687 ab
1182 1643 1292 1706 zisto-

252 1721 295 1750 τε
321 1704 470 1748 scilicet
487 1735 498 1753 ,
524 1703 568 1746 &
588 1719 654 1745 reo
676 1705 794 1746 dandi
819 1704 942 1748 essent
965 1702 1167 1756 (ponsores
1190 1700 1285 1751 ,udi-

254 1763 320 1807 cio
348 1762 419 1804 sisti
440 1775 451 1811 3
472 1761 604 1803 censet
630 1761 909 1805 Gothofredus
936 1762 1060 1804 vades
1083 1760 1209 1803 custos
1228 1774 1295 1801 eos

253 1820 356 1870 effe,
388 1819 458 1874 qui
486 1818 788 1873 spoponderunt
815 1835 886 1874 pro
908 1835 1002 1870 re03
1024 1817 1212 1860 subvades
1230 1817 1293 1858 :ui

256 1893 331 1934 pro
359 1875 492 1919 attare
527 1908 539 1927 ‚
581 1891 759 1932 quorum
789 1878 1008 1919 verborum
1034 1874 1288 1928 significatio-

258 1950 357 1979 nem
390 1934 456 1976 suo
482 1946 668 1988 tempore
698 1934 851 1988 periisse
866 1931 1296 1985 refert,Gellius.(a)

245 2065 247 2067 ι
338 1996 589 2069 Danumo
612 1993 634 2062 )
671 2028 743 2065 pro
764 2013 885 2056 danto
910 2013 1111 2069 priscum,
1143 2010 1296 2065 utsaepe

258 2068 426 2113 Plautus
449 2067 631 2110 danuam
661 2085 733 2124 pro
757 2071 883 2113 dant.

342 2131 522 2180 ReOVe
556 2129 572 2191 )
612 2148 749 2202 priscis
783 2164 871 2194 reus
897 2147 973 2191 fuit
998 2159 1084 2190 tam
1115 2144 1266 2202 petitor
1287 2176 1299 2198 ,

258 2218 386 2259 quam
415 2202 447 2244 is
480 2201 584 2244 unde
612 2205 765 2259 petitur
802 2237 815 2259 ‚
859 2206 1008 2250 dicitur
1039 2205 1154 2249 enim
1179 2218 1268 2248 reus
1288 2235 1300 2256 ‚

261 2259 373 2311 cujus
399 2259 445 2302 de
465 2274 512 2303 >re
539 2259 701 2316 agitur.
733 2264 798 2315 (b)

262 2394 379 2405 ---
385 2395 537 2403 --.-

264 2432 447 2463 Movemur
471 2450 482 2466 ‚
522 2429 608 2471 quod
636 2429 708 2463 dies
734 2441 809 2464 cum
836 2432 1007 2473 peregrino
1031 2429 1224 2462 constitutus
1251 2439 1298 2459 ca-

265 2473 440 2520 ptionibus
465 2472 576 2505 ansam
602 2474 760 2516 praeberet
777 2497 787 2513 ‚
814 2476 932 2518 quibus
956 2475 1025 2507 dies
1051 2475 1086 2506 in
1111 2472 1234 2512 judicio
1254 2471 1296 2503 di-

264 2517 338 2552 stus
366 2517 446 2553 ‚usto
471 2517 583 2557 (ἕρξῃς
620 2518 847 2554 diffinderetur
875 2544 882 2552 .
929 2519 1098 2563 Ingeniosa
1123 2526 1236 2549 tamen
1261 2518 1304 2548 est

263 2560 452 2599 eonjessun
480 2565 547 2604 Jssc·
576 2563 773 2598 Gothofredi
800 2585 811 2601 ,
851 2565 927 2608 quia
968 2565 1097 2607 publice
1135 2561 1265 2594 interest
1291 2582 1300 2599 ‚

264 2606 318 2647 ius
342 2616 418 2639 ante
442 2608 556 2640 omnia
581 2609 762 2653 peregrinis
787 2610 851 2643 dici
869 2633 876 2639 -
908 2613 945 2642 In
972 2609 1047 2652 ipsis
1071 2608 1193 2642 tabulis
1225 2617 1299 2648 quo-

264 2663 328 2697 que
354 2653 407 2685 lex
430 2652 469 2685 de
494 2652 547 2686 die
572 2664 647 2687 curn
673 2654 761 2688 hoste
787 2656 966 2689 constituto
1001 2665 1018 2686 a
1044 2652 1191 2687 Gravina
1218 2652 1304 2693 sepa-

264 2697 368 2732 ratim
393 2699 534 2739 proponi
561 2698 700 2733 dedebat
726 2723 737 2740 ‚
763 2711 839 2734 cum
865 2701 899 2733 in
926 2700 1036 2734 tabula
1061 2697 1198 2732 secunda
1230 2719 1240 2735 ,
1265 2696 1302 2727 ad

265 2743 458 2785 exemplum
484 2743 642 2777 editionis
668 2743 868 2779 Gothofredi
884 2767 893 2784 ‚
923 2757 989 2778 non
1014 2744 1073 2778 niss
1100 2743 1163 2781 lezi
1189 2741 1229 2774 de
1257 2740 1304 2779 iu-

267 2787 313 2821 sta
340 2787 523 2820 vadimonii
549 2788 720 2823 deserendi
746 2790 837 2823 causa
855 2813 864 2828 ‚
892 2791 1013 2824 inserta
1037 2796 1214 2832 appareat·

312 2833 370 2872 (⁴¹)
398 2833 437 2864 In
462 2833 528 2872 ipsa
553 2834 623 2877 lege
651 2845 710 2876 pro
734 2835 938 2874 arbustam,
965 2843 1001 2869 ut
1027 2835 1198 2877 legebatur
1222 2831 1256 2864 in
1273 2841 1306 2862 e-

268 2874 395 2910 ditione
421 2877 574 2920 Lipfienfi
607 2883 700 2922 1718.
721 2903 731 2920 ‚
759 2880 809 2913 bis
837 2881 1003 2921 posuimus
1038 2878 1204 2913 arbitrove
1235 2889 1244 2916 ἱ
1271 2876 1307 2908 in

260 2922 475 2965 ‚expositione
499 2922 644 2959 eiusdem
673 2936 734 2968 pro
756 2924 880 2964 judicio
904 2925 1075 2967 censsituto
1102 2945 1112 2962 ,
1137 2923 1308 2964 judiceque

270 2967 363 2998 adito
390 2988 400 3001 ·
427 2967 592 3008 legimus.-
613 2971 752 3010 Judicio
777 2970 952 3011 constituto
978 2993 988 3008 ,
1015 2970 1175 3002 arbitrove
1200 2968 1305 3002 adito,

271 3020 334 3053 pro
356 3009 480 3049 fisserm'
504 3013 631 3053 sistendi
660 3037 671 3052 ,
699 3026 758 3058 pro
787 3016 975 3050 Arbitriove
999 3015 1167 3050 arbitrove
1193 3035 1204 3054 2
1242 3014 1305 3044 Ὀθ-

271 3064 384 3088 nunto
409 3065 468 3097 pro
491 3056 594 3090 danto
619 3059 700 3101 legit
725 3060 951 3094 Gothofredus
967 3082 976 3092 .

278 3144 288 3149 n
322 3100 407 3139 (⁴¹⁸)
432 3100 596 3134 Subvades
623 3125 634 3142 ‚
659 3103 922 3148 quandoquidem
947 3106 981 3138 in
1006 3115 1040 3138 re
1070 3103 1204 3137 obscura
1228 3111 1307 3134 con-

276 3144 409 3185 )eRurae
434 3145 527 3181 locus
553 3147 597 3180 est
612 3168 624 3190 ,
648 3147 790 3187 dicimus
814 3150 961 3190 auQoees
975 3149 1154 3191 secundos,
1182 3147 1309 3191 quipro

1407 157 1661 214 Diffensus
1683 156 1704 227 )
1747 175 1787 219 id
1810 175 1865 220 est
1891 174 2070 231 prolatus
2089 208 2117 235 ,ι
2133 178 2295 223 Gellius
2311 181 2371 231 (c)

1327 235 1434 280 dixit
1464 252 1474 278 ε
1525 235 1569 279 δι
1604 234 1746 278 Livius
1769 232 1979 290 diffindere
2004 235 2112 277 diem
2140 251 2210 291 pro
2232 237 2372 281 differe

1330 293 1436 336 libro
1461 308 1573 336 nono
1597 323 1606 334 .
1647 292 1785 348 Atque
1807 293 1928 348 legem
1949 293 2145 335 curiatam
2176 294 2223 336 de
2248 295 2369 350 impe-

1328 352 1384 395 rio
1403 349 1556 404 ferenti
1581 348 1688 404 trzste
1713 365 1823 393 omen
1845 350 1951 393 diem
1974 347 2132 406 diffidit
2151 381 2162 392 .

1512 481 1554 525 c
1615 481 1654 525 A
1717 481 1759 538 Ρ,
1806 484 1852 524 u
1912 483 1957 524 T
2048 484 2184 528 LXX.

1646 597 1714 640 De
1737 596 2031 653 Obvagulando
2046 627 2057 640 .

1336 709 1477 812 SEd
1521 726 1618 755 cum
1662 711 1846 755 eveniret
1888 710 2113 769 aliquando
2150 741 2163 764 ‚
2223 722 2269 756 ut
2309 712 2382 768 qui

1435 783 1522 813 rem
1566 769 1675 812 suam
1719 769 1769 812 ab
1811 769 1952 825 aliquo
1995 769 2038 813 in
2072 768 2222 821 judicio
2257 785 2373 825 rep:-

1335 827 1480 880 rebat,
1528 838 1684 870 careret
1725 826 1888 870 testibus
1920 859 1932 880 ,
1985 826 2132 884 quibus
2174 826 2379 870 intentio-

1335 899 1432 927 nem
1475 882 1586 926 suam
1629 882 1752 935 judici
1787 885 2011 938 probaret3
2047 885 2285 927 Decemviri
2320 899 2373 927 ne

1333 941 1423 998 quis
1466 939 1580 984 nulla
1625 940 1690 984 sua
1732 940 1851 997 culpa
1895 942 2090 995 omnibus
2121 941 2378 994 argumentis

1335 999 1383 1042 ad
1436 1013 1524 1042 rem
1568 999 1885 1053 recuperandam
1929 999 2214 1043 destitueretur
2249 1013 2262 1052 ς
2322 997 2385 1040 fa-

1336 1055 1533 1100 cultatem
1580 1056 1777 1099 dederunt
1826 1055 1953 1099 astori
1991 1087 2004 1109 ,
2054 1068 2098 1099 ut
2150 1069 2247 1098 ante
2304 1055 2378 1097 do-

1337 1129 1453 1157 mum
1487 1113 1543 1156 rei
1574 1114 1696 1165 (²⁴⁸⁵)
1728 1113 1976 1157 clamoribus
2007 1145 2020 1167 ,
2071 1113 2159 1157 imo
2202 1112 2245 1155 δε
2276 1127 2382 1155 con-

1337 1171 1455 1214 viciis
1498 1185 1584 1213 rem
1619 1170 1729 1214 suam
1761 1170 1961 1226 flagitaret
1995 1203 2007 1224 ,
2053 1170 2271 1225 palamque
2317 1167 2380 1212 fa-

1338 1240 1446 1271 ceret
1503 1228 1697 1270 omnibus
1745 1243 1838 1271 earn
1889 1228 2200 1281 improbitatem
2253 1226 2381 1269 ternis

1337 1285 1475 1327 diebus
1504 1314 1517 1337 ,
1568 1299 1615 1327 ac
1669 1283 1796 1327 ternis
1850 1286 2046 1327 nundinis
2078 1317 2090 1336 ,
2139 1284 2216 1326 sive
2266 1299 2380 1325 nono

1338 1356 1497 1397 quoque
1539 1339 1603 1383 die
1638 1372 1648 1382 .
1708 1341 1903 1383 Solebant
1945 1341 2062 1384 enim
2109 1339 2293 1382 Romani
2334 1353 2387 1382 ex

1339 1399 1446 1454 agris
1497 1412 1609 1440 nono
1641 1412 1803 1453 quoque
1836 1397 1900 1440 die
1927 1429 1940 1450 ,
1986 1398 2254 1453 negotiorum
2287 1411 2384 1439 cau-

1343 1456 1378 1499 sa
1404 1487 1416 1509 ‚
1448 1455 1489 1498 in
1523 1456 1663 1498 urbem
1698 1455 1921 1498 convenire
1942 1486 1954 1508 ‚
2000 1456 2068 1498 ubi
2102 1470 2151 1498 eo
2183 1454 2246 1497 die
2280 1468 2388 1496 nun-

1340 1513 1444 1556 dinae
1476 1511 1774 1566 habebantur3
1819 1512 1912 1556 inde
1960 1525 2142 1565 natum,
2187 1511 2293 1565 quod
2338 1526 2386 1553 u-

1344 1571 1381 1613 su
1414 1571 1544 1613 adhuc
1578 1570 1800 1612 retinemus
1825 1601 1837 1623 ‚
1884 1581 1929 1612 ut
1962 1571 2090 1612 tribus
2122 1569 2261 1613 ediffiis
2295 1583 2384 1611 reus

1342 1629 1488 1672 citetur
1523 1658 1533 1670 .
1585 1629 1642 1669 At
1685 1627 1711 1669 fi
1753 1642 1842 1670 reus
1887 1625 2070 1670 fraudem
2115 1625 2226 1669 suam
2264 1625 2388 1669 obsti-

1344 1698 1458 1728 naret
1487 1717 1500 1739 ,
1555 1700 1721 1740 remque
1775 1684 1932 1728 tradere
1977 1684 2268 1735 decretum-3
2319 1682 2384 1734 jus

1344 1758 1483 1785 tamen
1526 1756 1611 1785 erat
1655 1741 1781 1785 affrori
1814 1774 1826 1795 ‚
1870 1741 2010 1785 accitis
2044 1742 2175 1785 secum
2211 1740 2265 1784 sui
2298 1739 2389 1782 cla-

1346 1802 1470 1844 moris
1512 1800 1675 1843 testibus
1700 1831 1712 1852 ,
1745 1799 1799 1843 rei
1843 1799 2015 1843 domum
2060 1799 2211 1842 intrare
2238 1830 2251 1853 ,
2296 1811 2386 1840 rem

1346 1859 1454 1902 suam
1483 1889 1495 1908 ,
1529 1857 1648 1900 sicubi
1673 1872 1764 1900 earn
1793 1856 2000 1900 inveniret
2022 1889 2034 1909 ‚
2055 1856 2286 1899 ablaturus.
2324 1857 2386 1896 Is-

1344 1931 1421 1971 que
1458 1915 1620 1957 effcstus
1651 1928 1736 1957 erat
1765 1913 1878 1957 illius
1902 1914 2052 1969 publici
2080 1913 2274 1958 clamoris
2297 1924 2386 1968 quae

1345 1972 1607 2027 obvagulatio
1629 1972 1837 2015 dicebatur
1874 1988 1884 2013 t
1929 1971 1977 2015 ad
1994 1982 2150 2025 portum
2174 2003 2186 2023 ,
2230 1971 2306 2012 hoc
2331 1967 2386 2011 est

1347 2042 1441 2071 ante
1489 2029 1658 2071 domum
1688 2060 1697 2069 .
1749 2030 1849 2070 Non
1884 2044 1950 2072 me
1983 2028 2093 2070 fallit
2120 2060 2132 2082 ‚
2175 2028 2264 2079 (d)
2297 2024 2391 2068 Sal-

1350 2085 1519 2128 masium
1550 2116 1562 2135 ,
1610 2086 1691 2136 (e)
1733 2085 1912 2141 aliosque
1955 2085 2088 2134 plures
2115 2116 2127 2137 ‚
2177 2084 2283 2126 hanc
2329 2081 2389 2125 le-

1347 2159 1441 2200 gem
1492 2157 1577 2197 non
1634 2141 1778 2185 referre
1822 2142 1870 2185 ad
1913 2142 2093 2185 atrorem
2141 2138 2388 2184 testimoniis

1348 2201 1583 2244 destitutum
1616 2231 1627 2252 ‚
1672 2199 1730 2242 sed
1778 2199 1825 2241 ad
1861 2200 2143 2243 testimonium
2175 2197 2390 2253 defugien-

1351 2271 1435 2301 tem
1458 2275 1466 2299 ε
1501 2257 1600 2300 adeo
1626 2269 1669 2300 ut
1692 2273 1764 2312 pro
1789 2255 1963 2310 desuerit
1993 2257 2131 2312 legant
2157 2254 2356 2312 defugerit
2391 2285 2402 2296 .

1939 2315 1975 2357 Ζ
2040 2330 2062 2356 2
2316 2313 2403 2353 Ve-

1462 2391 1566 2400 —..-

1352 2425 1488 2457 vadibus
1514 2424 1622 2456 mimis
1648 2423 1774 2456 idoneis
1813 2423 1972 2465 spondere
2012 2424 2099 2455 soliti
2142 2422 2265 2454 fuerint
2294 2444 2303 2453 .
2331 2423 2396 2452 Pro

1353 2469 1507 2501 diffensus
1531 2467 1653 2500 diffisus
1679 2469 1827 2502 malebat
1853 2467 2008 2505 Cuiacius
2035 2467 2202 2507 obsxll.
2224 2470 2272 2498 18.
2303 2463 2396 2502 cujus

1352 2514 1502 2547 leRionis
1519 2512 1636 2545 fundus
1653 2514 1696 2544 est
1712 2516 1738 2544 L
1755 2524 1784 2544 2.
1807 2515 1858 2556 §.3
1888 2513 1975 2555 D,fi
1989 2514 2062 2556 quis
2076 2521 2160 2545 caut.
2181 2513 2217 2544 in
2228 2510 2301 2550 iud.

1399 2559 1458 2599 (a)
1485 2556 1615 2588 Lilma.
1645 2568 1778 2596 cap-10.

1399 2604 1494 2643 (Μ)
1521 2603 1751 2645 obvagulatio
1777 2602 1839 2635 hoc
1863 2602 1953 2635 sensu
1977 2601 2084 2635 affinis
2111 2598 2200 2634 furto
2214 2607 2390 2642 concepto,

1354 2648 1410 2680 nisi
1436 2647 1522 2691 quod
1550 2649 1683 2689 pronior
1710 2648 1827 2681 eodem
1852 2649 1896 2680 est
1920 2647 1960 2679 ad
1979 2646 2179 2680 calumniam
2198 2669 2205 2676 .
2231 2647 2284 2678 Sic
2300 2645 2390 2681 enim

1354 2694 1504 2736 peffimus
1528 2693 1660 2736 quisque
1686 2692 1727 2724 ad
1752 2693 1889 2725 domurn
1915 2692 2039 2735 optimi
2067 2689 2209 2729 cuiusvis
2234 2691 2319 2723 civis
2335 2690 2397 2722 ob-

1354 2739 1508 2777 vagulare
1535 2747 1685 2779 poterat.
1717 2741 1792 2770 Imo
1818 2739 1953 2780 potius,
1980 2736 2198 2779 obvagulatio
2223 2736 2324 2769 fiebat
2349 2732 2393 2766 ad

1353 2783 1488 2816 domum
1516 2784 1669 2816 testium·
1698 2783 1754 2825 qui
1780 2794 1859 2815 cum
1886 2783 1930 2814 rei
1957 2783 2048 2826 gestae
2072 2780 2271 2819 adfuissent,
2300 2779 2391 2814 testi-

1355 2829 1504 2861 monium
1530 2829 1678 2870 praestare
1705 2827 1960 2861 detrectabant.
1988 2826 2140 2863 Cuiacius
2168 2825 2278 2866 obs-7.
2305 2832 2392 2862 τας.

1357 2873 1489 2915 ι’ὶρυῑιις
1517 2873 1622 2906 Plauti
1650 2883 1716 2905 non
1742 2873 1781 2905 ad
1808 2873 2103 2915 obvagulationem
2131 2871 2275 2912 pertinet
2299 2891 2309 2907 ,
2339 2868 2394 2903 (ed

1354 2917 1419 2951 furi
1443 2928 1482 2951 eo
1508 2919 1604 2951 minae
1642 2918 1839 2959 ingeruntur
1866 2940 1876 2957 ‚
1901 2918 1934 2950 ni
1961 2929 2030 2950 rem
2056 2915 2232 2950 reddiderit
2257 2925 2299 2947 ex
2324 2913 2395 2948 sur-

1355 2972 1391 2996 to
1416 2973 1577 3003 concepto
1609 2985 1618 2994 .
1644 2963 1822 3000 Obvazulo
1844 2974 1863 2995 a
1888 2963 2008 3006 vagulo
2039 2984 2049 2999 ,
2076 2961 2128 2993 seu
2156 2960 2275 3002 vagit»,
2302 2958 2389 3002 quod

1355 3009 1398 3042 est
1423 3008 1660 3051 conduerentis
1685 3019 1759 3040 eum
1788 3008 1917 3046 ploratu
1937 3030 1947 3046 ‚
1975 3005 2060 3039 unde
2093 3003 2331 3048 paterfamilias
2355 3005 2391 3037 in

1355 3053 1447 3087 cunis
1473 3053 1608 3093 vagiens
1635 3052 1742 3085 infans
1771 3053 1817 3084 sui
1844 3050 1924 3088 juris
1948 3051 2070 3084 dicitur
2089 3072 2099 3082 .

1400 3098 1465 3138 (d)
1488 3098 1598 3136 Lib.3.
1626 3098 1751 3137 advers:
1780 3101 1908 3138 cap.26.

1400 3143 1457 3185 (e)
1485 3142 1616 3186 observ.
1636 3143 1678 3177 ad
1693 3140 1746 3181 jus
1775 3142 1880 3176 Atrio.
1897 3140 1935 3174 &⁴
1952 3143 2043 3174 Rom.
2062 3145 2188 3183 cap.30.
