2596 3479
533 120 660 174 ET
742 106 1924 173 SENATUSCONSULTIS.

175 199 243 237 tur
268 223 277 237 .
309 194 470 238 Verum
503 195 656 252 aliquid
688 206 793 237 cei-te
825 195 868 237 in
897 192 1118 249 perduelles
1138 207 1208 234 ex-

175 251 402 307 cogitatum
434 252 513 296 fuit
547 251 749 304 atrocius,
783 267 867 294 non
901 251 1023 294 modo
1054 250 1103 293 ab
1129 251 1212 291 Ar-

177 309 291 352 cadio
331 310 372 353 &
406 309 596 353 Honorio
629 308 900 352 celeberrimae
934 307 1034 363 legis
1072 307 1211 349 austo-

178 365 287 409 ribus
314 383 326 420 3
357 369 444 420 (a)
478 366 537 407 sed
569 381 590 408 a
623 366 888 419 superioribus
922 364 1179 417 Principibus
1201 393 1214 414 ‚

178 437 354 478 quorum
410 422 734 465 constitutiones
782 423 980 465 Arcadius
1038 421 1081 463 δε
1123 421 1213 462 Ho-

179 482 344 533 norius,
376 481 434 532 (⁸)
455 479 571 522 credo
592 511 603 531 ,
637 491 843 522 attexuere
865 479 943 535 legi
967 479 1065 522 suae.
1097 478 1213 519 Nam

178 537 223 580 &
255 536 462 591 Ulpianus
494 536 627 579 scribit
653 568 665 589 ³
711 536 794 589 [b]
825 537 969 579 omnia
999 534 1175 579 crimina
1203 565 1216 586 ,

179 608 248 636 reo
280 593 495 636 decedente
519 625 530 646 ‚
563 593 671 636 finiri
700 625 712 646 ‚
747 607 889 648 praeter
920 592 1098 635 crimina
1132 606 1215 633 ma-

178 648 324 701 jestatis
350 666 358 692 :
396 665 470 693 nec
503 663 642 693 tamen
675 651 816 693 omnia
840 651 1014 693 crimina
1037 647 1216 698 majesta-

183 708 236 750 tis
278 707 362 764 post
403 708 460 750 rei
506 720 661 765 morte·
730 707 877 751 subesse
910 707 1059 752 iudicio
1097 737 1109 758 3
1158 704 1218 747 sed

183 775 347 807 tantum
382 763 658 819 perduellione
742 781 754 818 3
805 764 940 821 itaque
975 761 1218 818 perduellio-

186 822 250 864 nis
293 822 450 864 crimen
497 822 578 874 post
626 833 802 865 mortem
834 837 991 877 quoque
1024 822 1080 863 rei
1114 820 1220 874 leges

187 878 439 921 ulciscuntur
462 911 472 931 .‚
505 878 662 934 ejusque
696 879 943 922 memoriam
977 879 1221 932 persequun-

2191 127 2296 180 307

1259 192 1344 236 liffi
1375 191 1622 249 gravitatem
1654 187 1763 232 haud
1796 202 1922 243 pauca
1956 183 2046 229 sunt
2069 183 2112 229 in
2138 184 2216 230 hoc
2237 186 2300 237 ju-

1257 250 1365 293 dicio
1412 247 1626 304 singula-ria
1665 262 1674 287 t
1728 244 1986 300 minimeque
2027 259 2122 288 curn
2155 244 2301 289 ceteris

1260 308 1502 351 communia
1528 322 1536 346 :
1583 319 1762 359 qnorum
1788 301 1892 345 haud
1923 301 2063 354 exigui
2097 300 2307 345 momenti

1261 364 1314 407 est
1337 363 1437 407 illud
1459 394 1470 415 ,
1500 363 1605 417 duod
1640 376 1723 403 non
1756 360 1879 404 modo
1909 358 2072 402 effeetus
2097 389 2109 411 ,
2155 374 2304 403 verum

1261 421 1388 463 etiam
1435 418 1650 462 consilium
1699 418 1742 461 ὃς
1791 417 1981 460 voluntas
2015 415 2147 471 poenis
2180 415 2309 459 affici-

1264 491 1327 521 tur
1360 494 1369 518 :
1404 476 1526 519 aliter
1558 487 1678 530 atque
1712 474 1801 517 aliis
1835 474 1880 517 in
1912 473 2157 517 criminibus
2196 505 2208 525 ,
2258 472 2305 516 de

1263 534 1408 591 quibus
1441 533 1650 588 Ulpianus
1682 531 1805 574 tradit
1834 563 1847 583 ‚
1899 530 2112 577 neminem
2147 530 2308 586 cogita-

1265 592 1390 635 tionis
1423 604 1588 643 poenam
1623 589 1796 643 pendere
1818 588 1982 632 debere.
2015 587 2095 641 (f)
2125 590 2312 643 Quamo-

1265 650 1378 692 brem
1411 650 1523 690 Cato
1557 660 1723 701 poenam
1758 646 1801 689 in
1835 646 1973 689 senatu
2015 644 2311 688 Rhodiensibus

1266 706 1552 761 deprecabatur
1584 716 1748 757 propter
1768 703 1996 758 cogitatum
2020 733 2031 754 ‚
2065 709 2150 749 non
2168 714 2313 747 tamen

1269 777 1474 817 patratum
1500 759 1656 803 facinus
1690 792 1698 802 .
1731 761 1801 815 (g)
1830 760 1988 803 Verum
2014 760 2187 812 Jacobus
2220 761 2313 803 Cu-

1267 819 1393 872 jacius
1416 851 1428 872 ‚
1472 820 1536 870 (h)
1561 817 1629 861 lux
1656 820 1856 861 Romanae
1884 817 2088 863 vetustatis
2109 849 2121 871 ,
2154 829 2276 873 negat
2300 845 2316 870 ,

1270 892 1436 931 poenam
1468 874 1641 932 cogitati
1673 874 1868 917 facinoris
1901 873 2018 925 hujus
2045 886 2206 918 tantum
2231 875 2307 918 esse

183 948 283 987 tur,
319 935 498 990 itemque
531 935 636 978 filios
664 967 675 988 ‚
706 936 851 990 quibus
884 936 929 978 ad
963 935 1220 990 propagatio·
1243 950 1247 962 ·
1269 934 1402 977 delicti
1424 966 1436 985 3
1459 933 1519 976 sed
1544 933 1623 975 alia
1646 947 1805 987 quoque
1831 932 1974 987 gravia
1999 932 2175 978 crimina
2196 946 2314 974 corn-

187 1007 284 1034 nem
319 992 564 1035 calamitatis
592 1025 602 1044 ‚
646 1005 765 1048 atque
798 994 845 1035 ad
880 993 1110 1048 longiorem
1145 990 1219 1033 rni-

189 1049 297 1091 seriae
352 1049 506 1092 sensum
553 1050 636 1092 vita
681 1050 927 1106 relinquitur
966 1082 974 1092 .

187 1105 303 1149 enim
346 1105 396 1149 iis
436 1123 459 1148 a
501 1106 593 1149 fisco
635 1121 804 1161 paterna
838 1106 1048 1150 substantia
1080 1106 1123 1149 &
1154 1104 1222 1147 he-

189 1162 338 1206 reditas
369 1163 559 1219 quaelibet
591 1163 668 1207 sive
701 1177 970 1221 cognatorum
997 1195 1009 1216 3
1044 1163 1121 1206 five
1153 1178 1222 1205 ex-

193 1231 431 1263 traneorum
466 1252 479 1273 ,
525 1221 680 1285 spesque
731 1222 981 1276 dignitatum
1015 1221 1152 1262 omnis
1181 1219 1254 1272 δε,

194 1276 402 1321 honorum
433 1277 604 1332 eripitur
627 1310 640 1332 ‚
675 1292 716 1321 ut
749 1279 853 1321 nihil
880 1280 928 1321 iis
947 1294 995 1322 ex
1017 1278 1091 1321 hac
1115 1292 1225 1320 mor-

191 1333 264 1377 tali
299 1334 387 1378 luce
421 1335 582 1390 supersit
607 1368 618 1387 3
651 1350 792 1390 praeter
823 1336 924 1380 lucis
955 1335 1119 1378 taedium
1139 1367 1151 1388 ‚
1183 1334 1226 1376 &

191 1392 337 1433 mortis
369 1392 663 1446 cupiditatem.
699 1395 843 1436 Minus
875 1406 992 1436 erunt
1024 1393 1135 1435 enirn
1159 1407 1225 1447 pa-

192 1461 326 1492 rentes
358 1448 556 1503 proclives
588 1450 630 1492 in
664 1450 770 1494 hanc
802 1450 957 1496 sceleris
989 1450 1226 1491 immanita-

193 1518 281 1548 tem
307 1537 319 1558 ,
353 1505 379 1548 si
412 1507 551 1548 norint
589 1538 601 1559 3
654 1508 727 1551 sese
761 1523 901 1560 poenas
934 1508 1059 1550 etiam
1091 1507 1133 1548 in
1171 1507 1226 1548 so-

198 1561 336 1604 bolem
368 1563 663 1607 transmissuros
689 1597 697 1606 .
731 1567 811 1608 Eas
843 1581 939 1607 vero
966 1565 1140 1606 minime
1161 1579 1227 1606 co-

197 1619 338 1662 mitari
371 1620 533 1663 minora
565 1621 780 1673 majestatis
811 1621 982 1674 denua,
1014 1637 1062 1664 ex
1084 1622 1228 1663 huma—

196 1677 364 1720 niorum
414 1678 618 1729 JCtorum
672 1679 907 1722 au&oritate
952 1679 1067 1721 nobis
1111 1676 1228 1720 facile

199 1734 464 1790 persuasimus
492 1767 500 1777 .
545 1736 624 1789 [c]
668 1737 844 1779 Filiabus
876 1749 1037 1778 tantum
1068 1747 1230 1790 propter

200 1792 489 1835 infirmitatem
533 1793 807 1850 pudoremque
854 1793 965 1837 set-<us
1002 1826 1014 1845 ‚
1075 1792 1230 1835 Princi-

200 1863 269 1904 pes
299 1848 520 1893 concessere
552 1850 741 1894 Falcidiae
778 1884 790 1903 ‚
834 1867 956 1907 quam
1003 1850 1231 1905 legitimam

201 1919 415 1960 exponunt
448 1907 687 1962 interpretes
710 1941 720 1960 ‚
752 1909 838 1962 [d]
871 1908 1163 1950 detraehonem
1183 1922 1232 1949 ex

200 1964 402 2006 maternis
436 1965 572 2007 bonis.
606 1967 683 2018 (e)
718 1966 764 2008 Id
795 1966 925 2009 etiam
960 1965 1066 2007 triste
1094 1975 1233 2007 manat

197 2020 254 2063 ,ab
285 2020 363 2063 hoc
395 2021 570 2064 crimine
595 2053 607 2075 ‚
638 2023 745 2077 quod
776 2038 918 2065 omnes
950 2022 1189 2064 donationes
1222 2052 1233 2072 ‚

202 2076 473 2121 alienationes
493 2110 505 2130 ,
537 2079 886 2133 emancipationes
922 2079 1003 2132 post
1033 2079 1188 2122 crimen
1215 2094 1236 2120 a

205 2148 275 2176 reo
318 2135 443 2178 etiam
485 2148 579 2179 ante
616 2136 855 2179 sententiam
888 2135 1000 2179 faff'tae
1026 2167 1037 2188 ,
1081 2135 1236 2190 prorsus

206 2190 454 2234 irritantur:
487 2192 557 2235 etsi
591 2208 704 2236 reum
738 2194 822 2236 vita
853 2192 1046 2236 defecerit
1072 2224 1084 2245 ,
1129 2192 1233 2234 nihi-

208 2247 390 2293 lominus
443 2260 582 2292 tamen
636 2251 933 2293 condemnatur
964 2282 976 2304 ,
1030 2265 1237 2305 poenaeque

208 2304 339 2350 adhuc
370 2305 509 2350 vivere
539 2307 792 2352 existimatur
816 2339 828 2346 -
868 2312 933 2351 Ac
977 2321 1141 2363 propter
1171 2307 1237 2350 de-

1255 1840 1412 1896 l&abat
1443 1848 1486 1890 in
1519 1863 1567 1892 eo
1601 1848 1691 1891 loco

1243 963 1523 1046 iprehendisse
1554 989 1658 1043 apud
1693 992 1906 1032 Romanos
1939 1020 1952 1042 ,
2005 988 2148 1045 probat
2184 1003 2235 1034 ex
2261 1003 2310 1033 eo

1025 1048 1224 1092 Aufertur
1244 1045 1250 1079 l
1271 1048 1402 1092 Servii
1432 1048 1521 1092 loco
1547 1047 1595 1089 ad
1628 1045 1730 1092 illud
1760 1047 1923 1092 AEneid.

1328 1160 1430 1216 Ausi
1453 1178 1583 1206 omnes
1608 1162 1776 1204 immane
1805 1159 1917 1215 nefas
1934 1192 1947 1215 ‚
1980 1176 2152 1216 auroque
2171 1160 2314 1216 potiri,

1273 1293 1353 1333 quo
1386 1276 1476 1319 loco
1507 1276 1667 1320 Servius
1699 1275 1821 1329 tradit
1848 1307 1860 1328 ‚
1891 1274 1977 1327 jure
2005 1278 2199 1333 Romano
2230 1289 2317 1318 non

1273 1335 1460 1382 effefi‘tum
1482 1345 1672 1386 tantum,
1704 1333 1765 1375 sed
1791 1331 2046 1376 voluntatem
2076 1347 2206 1388 poena:
2225 1331 2316 1374 'sub-

1274 1391 1348 1434 esse
1382 1423 1391 1437 .
1440 1392 1480 1433 A
1508 1407 1588 1446 quo
1615 1405 1698 1433 non
1723 1388 1902 1433 differitit
1926 1386 2077 1434 Seneca
2095 1421 2107 1442 ,
2139 1390 2218 1441 (i)
2244 1403 2320 1432 nec

1275 1449 1416 1491 desunt
1440 1448 1701 1491 auetoritates
1732 1463 1781 1490 ex
1812 1446 1895 1498 jure
1928 1445 2074 1490 civili.
2102 1447 2193 1498 (k)
2224 1446 2321 1488 Plu-

1277 1521 1397 1560 raque
1442 1518 1629 1560 praeterea
1671 1503 1865 1555 Cujacius
1907 1519 1958 1548 ex
1989 1503 2194 1548 veteribus
2228 1518 2324 1546 mo·

1277 1563 1485 1605 numentis
1515 1561 1704 1617 exempla
1730 1560 1898 1616 collegit
1918 1560 2049 1616 puniti
2074 1592 2085 1613 ‚
2121 1576 2196 1604 nec
2217 1559 2318 1604 dum

1278 1620 1495 1674 perpetrati
1527 1617 1721 1663 facinoris
1753 1618 1796 1662 in
1829 1618 1940 1660 vario
1972 1633 2119 1673 genere
2146 1615 2320 1662 delie‘co-

1280 1693 1368 1720 rum
1392 1708 1404 1729 ‚
1454 1676 1571 1731 idque
1603 1675 1783 1732 generali
1816 1674 1997 1719 Maximi
2031 1675 2144 1718 Tirii
2175 1673 2321 1721 defini-

1257 1735 1390 1792 tione
1423 1733 1707 1789 comprobavit
1741 1748 1752 1785 3
1785 1733 1891 1795 quasi
1924 1731 2100 1788 Ulpiani
2131 1730 2320 1775 definitio

1281 1790 1526 1846 pertinuisset
1569 1791 1616 1833 ad
1659 1789 1759 1834 illud
1793 1805 1953 1833 crimen
1980 1821 1991 1842 ,
2043 1789 2090 1832 de
2121 1804 2202 1844 quo
2231 1800 2320 1831 tra-

1715 1879 1727 1901 ,
1763 1847 1866 1890 unde
1900 1845 2098 1901 particula
2129 1846 2214 1889 haec
2237 1843 2319 1888 fuit

1281 1905 1418 1948 avulsa
1438 1936 1451 1954 .
1495 1920 1641 1959 nempe
1671 1905 1719 1950 ad
1753 1904 1946 1947 Edieium
1971 1935 1983 1957 ,
2015 1903 2120 1958 quod
2150 1902 2319 1958 quisque

1282 1963 1456 2015 iurisin
1486 1964 1651 2005 alterum
1672 1961 1883 2016 statuerit,
1922 1973 1966 2004 ut
1997 1961 2077 2014 ipse
2101 1962 2231 2004 eodem
2254 1960 2323 2012 itt--

1283 2036 1321 2061 re
1352 2032 1485 2062 utatur
1511 2035 1523 2072 3
1566 2019 1677 2070 cujus
1709 2019 1908 2074 cogitatio
1939 2017 2076 2061 defleti
2112 2048 2125 2070 ‚
2174 2028 2320 2071 utpote

1286 2076 1450 2119 levioris
1475 2108 1486 2128 3
1520 2092 1685 2130 poenam
1720 2091 1802 2117 non
1837 2074 2012 2117 incurrit
2034 2106 2045 2126 ‚
2079 2074 2151 2117 nisi
2187 2074 2325 2128 sequa-

1286 2147 1349 2176 tur
1379 2133 1540 2176 effeetus
1562 2165 1571 2176 .
1619 2133 1694 2176 Sed
1725 2132 1821 2188 quid
1850 2131 2177 2187 respondebimus
2213 2129 2319 2172 hisce

1286 2193 1350 2233 M.
1383 2190 1556 2233 Catonis
1588 2189 1720 2233 verbis
1751 2189 1929 2232 addufiiis
1960 2205 1983 2231 a
2015 2188 2186 2235 Gellio?
2220 2188 2330 2240 Quis·

1285 2248 1443 2290 tandem
1474 2247 1524 2300 est
1555 2246 1762 2301 nostrornm
1795 2278 1807 2299 ,
1840 2247 1914 2302 qui
1944 2246 2049 2301 quod
2077 2245 2132 2287 ad
2157 2245 2201 2298 se
2232 2245 2332 2286 cirti-

1287 2318 1376 2348 neat
1392 2337 1404 2359 ,
1416 2321 1564 2359 acquum
1579 2304 1732 2358 censeat
1746 2335 1757 2357 ‚
1773 2319 2012 2359 quemquam
2029 2315 2162 2358 poenas
2178 2302 2272 2344 dare
2285 2302 2330 2343 οὐ

1901 2362 1983 2416 Qq
2049 2375 2071 2403 z
2250 2375 2334 2401 eam

213 2440 1238 2455 --—-——————--——-——-c—-—=—
1290 2437 2330 2451 *m—*—-———--—————-

200 2508 202 2510 ,
258 2477 338 2517 (a)
365 2480 402 2509 L
421 2479 566 2520 quisquis
584 2483 619 2511 C.
636 2480 677 2511 ad
686 2481 798 2521 l-Jul.
821 2477 947 2520 Majess.

1333 2477 1487 2510 Exoriare
1511 2476 1633 2519 aliquis
1657 2474 1770 2515 nostris
1800 2486 1837 2507 ex
1873 2474 1988 2518 offlbus
2015 2475 2126 2507 alm,

258 2522 337 2562 (⁴⁸)
376 2525 439 2554 seu
469 2544 480 2560 ‚
520 2530 557 2555 ut
598 2524 726 2557 malunt
764 2528 831 2565 Jac.
873 2520 1093 2556 Gothofredus
1117 2521 1152 2554 in
1177 2522 1236 2554 sin-
1285 2521 1500 2565 quamobrem
1527 2522 1558 2553 &
1585 2520 1669 2563 apud
1694 2520 1893 2554 Macedones
1921 2516 2224 2552 circumferebatur,
2242 2527 2318 2561 pro-

215 2566 322 2609 gulari
359 2567 603 2599 commentario
641 2568 680 2600 ad
718 2568 802 2602 hanc
827 2567 936 2611 legem
963 2568 992 2599 δι
1017 2565 1257 2609 Gundlingius·

215 2611 351 2645 laudato
377 2611 450 2644 loco
477 2613 506 2654 §.
534 2615 586 2644 88.
615 2615 668 2652 89.
697 2612 852 2645 Arcadius
876 2612 961 2644 solus
986 2634 997 2649 ,

215 2668 307 2690 more
332 2664 523 2697 temporum
548 2657 714 2700 utriusque
740 2668 862 2690 nomen
887 2655 1059 2699 praeferat-
1089 2656 1238 2690 Conscri-

215 2710 271 2744 pta
296 2711 377 2734 vero
402 2701 534 2734 Arcadii
563 2702 697 2735 nomine
720 2701 842 2736 dicitur
867 2703 907 2735 ab
934 2701 1096 2743 Eutropio
1121 2724 1132 2740 .,
1176 2705 1240 2734 Eu-

213 2746 348 2785 nacho,
374 2746 554 2790 eodemque
579 2747 744 2789 praecipuo
768 2746 838 2784 ejus
868 2747 1002 2788 Imperii
1026 2746 1236 2785 administro,

214 2803 256 2824 ne
281 2792 510 2824 deturbaretur
534 2803 552 2823 a
576 2791 678 2835 gradu
703 2792 759 2825 suo
779 2816 788 2831 ,
812 2800 868 2824 aut
894 2791 1063 2825 stiliconis
1080 2791 1239 2823 aliorum-

217 2847 257 2869 ve
283 2836 407 2870 insidiis
433 2844 583 2879 pateret.
611 2841 720 2879 Quare
748 2837 781 2868 in
808 2836 867 2869 hac
891 2837 1125 2869 constitutione
1152 2834 1234 2869 illud

219 2882 413 2922 primarium
440 2882 510 2921 est,
536 2882 566 2913 ὅ(
590 2883 721 2915 unicum
746 2880 830 2913 forte
857 2891 978 2914 novum
1007 2903 1017 2919 ‚
1057 2880 1143 2923 quod
1169 2892 1238 2924 per-

220 2925 394 2958 duellionis
431 2926 531 2959 etiam
570 2937 641 2959 reus
678 2927 722 2960 est
748 2949 759 2965 ,
785 2926 840 2969 qui
864 2925 1038 2959 faffionem
1065 2925 1177 2958 inierit
1201 2925 1240 2957 de

219 2979 297 3002 nece
320 2970 467 3004 virorum
491 2972 665 3004 illustrium
691 2994 702 3010 ‚
739 2971 795 3014 qui
833 2971 974 3003 consiliis
1000 2973 1030 3003 δι
1055 2971 1241 3004 consistorio

223 3015 437 3056 Imperatoris
463 3016 623 3049 intersunt
650 3038 659 3048 .
700 3019 800 3048 Paena
827 3025 936 3049 autem
964 3015 1141 3049 liberorum
1169 3026 1240 3057 pro-

223 3066 296 3101 pter
332 3059 456 3091 crimen
496 3069 667 3102 parentum
698 3072 762 3092 non
788 3061 831 3093 est
857 3061 984 3102 penitus
1011 3072 1095 3093 nova
1120 3084 1126 3092 .
1166 3064 1240 3102 Jam

225 3103 312 3136 enim
338 3103 416 3135 sulla
447 3104 565 3137 liberos
595 3106 851 3147 proscriptorum
865 3106 905 3138 ab
922 3105 1099 3140 honoribus
1114 3107 1242 3149 capien-

226 3147 276 3181 dis
292 3147 504 3191 prohibuerat
519 3158 654 3193 propter
667 3151 777 3185 dirum
789 3160 905 3185 votum
919 3158 1093 3194 parentum
1107 3172 1117 3184 .

1035 2612 1093 2644 etsi
1119 2611 1172 2644 lex
1199 2623 1238 2644 ex

1287 2566 1438 2599 vei-bium
1453 2587 1464 2604 3

1332 2614 1456 2646 Nnmas
1469 2609 1502 2644 ἐς
1518 2608 1774 2650 πατέροικτὲινκς
1790 2609 1863 2644 υίεές
1887 2607 2083 2643 &membres
2097 2629 2109 2646 ‚

1332 2654 1462 2696 Desipit
1477 2657 1618 2688 occidens
1629 2664 1759 2697 patrem
1776 2678 1785 2692 ,
1817 2657 1873 2698 qui
1884 2657 2023 2696 pignora
2030 2654 2145 2694 servae
2160 2675 2168 2685 .

1331 2701 1350 2740 (
1365 2698 1382 2731 b
1406 2703 1414 2733 l
1443 2703 1480 2732 L·
1497 2703 1558 2732 ult.
1571 2699 1610 2743 ff.
1629 2701 1671 2732 ad
1686 2703 1797 2741 usul-
1817 2698 1938 2740 maJ'est.

1333 2747 1351 2784 (
1366 2756 1380 2776 c
1392 2745 1411 2783 )
1437 2745 1563 2778 Matth.
1579 2745 1617 2777 de
1631 2745 1756 2778 crimin·
1774 2745 1816 2779 ad
1832 2745 1889 2779 zib.
1907 2748 1964 2784 48.
1976 2742 2015 2789 ff
2033 2744 2089 2777 rit.
2109 2752 2137 2775 2.
2156 2749 2221 2787 cap.
2242 2751 2268 2779 ξ.
2294 2742 2331 2775 de

1291 2791 1363 2831 laesa
1381 2789 1501 2830 majest.
1518 2801 1607 2822 num.
1622 2803 1658 2832 7.

1332 2837 1350 2876 ζ
1365 2836 1385 2867 d
1399 2835 1418 2874 >
1447 2835 1572 2868 Matth.
1589 2836 1626 2867 de
1643 2835 1730 2868 crim.
1749 2836 1786 2868 de
1799 2837 1862 2875 laesl
1879 2833 2002 2875 maiali.
2019 2841 2086 2876 cap.
2105 2843 2133 2872 3.
2151 2844 2204 2866 nu„
2224 2842 2281 2864 22.

1334 2881 1388 2919 (e)
1414 2884 1460 2912 D.
1473 2882 1496 2913 l·
1515 2881 1658 2923 quisquis
1677 2884 1711 2912 C.
1729 2882 1792 2913 hoc.
1813 2883 1868 2913 tie.
1890 2883 1919 2923 §.
1935 2880 2081 2922 adfilias
2095 2901 2102 2910 .

1332 2925 1411 2966 (f)
1437 2928 1474 2957 L.
1498 2926 1709 2966 cogitationis
1721 2924 1757 2969 ff.
1773 2926 1811 2958 de
1829 2925 1932 2969 poem‘s
1947 2948 1954 2958 .

1334 2970 1394 3011 (g)
1420 2969 1545 3003 Gellius
1560 2969 1616 3003 lib.
1634 2984 1665 3012 7.
1684 2979 1753 3012 cap.
1776 2981 1803 3008 3.

1335 3018 1353 3055 (
1369 3016 1388 3047 h
1402 3015 1421 3053 )
1448 3014 1520 3055 obs.
1539 3019 1569 3048 8.
1583 3024 1650 3058 cap.
1668 3027 1721 3048 22.
1738 3015 1775 3047 Θ
1792 3014 1850 3048 tib.
1872 3024 1926 3053 15.
1944 3020 2012 3056 cap.
2032 3021 2090 3051 23.

1335 3061 1381 3100 (ί)
1407 3063 1594 3092 Declamas.
1609 3073 1641 3101 7.

1324 3104 1398 3146 (k)
1423 3108 1460 3137 L.
1483 3116 1506 3136 1.
1528 3109 1560 3137 C.
1582 3106 1704 3140 Theoti.
1720 3105 1762 3140 ad
1775 3106 1838 3147 leg·
1850 3105 1930 3147 Jul.
1945 3103 1982 3138 de
1995 3100 2079 3138 aras..
2096 3101 2135 3136 <2⁴
2153 3104 2228 3136 L.1‚
2247 3099 2329 3145 ffde

1299 3150 1455 3188 extraord.
1474 3150 1600 3184 crimin.
