2596 3479
633 89 1988 162 ETSENATUSCONSULTIs
2243 102 2348 152 ηρ

244 200 364 243 atque
387 183 542 238 iustitiae
557 181 812 227 simulatione
827 178 1117 223 conserventur
1131 209 1140 221 .
1156 177 1269 232 Qua-

243 246 430 287 mobrem
457 241 569 285 nulla
594 237 783 294 tyrannis
809 235 1038 279 diuturnior
1077 251 1151 289 ea,
1181 250 1270 290 quae

241 301 394 353 regiam
421 299 665 355 probitatem
698 295 904 338 imitatur.
938 295 1031 348 Quo
1056 292 1103 337 de
1123 308 1271 349 genere

241 358 347 412 apud
370 359 533 401 Graecos
559 353 690 409 plures
721 351 831 395 fuere
871 361 1167 405 tyrannorum,
1199 349 1270 407 qui

241 427 387 471 praeter
411 412 640 469 potentiam
677 408 794 452 illam
827 407 867 449 vi
908 408 950 450 &
976 407 1110 452 fraude
1133 407 1270 464 quaesi-

241 485 325 515 tam
343 504 355 526 ,
387 487 465 526 qua
488 467 720 512 volentibus
754 464 928 520 pariter,
959 466 1001 508 &
1028 465 1174 509 invitis
1196 466 1269 509 do-

241 529 539 580 minabantur,
574 525 616 568 in
652 522 796 568 ceteris
838 522 965 575 regias
992 523 1193 577 virtutes,
1227 523 1271 565 δε

1320 173 1446 216 Porro
1484 167 1760 225 voluptatibus
1793 163 1935 207 nimiis
1970 173 2037 205 aut
2070 161 2104 204 se
2138 175 2353 217 nunquam

1319 228 1563 285 explebant,
1597 241 1646 270 ne
1679 240 1747 280 per
1769 233 1834 267 eas
1867 231 2188 272 enervarentur,
2218 233 2287 262 aut
2325 217 2354 261 si

1321 287 1490 330 modum
1513 283 1730 341 aliquando
1754 278 1998 333 transirent,
2031 275 2095 320 vel
2118 275 2349 320 inhonestas

1319 355 1585 399 appeterent,
1615 340 1808 384 omniurn
1844 351 1964 395 atque
2008 334 2140 379 etiam
2161 333 2354 376 domesti-

1320 416 1463 446 corum
1482 399 1622 443 oculos
1646 397 1918 453 effugiebant.
1955 396 2147 437 Praeterea
2173 390 2236 433 vel
2264 390 2352 445 sup·

1321 459 1443 514 plicia
1464 473 1553 501 raro
1573 456 1898 507 constituebant,
1931 451 1996 496 vel
2023 449 2179 493 invitos
2194 480 2205 502 ,
2219 447 2262 491 &
2279 464 2348 502 pa-

1320 529 1437 559 terno
1469 515 1512 558 in
1536 513 1642 557 filios
1674 513 1817 556 animo
1847 527 1895 554 eo
1920 509 1955 553 se
1979 507 2167 553 addu&0s
2197 505 2270 549 esse
2303 504 2352 548 si-

239 598 342 629 artes
374 584 523 639 partim
553 598 594 626 re
629 581 710 636 ipsa
741 580 1009 632 exercebant,
1042 581 1193 634 partim
1226 571 1533 623 inlmulabant
1559 588 1568 613 :
1614 569 1672 614 ac'
1701 569 1943 613 defletorum
1977 565 2145 609 veniam
2181 562 2350 620 quidem

240 641 414 697 speciem
449 639 717 695 usurpabant3
749 651 793 681 ut
818 635 1057 688 injustitiam
1082 639 1267 682 domina-

236 699 363 742 tionis
419 697 578 749 justitiae
612 697 683 740 usu
725 711 771 739 ac
812 694 1069 740 simulatione
1105 708 1264 740 tueren-

239 769 329 799 tur:
364 757 653 810 fingebantque
685 751 828 796 omnia
854 768 937 796 non
974 753 1063 806 sua,
1099 754 1159 798 sed
1192 755 1268 799 rei-

236 813 413 871 publicae
445 813 560 856 causa
599 812 817 865 suscipere,
850 811 1145 868 pecuniamque
1170 813 1265 856 alie-

236 887 335 914 nam
373 886 457 913 non
503 872 546 913 in
597 869 777 924 proprias
813 867 1042 924 voluptates
1072 901 1084 919 ,
1130 870 1189 913 sed
1225 870 1264 913 in

235 942 479 972 communes
501 926 700 970 utilitates
714 924 982 969 multitudine
1004 927 1262 980 vessligalium

235 985 451 1029 exhaurire
478 1001 487 1025 :
531 996 653 1039 atque
693 983 749 1026 ita
775 982 975 1026 invidiam
1004 976 1267 1030 elabebantur

232 1058 376 1086 eorum
398 1074 410 1095 ,
441 1058 614 1098 quorum
645 1040 798 1084 labores
845 1056 889 1083 ac
918 1053 1057 1084 tenues
1081 1058 1176 1098 opes
1201 1045 1266 1087 de-

233 1100 525 1163 pascerentur.
563 1101 701 1141 Immo
735 1098 778 1140 8<
817 1098 1069 1151 publicarum
1105 1117 1264 1156 quooue

235 1170 445 1200 rationum
497 1155 838 1211 inspiciendarum
874 1157 1036 1209 copiam
1073 1146 1266 1201 omnibus

234 1214 465 1258 faciebant:
499 1226 542 1257 ut
568 1229 652 1255 non
677 1213 894 1266 dominos,
925 1214 984 1257 sed
1007 1215 1265 1268 patresfami-

236 1272 310 1315 lias
342 1287 458 1326 agere
478 1272 738 1322 viderentur,
770 1285 894 1325 quam
913 1271 1156 1324 opinionem
1184 1272 1262 1316 ale-

233 1330 333 1373 bant.
368 1329 547 1371 humane
590 1344 635 1370 ac
677 1326 938 1370 familiariter
971 1344 1064 1371 cum
1108 1329 1267 1373 civibus

232 1397 427 1442 agentes,
447 1397 566 1439 atque
594 1384 642 1426 ab
661 1399 802 1426 eorum
830 1385 1028 1438 praecipue
1056 1387 1265 1437 uxoribus,

232 1444 276 1489 ἃ
302 1442 485 1500 cognatis
516 1441 758 1485 abstinentes
777 1472 787 1492 ,
822 1443 1103 1498 parcentesque
1127 1444 1265 1495 pudori

236 1503 504 1548 foeminarum
532 1517 544 1555 3
577 1516 621 1544 ac
660 1498 833 1556 publicis
880 1502 1164 1544 monumentis
1196 1518 1265 1545 au-

235 1572 377 1616 gentes
418 1559 686 1613 ornantesque
718 1556 959 1610 civitatem,
991 1570 1036 1601 ut
1080 1576 1267 1612 procura-

237 1630 342 1661 tores
360 1649 372 1671 ,
403 1617 446 1660 ἃ
471 1616 648 1660 custodes
674 1614 1004 1658 existimarentur
1029 1615 1267 1659 illius.1m-

236 1691 308 1718 mo
332 1675 617 1718 auctoritatem
648 1688 781 1716 rerum
808 1672 1042 1715 divinarum
1069 1690 1137 1726 per
1162 1674 1269 1718 sum-

236 1749 352 1777 mam
380 1731 588 1787 perfidiam
608 1731 655 1773 acl
675 1729 944 1773 ambitionem
968 1732 1173 1784 propriam
1201 1731 1268 1774 de-

236 1802 499 1845 torquentes,
534 1787 688 1842 templa
723 1787 856 1831 sedulo
878 1787 1178 1843 instaurabant,
1213 1788 1270 1834 sa-

236 1848 389 1891 crificia
417 1846 611 1889 solemnia
633 1844 925 1899 instituebant,
959 1847 1268 1904 satagebantque

238 1904 465 1948 sacrorum:
502 1917 546 1946 ut
578 1902 627 1946 iis
651 1903 846 1946 obeundis
868 1903 1029 1957 pietatis
1048 1900 1268 1958 opinione,

239 1962 423 2005 avaritiae
464 1975 585 2017 atque
643 1960 801 2003 saevitiae
837 1961 1103 2015 suspicio-nem
1145 1962 1269 2006 decli-

240 2030 688 2080 narent,arcerentque
714 2019 763 2060 ab
790 2018 823 2061 se
851 2019 1035 2073 insidias,
1063 2021 1106 2063 ὃ(
1129 2020 1269 2064 odium

240 2075 507 2139 subiefifftorum
536 2091 646 2137 ‘eum
682 2076 863 2118 maxime
900 2078 1133 2120 verentium
1158 2108 1170 2128 ,
1201 2077 1269 2133 qui

240 2146 401 2198 pietatis
413 2132 704 2194 exercitatione
721 2133 957 2176 numinibus
976 2150 1090 2177 carus
1108 2167 1119 2186 ,
1136 2137 1269 2177 Deum

238 2189 372 2251 ipsum
400 2189 606 2232 Videretur
627 2188 851 2240 adjutorem
868 2222 879 2240 ,
904 2207 951 2235 ac
970 2190 1179 2235 vindicem
1206 2192 1266 2233 ad-

240 2248 373 2289 versus
398 2246 641 2302 aggressores
675 2260 762 2288 tam
788 2246 910 2291 san&i
937 2249 1086 2303 capitis
1110 2249 1268 2292 habitu-

239 2320 330 2347 rus·
364 2305 479 2358 Quos
506 2316 644 2347 autem
674 2303 780 2346 inter
817 2305 930 2348 cives>
958 2307 1135 2361 praes'tare
1163 2307 1273 2349 vide-

238 2374 354 2425 rent,
373 2361 728 2425 ⁸eos-evehebant
759 2361 807 2404 ad
833 2362 1035 2415 honores,
1068 2380 1118 2407 ne
1147 2362 1275 2414 majus

239 2419 336 2475 quid
371 2434 415 2481 in
450 2418 577 2482 libero
612 2418 795 2473 populo,
827 2436 949 2475 quam
997 2421 1065 2464 sub
1103 2422 1274 2465 domino

240 2477 316 2540 sese
351 2477 497 2537 assequi
528 2476 631 2528 posse
659 2475 883 2531 sperarent.
917 2480 1110 2522 Honores
1137 2493 1273 2521 autem

244 2549 287 2577 tn
305 2532 501 2595 plurimos
523 2532 712 2575 homines
727 2533 1005 2589 particulatim
1027 2535 1276 2588 tribuebant,

243 2603 288 2634 ut
315 2589 477 2652 seipsos
507 2589 736 2633 :aemulando
768 2607 861 2633 cum
897 2592 1090 2647 principis
1125 2590 1276 2641 maiore

243 2647 460 2691 securitare
488 2648 591 2689 alter
614 2646 782 2690 alterius
816 2648 918 2692 saffra
946 2649 1118 2693 vicissim
1145 2649 1278 2704 specu-

247 2704 453 2749 larentur:
489 2705 687 2748 cavebant
707 2720 803 2748 vero
826 2706 1009 2750 maxime
1026 2739 1038 2761 ,
1072 2722 1122 2749 ne
1148 2722 1275 2750 unum

248 2778 327 2818 prae
367 2761 558 2804 omnibus
592 2763 878 2816 extollerent3
925 2779 1120 2821 praecrpue
1155 2779 1277 2820 quem

247 2819 585 2883 continentiorem
622 2820 872 2873 noscerent,
914 2822 957 2865 ὃς
996 2822 1277 2878 ingeniosum:

249 2892 298 2919 ne
326 2877 395 2939 sibi
423 2877 650 2931 periculum
691 2878 874 2934 augenda
918 2879 1043 2923 nimis
1071 2878 1185 2922 illius
1212 2894 1279 2921 au-

252 2933 439 2996 storitate
466 2947 674 2998 crearent3
707 2952 752 2978 ac
779 2936 803 2979 si
832 2952 954 2992 quem
976 2932 1098 2980 al'tiu's
1115 2967 1126 2987 ,
1158 2951 1280 2993 quam

252 3004 413 3051 propria
450 2992 638 3045 utilitas,
666 3005 735 3035 aut
769 2991 867 3036 salus
899 2994 1179 3049 postulabant,
1212 3008 1281 3036 ex-

254 3044 466 3098 tulissent,
499 3064 594 3091 eum
636 3064 718 3093 non
746 3064 938 3105 repente,
973 3051 1032 3095 sed
1067 3050 1282 3105 paulatim,

251 3119 297 3147 ac
335 3101 475 3149 sensim
517 3120 538 3149 e
575 3106 734 3152 summo
769 3107 940 3155 inferius
977 3108 1248 3154 detrahebant
1275 3138 1284 3149 .

1320 630 1467 686 perse,
1501 643 1642 684 peenas
1666 643 1762 671 vero
1787 642 1856 682 per
1881 623 2137 680 magistratus
2161 621 2353 665 decerne-

1320 691 1438 732 bant:
1473 699 1518 731 ut
1540 701 1726 731 amorem
1750 684 1796 728 in
1825 683 1858 728 se
1874 681 2163 734 transferrent,
2189 678 2232 722 &
2259 678 2351 722 odia

1319 745 1578 790 refunderent
1598 743 1641 787 in
1667 741 1949 798 magistratus.
1984 738 2159 790 Iniurias
2188 751 2284 781 vcro
2298 735 2349 779 ab

1318 805 1364 848 iis
1387 802 1646 860 potissimum
1672 800 1925 844 abstinebant
1945 830 1958 852 ,
1990 812 2092 853 quos
2118 793 2355 839 iracundio-

1317 878 1374 906 res
1411 860 1695 916 experirentur
1729 857 1884 911 simul,
1915 856 1958 899 &
1994 853 2270 898 honestiores:
2306 849 2351 894 hi

1315 920 1428 963 enim
1450 919 1494 962 &
1516 917 1614 974 quia
1632 915 1799 960 facilius
1821 926 2000 958 mortem
2016 944 2029 967 ,
2060 926 2182 968 quam
2205 921 2354 953 contu-

1316 977 1486 1021 meliam
1508 974 1686 1019 tolerant
1704 1006 1716 1026 ,
1747 974 1790 1016 ὃς
1812 972 1908 1029 quia
1936 986 2014 1026 prae
2039 969 2097 1013 ira
2119 967 2352 1024 periculum

1315 1050 1439 1078 omne
1476 1043 1789 1084 contemnunt,
1850 1029 2026 1073 minime
2064 1025 2350 1077 dubitabunt,

1317 1093 1467 1135 suamet
1483 1091 1622 1133 anima
1636 1104 1769 1133 emere
1784 1087 1888 1144 quod
1905 1085 2102 1141 cupiunt:
2121 1083 2353 1138 propriam·-

1315 1166 1391 1205 que
1417 1150 1549 1191 vitam
1571 1150 1611 1191 in
1641 1147 1822 1201 precium
1842 1145 1986 1188 offerre
2015 1141 2162 1186 mortis
2190 1140 2348 1182 alienae.

1319 1205 1526 1249 Divitibus
1563 1216 1777 1260 praeterea,
1808 1203 1850 1245 &
1882 1200 2020 1258 egenis
2053 1197 2261 1242 contraria
2286 1213 2348 1239 ra-

1316 1265 1427 1306 tione
1469 1262 1627 1316 placere
1654 1261 1887 1303 studebant:
1924 1257 2005 1302 illis
2031 1256 2196 1312 quidem
2231 1270 2352 1309 prop-

1321 1334 1381 1364 ter
1396 1319 1749 1363 conservationem
1771 1315 2014 1358 divitiarum
2029 1346 2039 1366 ,
2054 1314 2197 1368 quibus
2213 1321 2351 1354 rerum

1315 1376 1588 1422 commutatio
1616 1389 1828 1429 nunquam
1851 1373 1904 1415 est
1929 1372 2008 1414 sine
2036 1368 2242 1425 periculo:
2273 1367 2352 1410 istis

1316 1450 1412 1479 vero
1438 1445 1601 1490 propter
1614 1430 1890 1475 defensionem
1911 1426 2128 1479 abinjuriis
2150 1424 2356 1481 potentio-

1316 1509 1405 1536 rum
1421 1524 1432 1545 ,
1458 1507 1557 1547 quos
1587 1507 1610 1534 a
1643 1487 1929 1545 pauperiorum
1955 1484 2190 1539 corporibus
2213 1481 2353 1538 prohi-

1315 1551 1464 1593 bebant
1479 1580 1490 1592 .
1512 1550 1611 1591 Una
1633 1547 1800 1590 tandem
1819 1556 1907 1589 erat
1924 1544 2146 1598 eademque
2165 1556 2226 1583 ars
2241 1539 2352 1593 juste,

1315 1620 1435 1663 atque
1463 1604 1605 1658 injuste
1642 1602 1909 1660 regnantium
1931 1618 1940 1642 ε
1974 1616 2099 1655 quam
2124 1612 2236 1654 reges
2261 1597 2352 1653 qui-

1319 1666 1411 1707 dem
1431 1663 1599 1719 publicae
1628 1694 1639 1715 ,
1672 1659 1837 1717 tyranni
1860 1674 1952 1702 vero
1968 1657 2140 1715 propriae
2162 1654 2354 1699 utilitatis

1316 1722 1429 1768 causa
1465 1727 1740 1767 exercebant:
1775 1717 1929 1764 diverso
1974 1714 2144 1761 consilio
2182 1712 2354 1757 virtutes

1319 1781 1579 1837 praeferentes
1597 1780 1751 1824 easdem
1771 1810 1784 1832 ,
1816 1779 2101 1830 contrarioque
2121 1771 2266 1816 animo
2281 1785 2352 1825 pa-

1322 1840 1377 1882 ria
1414 1839 1537 1882 studia
1571 1838 1853 1892 suscipientes.
1887 1834 1970 1888 Qui
2003 1847 2099 1875 vero
2131 1827 2355 1891 simulatio-

1319 1913 1368 1940 ne
1394 1895 1559 1940 virtutis
1587 1894 1776 1946 injustam
1813 1890 2145 1937 dominationem
2177 1897 2353 1930 retinere
2411 1920 2416 1924 .

1322 1953 1564 2009 nequirent,
1596 1953 1660 1996 vel
1696 1965 1860 2008 propter
1896 1944 2187 2004 impotentiam
2218 1939 2353 1987 animi

1322 2011 1483 2054 nullum
1526 2010 1719 2067 patientis
1754 2009 1957 2060 fraenum,
1989 2004 2053 2048 vel
2089 2000 2355 2059 quia'scelere

1321 2083 1433 2124 parta
1460 2069 1557 2122 saepe
1585 2069 1673 2110 sunt
1699 2066 1909 2110 sceleribus
1944 2060 2165 2106 munienda
2192 2056 2356 2114 gravio-

1320 2128 1454 2177 ribus3
1488 2127 1514 2167 ii
1543 2138 1587 2167 ut
1613 2124 1683 2167 sibi
1719 2134 1940 2174 caverent,
1975 2116 2264 2175 praestantiores
2287 2113 2353 2156 vi-

1322 2200 1384 2227 ros
1411 2183 1719 2238 deprimebant,
1752 2198 1772 2224 e
1798 2179 1932 2225 medio
1957 2176 2150 2220 tollentes
2173 2170 2354 2228 eos,qui

1323 2240 1558 2284 sublimiora
1596 2240 1861 2295 cogitarent,
1905 2233 2165 2292 publicosque
2197 2242 2355 2282 coetuS,

1321 2300 1364 2343 ὃς
1403 2296 1677 2355 frequentiam
1714 2296 1935 2340 hominum
1967 2291 2271 2348 prohibentes,
2305 2301 2356 2330 ne

1323 2358 1417 2400 dum
1455 2356 1729 2400 convenirent
1755 2386 1768 2406 ,
1799 2353 1922 2396 sidem
1960 2351 2067 2393 inter
2104 2347 2139 2391 se
2175 2344 2356 2390 vicissim

1323 2416 1465 2457 darent
1491 2445 1505 2467 ,
1537 2427 1658 2468 atque
1691 2411 1923 2465 acciperent
1952 2440 1965 2461 ‚
1996 2405 2234 2461 animosque
2263 2402 2357 2454 jun-

1325 2483 1492 2527 gerent,
1516 2482 1636 2526 atque
1662 2468 1827 2512 consilia
1855 2464 2357 2516 communicarent3prae-

1325 2530 1441 2583 cipue
1480 2543 1575 2570 vero
1619 2526 1880 2570 excludentes
1923 2521 2135 2565 facultates
2188 2517 2280 2562 illas
2308 2532 2356 2559 o-

1327 2600 1467 2638 rnneS,
1487 2597 1606 2639 atque
1625 2583 1808 2627 scientias
1826 2613 1838 2634 ,
1872 2582 1976 2624 unde
2004 2576 2225 2622 alunturin
2240 2590 2361 2620 men-

1327 2645 1433 2686 tibus
1459 2640 1689 2685 honestiora
1719 2641 1762 2683 δι
1801 2639 1926 2682 libero
1960 2637 2130 2681 homine
2157 2634 2356 2690 digniora,

1328 2700 1546 2744 Enutritus
1581 2699 1696 2742 enim
1728 2698 1835 2740 inter
1855 2693 1980 2738 studia
2013 2694 2225 2738 literarum
2267 2706 2360 2748 gra-

1331 2757 1522 2813 vibusque
1555 2755 1751 2799 dofflrinis
1776 2753 2007 2804 institutus,
2042 2767 2172 2808 neque
2204 2749 2251 2793 ad
2277 2747 2359 2792 vile

1329 2815 1566 2871 obsequium
1589 2845 1601 2867 ,
1634 2828 1764 2870 neque
1804 2812 1850 2855 ad
1876 2810 2086 2854 servitium
2128 2809 2181 2852 est
2211 2822 2362 2863 oppor-

1331 2885 1452 2916 tunus
1486 2905 1495 2915 .
1557 2871 1838 2927 Quamobrem
1885 2868 2053 2924 ingenia
2107 2865 2362 2911 extollebant

1333 2929 1558 2973 humiliora
1586 2927 1848 2984 ,tenuesque
1881 2929 2042 2970 animos
2068 2957 2080 2978 ,
2111 2936 2230 2980 atque
2263 2920 2363 2973 jeju-

1335 3003 1440 3041 nos,
1472 2986 1690 3043 prasertim
1737 3001 1832 3029 vero
1864 2983 2045 3028 indo-{los
2071 3013 2081 3034 ‚
2113 2982 2155 3024 δε
2188 2980 2256 3036 qui
2290 2979 2362 3020 do-

1333 3045 1473 3089 &rinae
1508 3032 1646 3100 i‘noffiia
1679 3043 1842 3086 laudem
1884 3041 1956 3083 vili
1990 3038 2180 3094 obsequio
2226 3048 2360 3090 captas

1336 3114 1426 3148 rent
1457 3117 1537 3160 prae
1578 3101 1721 3147 ceteris
1752 3101 1801 3144 ad
1825 3098 2081 3155 magistratus
2122 3094 2362 3192 eves-iezant.

2293 3165 2357 3191 ro⁴²
