2524 3479
729 82 1726 168 JU‘R‘1's·c‘1V1L1s.
2201 91 2270 167 59

339 182 343 186 ·
393 170 436 216 c
495 170 535 214 Α
596 168 627 213 P
687 170 731 212 U
793 169 837 212 T
923 158 1016 213 CI(

488 288 559 332 De
582 284 697 339 Julio
728 284 902 328 Paullo.

299 406 391 449 Um
405 400 596 457 Ulpiano
612 399 902 457 conjungimus
916 399 1074 452 Julium
1089 400 1208 445 Paul-

291 510 294 511 7
323 465 408 506 lum
439 460 708 502 patavinum.
740 461 806 511 (a)
837 461 875 501 Is
901 474 997 502 cum
1019 459 1091 503 sese
1112 475 1205 503 cau-

185 523 235 567 fis
264 519 526 566 defendendis
551 516 789 561 exercuisset
815 548 827 570 ‚
858 516 901 560 &
940 533 1037 561 cum
1060 518 1204 560 eodem

188 581 382 635 Ulpiano
422 575 643 630 Papiniani
677 574 807 619 fuisset
831 573 1022 628 assessor,
1070 575 1205 618 scrinii

184 637 401 684 memoriae
428 633 616 689 magister
641 645 796 676 creatus
810 630 914 685 fuit,
947 632 991 675 &
1008 633 1208 687 postremo

184 694 394 753 praefee’tus
420 691 612 749 praetorio
639 707 648 733 τ
701 692 788 744 (b)
814 691 869 733 ita
897 701 940 734 ut
971 689 1205 745 Ulpianum

184 751 398 806 disciplina
420 782 431 804 ,
464 761 578 793 aetate
596 781 607 803 ,
641 748 867 792 honoribus
889 780 902 802 ‚
934 747 979 790 δε
1007 749 1205 804 Principis

183 809 315 868 gratia
344 809 592 865 aequaverit3
625 806 713 861 styli
741 818 882 849 tamen
908 805 1110 860 gravitate
1135 807 1207 850 ‘su-

185 868 337 925 perarit
364 898 376 920 ,
426 865 469 909 ἃ
496 880 671 908 numero
699 863 898 907 librorum
937 895 949 917 ‚
993 880 1074 920 quo
1108 864 1206 907 vicit

184 937 341 969 ceteros
369 940 377 965 ε
414 938 509 966 curn
538 922 698 965 nullam
725 937 808 965 non
835 919 935 972 juris
961 921 1204 976 particulam

183 981 367 1037 attigerit
395 1011 405 1022 .
458 982 552 1025 Hoc
588 982 716 1023 etiam
753 978 943 1034 Ulpiano
966 979 1167 1022 dissimilis
1195 1013 1206 1033 ,

183 1039 292 1095 quod
316 1037 525 1092 Ulpianus
551 1038 595 1080 in
620 1036 714 1090 juris
734 1035 1047 1080 definitionibus
1065 1036 1202 1081 remis-

185 1098 263 1140 sior
287 1097 339 1140 est
370 1127 382 1149 ‚
426 1095 470 1138 &
497 1096 665 1151 pronior
688 1094 736 1137 ad
761 1094 999 1149 aequitatem
1029 1110 1041 1148 3
1087 1095 1206 1139 Paul-

186 1153 247 1198 lus
274 1168 371 1197 vero
397 1150 571 1197 severior
593 1153 637 1196 ὃς
666 1151 892 1208 religiofior
921 1151 1020 1204 juris
1043 1183 1052 1195 .
1085 1154 1147 1205 (¹¹²)

370 1268 412 1311 C
473 1268 512 1310 A
574 1267 605 1309 P
665 1267 710 1308 U
772 1265 818 1306 T
905 1266 1014 1308 C11.

398 1383 465 1426 De
495 1380 694 1424 Herennio
725 1377 949 1435 Modestino
968 1409 978 1422 .

304 1494 511 1540 Erennius
528 1495 783 1539 Modestinus
804 1495 1039 1550 Ulpianum
1059 1493 1203 1538 habuit

334 1554 571 1608 magistrum
600 1586 612 1607 ,
646 1570 668 1596 a
693 1570 774 1610 quo
802 1553 990 1597 studiosus
1020 1553 1107 1597 suus
1131 1569 1199 1608 ap-

180 1612 380 1669 pellatus.
418 1614 686 1666 Eandemque
719 1611 950 1665 Ulpianum
980 1612 1076 1665 saepe
1103 1626 1200 1654 con-

176 1672 299 1714 suluit
323 1702 335 1720 ,
367 1672 493 1713 etiam
523 1670 689 1721 absens,
724 1685 818 1712 cum
850 1670 1106 1712 Dalmatiam
1130 1685 1201 1724 pro

178 1728 362 1770 Consule
390 1728 494 1779 (²⁴⁴)
519 1727 842 1769 administraret.
873 1727 930 1779 (c)
961 1728 1199 1770 Graeca-rum

182 1784 262 1828 fuit
286 1801 331 1828 ac
361 1784 585 1827 latinarum
614 1784 823 1827 literarum
852 1800 944 1827 cum
970 1785 1112 1839 primis
1132 1784 1201 1826 do-

182 1842 295 1897 &u3‚
330 1841 563 1898 pollensque
590 1842 633 1884 in
660 1855 829 1898 utraque
856 1841 1051 1886 scribendi
1075 1841 1201 1885 facul-

182 1911 264 1944 tate
296 1932 309 1953 ,
361 1899 594 1956 librumque
627 1899 674 1943 de
709 1899 1037 1943 excusationibus
1073 1915 1199 1956 graece

182 1956 419 2012 conscripsit
441 1989 450 1999 .
486 1957 606 1999 Vixit
630 1957 677 1999 ad
704 1957 909 2000 Gord÷ani
939 1970 1152 2012 tempora,
1178 1974 1200 2000 a

181 2030 264 2071 quo
305 2030 390 2056 non
436 2015 749 2058 contemnenda:
790 2015 1044 2057 auctoritatis
1079 2016 1114 2066 J.
1147 2015 1198 2057 C.

181 2071 414 2128 appellatur
446 2102 456 2112 .
507 2071 769 2114 Maximinus
806 2088 901 2114 vero
940 2072 1075 2122 junior
1104 2087 1196 2115 eum

184 2129 256 2173 fibi
288 2127 383 2179 juris
408 2129 583 2184 peritum
601 2160 613 2181 ‚
646 2128 689 2170 ὃς
714 2128 954 2183 magistrum
978 2129 1198 2185 adhibuit,

183 2199 229 2230 ut
255 2185 380 2231 refert
405 2185 672 2242 Capitolinus
692 2217 702 2228 .
734 2187 823 2239 (d)
1089 2191 1102 2199 ⁶

1431 167 1872 214 CAPUT
1965 167 2094 211 C111.

1539 283 1608 329 De
1636 283 1733 328 aliis
1759 283 1975 341 generatim
1992 313 2000 325 .

1262 400 1496 502 ATque
1527 397 1639 443 hunc
1673 400 1920 455 postremam
1950 397 2275 455 jurisprudentiae

1289 495 1294 502 .
1394 472 1543 500 vocem
1567 459 1770 513 appellare
1798 458 1938 501 licebit
1964 474 1973 498 τ
2007 474 2088 514 quo
2117 458 2274 503 sublato

1256 515 1373 567 hujus
1399 515 1592 558 dostrinae
1620 515 1787 559 oracula
1813 515 2048 559 conticuere
2076 548 2087 568 ,
2131 532 2177 559 ac
2209 518 2271 560 su-

1257 573 1482 629 perstitibus
1503 573 1627 625 rivis,
1649 571 1748 623 juris
1771 588 1961 617 exaruere
1985 572 2141 616 fontes.
2164 577 2276 617 Her-

1256 631 1527 687 mogenianus
1565 630 1682 675 enirn
1716 663 1730 684 ‚
1775 631 1844 686 qui
1883 631 1950 673 sub
1988 632 2272 675 Constantino

1255 688 1454 733 claruisset
1478 688 1606 732 fertur
1637 720 1649 742 ‚
1698 689 1746 732 de
1768 704 1850 744 quo
1873 689 2096 744 Menagius
2121 693 2270 745 quaerit

1256 749 1299 790 in
1327 747 1626 796 amoem'tatibus
1648 747 1751 799 iuris
1779 746 1916 789 civilis
1946 778 1957 800 ,
2000 749 2017 800 (
2037 749 2092 798 e)
2117 749 2271 804 aliique

1255 805 1497 849 obscurioris
1521 805 1733 856 nominis,
1768 803 1874 847 nihil
1903 805 2110 859 prodidere
2138 807 2235 849 novi
2253 822 2273 848 .·

1258 863 1317 907 sed
1344 877 1482 907 vetera
1506 874 1670 906 tantum
1697 862 1968 905 retraStarunt
2001 895 2013 917 ‚
2047 875 2117 905 aut
2143 863 2281 917 expli·-

1256 934 1399 965 carunt
1420 929 1447 973 ‚'
1465 919 1703 976 remissoque
1728 920 1857 975 prisco
1882 920 1957 963 illo
1975 952 1987 973 ‚
2019 920 2062 963 δε
2086 922 2271 975 gravidi-

1257 996 1325 1023 mo
1351 979 1536 1022 instituto
1561 978 1825 1033 respondendi
1853 1009 1865 1031 ‚
1898 990 2063 1022 tantum
2088 978 2273 1022 docendo

1255 1037 1330 1089 juri
1355 1036 1470 1080 civili
1506 1035 1662 1079 scholas
1685 1050 1931 1091 aperuerunt
1964 1068 1974 1078 .
2008 1038 2189 1080 Fuerunt
2214 1036 2277 1090 sa-

1256 1111 1306 1139 ne
1340 1094 1546 1150 plurimi,
1578 1106 1649 1136 aut
1674 1093 1897 1137 Modestini
1931 1126 1943 1148 ,
1993 1106 2062 1137 aut
2094 1093 2272 1149 Ulpiani

1255 1151 1425 1208 aequales
1444 1184 1456 1204 ‚
1490 1152 1696 1206 iidemque
1722 1152 1938 1206 Papiniani
1966 1151 2177 1207 discipuli3
2212 1151 2275 1194 sed

1256 1212 1393 1252 minus
1416 1208 1614 1252 celebres:
1637 1223 1811 1263 quorum
1837 1209 2023 1264 cognitio
2050 1211 2174 1264 repeti
2200 1225 2272 1263 po-

1255 1267 1326 1309 test
1348 1282 1397 1309 ex
1423 1281 1566 1308 eorum
1595 1265 1707 1307 libris
1730 1297 1741 1318 ,
1773 1267 1842 1320 qui
1869 1266 2093 1320 peculiares
2120 1267 2271 1310 trat'ta-

1256 1324 1388 1367 tiones
1412 1322 1458 1366 de
1483 1321 1875 1374 jurisconsultorum
1902 1322 2066 1365 historia
2092 1325 2271 1367 conscri-=

1256 1381 1416 1436 pserunt
1454 1412 1462 1422 .
1514 1381 1618 1423 Non
1639 1381 1797 1423 etenim
1817 1412 1828 1433 ,
1860 1381 2012 1423 omissis
2038 1379 2087 1422 iis
2119 1412 2131 1432 ‚
2183 1396 2272 1436 quae

1254 1451 1417 1482 tantum
1460 1438 1736 1482 curiositatem
1778 1437 1944 1493 explere
1983 1438 2134 1494 poffint
2159 1470 2171 1492 ‚
2221 1454 2271 1482 ea

1254 1495 1502 1554 suggerenda
1524 1495 1715 1540 duximus
1741 1527 1754 1548 ‚
1787 1510 1875 1551 quae
1905 1495 2025 1538 initia
2052 1494 2152 1553 juris
2172 1494 2273 1540 illu-

1253 1556 1399 1608 strare,
1432 1567 1553 1609 atque
1580 1553 1831 1607 utilitatem,
1863 1569 2067 1611 opemque
2095 1555 2270 1609 praebere

1254 1615 1402 1668 possint
1445 1612 1724 1656 laborantibus
1766 1643 1775 1653 .
1835 1612 1940 1655 Sane
1990 1613 2267 1668 interruptam

1253 1687 1362 1715 nunc
1384 1669 1663 1714 narrationem
1683 1683 1911 1724 opportune
1933 1683 2161 1725 repetemus
2176 1702 2187 1722 ,
2219 1670 2264 1714 &

1252 1728 1639 1782 Jttrisconsultorurn
1706 1727 1915 1770 historiam
1980 1727 2271 1783 persequemur

1253 1789 1462 1843 postquam
1504 1785 1804 1841 expedierimus
1836 1783 2135 1836 Justinianeam
2167 1785 2266 1837 juris

1251 1844 1755 1889 civilis'collestionem:
1801 1844 1850 1885 ad
1892 1859 2018 1899 quarn
2062 1856 2107 1886 ut
2150 1858 2266 1886 acce-

1250 1904 1393 1947 damus
1431 1935 1443 1956 ,
1487 1902 1702 1958 aperienda
1749 1903 1838 1944 sunt
1882 1900 2152 1944 fundamenta
2183 1901 2268 1952 ejus

1253 1960 1458 2016 potestatis
1491 1992 1503 2013 ,
1546 1976 1625 2016 qua
1670 1959 1724 2003 us1
1768 1956 1976 2014 Principes
2008 1991 2020 2012 ,
2069 1958 2166 2011 jussa
2202 1959 2270 2002 sua

1253 2031 1408 2074 partem
1459 2017 1644 2060 fecerunt
1694 2017 1792 2068 juris
1841 2016 1980 2060 civilis
2014 2048 2023 2058 .
2068 2020 2170 2078 Qae
2219 2028 2266 2059 ut

1251 2094 1272 2119 a
1307 2077 1381 2120 suis
1412 2074 1667 2118 naturalibus
1699 2073 1830 2117 initiis
1862 2074 2104 2117 deducamus
2129 2105 2142 2127 ,
2173 2073 2267 2130 plu-

1252 2151 1293 2177 ra
1335 2132 1568 2178 evolvenda
1611 2132 1701 2174 sunt
1744 2132 1790 2175 de
1835 2131 2073 2187 Principum
2128 2133 2270 2186 Impe-

1253 2194 1312 2235 rio
1332 2224 1344 2246 ‚
1377 2192 1537 2247 ejusque
1570 2190 1672 2232 vires
1692 2188 1990 2245 expendendae‚
2024 2191 2267 2245 progressio-

1250 2266 1327 2308 que
1342 2249 1595 2307 vestiganda:
1620 2262 1666 2292 ut
1688 2248 1794 2292 nosse
1815 2247 2007 2303 poffimus
2021 2278 2034 2301 ,
2055 2248 2201 2303 quibus
2213 2263 2265 2291 ex

1773 2308 1816 2348 H
1881 2320 1903 2348 2
2034 2314 2037 2320 '
2140 2306 2272 2349 initiis

180 2370 1090 2386 ——-———--—-—-.——-————-
1101 2377 1199 2386 ———-
1255 2378 2275 2394 —.-—-..—-—-——-——-————-—,--

227 2434 280 2473 (αἳ
311 2436 346 2465 Ι.μ
365 2430 466 2476 qua-[3.
486 2434 514 2475 §.
531 2444 604 2466 cum
634 2433 702 2466 vir.
716 2430 755 2477 ff·
774 2432 811 2466 de
841 2435 980 2476 legar.3-
1013 2438 1050 2467 L.
1066 2434 1197 2480 leHaff.

188 2475 227 2511 de
247 2477 309 2509 reb.
329 2479 408 2510 cred.

238 2521 297 2562 (b)
327 2526 392 2557 AEl.
411 2525 519 2565 Spart.
549 2523 585 2555 in
617 2525 748 2566 Nigro.

234 2569 292 2608 ζ’)
319 2571 369 2601 Ex
389 2567 482 2600 libris
498 2568 590 2601 Pauli
609 2569 687 2602 bina
702 2567 836 2602 circiter
864 2568 973 2602 millia
993 2567 1196 2612 fragmento-

186 2622 258 2645 runz
279 2637 288 2652 ,
321 2613 375 2646 seu
403 2613 425 2645 fi
455 2614 587 2653 mavis,
616 2615 694 2648 bina
719 2613 852 2647 circiter
875 2614 988 2647 millia
1019 2617 1128 2659 legum
1166 2619 1199 2649 in

185 2657 362 2691 Pandeetis
378 2659 596 2691 inveniuntur
613 2682 621 2691 .
651 2663 764 2691 Placet
791 2660 819 2691 is
839 2659 896 2692 fibi
915 2660 949 2692 in
967 2660 1071 2693 studio
1085 2662 1195 2695 brevi-

180 2704 260 2736 tatis
286 2725 295 2742 ς
325 2703 410 2737 unde
429 2703 509 2746 faepe
526 2704 627 2737 nimis
644 2704 774 2737 subtilis
793 2705 837 2737 est
871 2705 901 2737 St
916 2706 1070 2740 obscurus
1094 2728 1101 2737 ·
1128 2711 1193 2741 No-

182 2753 254 2780 tum
272 2747 397 2782 dictum
419 2749 525 2791 Raph.
549 2750 688 2793 Fulgofii
710 2773 721 2790 ,
749 2748 813 2782 Isse
847 2751 1039 2786 matedrfius
1058 2755 1200 2786 Paullus

179 2792 307 2834 semper
322 2796 373 2828 ita
401 2794 528 2835 obscure
556 2797 703 2839 loquitur
720 2818 730 2835 ‚
757 2806 796 2828 ur
813 2797 870 2829 vix
884 2798 981 2842 poffit
1021 2800 1196 2841 intelligi,

184 2835 260 2877 19·st
280 2839 421 2873 haberem
437 2852 507 2873 eum
524 2842 560 2873 in
575 2841 724 2875 manibus
744 2863 753 2874 ι
781 2853 852 2874 eum
867 2850 923 2885 per
946 2845 1081 2885 capillos
1098 2846 1192 2877 inrer-

185 2891 329 2924 rogarem
346 2908 354 2916 .
385 2885 475 2918 Idem
507 2889 662 2920 Duareno
675 2889 716 2920 ad
733 2890 771 2919 L.
798 2898 831 2926 ¹3
844 2898 867 2919 1.
887 2892 931 2921 D.
949 2890 986 2922 de
1004 2892 1083 2922 V.O.
1100 2900 1194 2932 prop—

189 2932 241 2959 ter
262 2926 426 2962 scribendi
443 2941 543 2973 genus
558 2932 733 2966 obscurum
750 2955 760 2973 ‚
788 2933 998 2975 implicatum
1014 2946 1052 2968 ae
1067 2943 1190 2969 tortu0·

189 2971 260 3022 sum
289 2974 473 3008 Heraclitus
497 2977 633 3019 quidam
661 2980 723 3012 effe
750 2977 947 3017 videbatur,
977 2980 1032 3023 qui
1058 2992 1077 3012 a
1108 2990 1194 3014 vete-

185 3017 276 3049 ribus
297 3019 458 3054 σκυτεινές
487 3023 672 3065 appellatus
699 3024 744 3056 est
770 3044 778 3053 ·
820 3025 1065 3064 Bynkershoek
1090 3027 1132 3059 ad
1159 3031 1185 3059 L

193 3060 296 3095 Leffa
337 3074 361 3095 c·
398 3073 422 3095 ι.
452 3068 500 3114 De
528 3069 635 3108 patria
684 3067 753 3106 eius
789 3068 957 3113 disputant
998 3072 1171 3105 Patavium
1189 3094 1198 3108 ,

190 3108 332 3146 Tyrus,
364 3109 488 3141 Graecm
524 3111 552 3143 8<
583 3118 701 3146 Roma.
729 3113 828 3147 Conf-
859 3116 1058 3150 Bertrandus
1082 3119 1118 3150 in
1144 3118 1193 3148 vi-

185 3160 222 3186 u
269 3154 386 3187 Paulli
412 3154 442 3187 &
461 3154 632 3198 rignorius
657 3158 801 3200 symbol.
822 3160 989 3204 Epistolic.
1007 3165 1045 3196 L.
1063 3165 1091 3194 Ι.
1109 3160 1197 3206 epist.

1249 2444 1303 2471 41.
1346 2433 1471 2475 Juliam
1508 2432 1701 2467 Corneliam
1747 2430 1898 2464 Paulum
1922 2451 1932 2470 ‚
1983 2442 2083 2475 quam
2126 2435 2274 2475 yvszax

1251 2478 1468 2522 εὐγενὴς-θέην,
1488 2478 1648 2512 feminam
1669 2477 1912 2509 illustriffimam
1933 2487 2031 2510 vocat
2062 2479 2274 2512 Herodianus

1252 2524 1447 2564 Hnst.V.6.&
1466 2525 1558 2561 cujus
1573 2532 1692 2556 numos
1706 2522 1859 2564 exposuit
1885 2522 2029 2555 Vaillant
2047 2524 2083 2554 de
2107 2525 2268 2564 numism.

1251 2573 1336 2612 Imp.
1351 2576 1380 2610 p.
1394 2581 1464 2611 137.
1483 2569 1522 2601 (Ὺ
1543 2572 1617 2608 269.
1635 2568 1731 2601 nostri
1751 2569 1855 2602 filiam
1873 2577 1966 2610 putat
1982 2568 2093 2602 Celeb.
2119 2568 2259 2602 Heinec-

1249 2615 1316 2648 cius
1330 2616 1366 2658 in
1387 2614 1529 2655 Htfloria
1541 2614 1621 2661 juris
1634 2622 1664 2656 p.
1681 2619 1759 2648 280.
1792 2614 1867 2646 Fuit
1894 2623 2005 2646 autem
2033 2613 2150 2645 Paulla
2182 2625 2264 2648 uxor

1251 2661 1416 2703 Elagabali
1446 2660 1662 2702 Imperatoris
1680 2684 1688 2691 .
1721 2661 1831 2692 ¹„litam
1860 2666 2007 2691 ceterum
2043 2658 2147 2691 Paulli
2176 2670 2260 2702 quo-

1249 2711 1310 2747 que
1325 2705 1552 2747 compluribus
1565 2706 1731 2739 erroribus
1750 2705 1906 2738 liberavit
1924 2708 2002 2738 Ant.
2023 2704 2260 2749 Schultingius

1248 2754 1283 2784 in
1303 2753 1580 2794 jurisprudentia
1598 2755 1684 2784 Ante
1699 2749 1916 2792 Juftim'anea
1936 2772 1944 2781 .

1248 2826 1260 2831 ,
1291 2798 1368 2839 (⁸5⁸)
1394 2798 1492 2841 Quod
1519 2807 1560 2830 ex
1583 2794 1716 2840 vulgata
1746 2796 1908 2837 colligunt
1931 2794 2169 2829 Pandestarum
2185 2795 2257 2830 edi-

1248 2843 1338 2876 tione
1352 2869 1359 2874 .
1390 2844 1425 2876 in
1448 2845 1562 2886 quain
1577 2845 1671 2881 L.52.
1691 2844 1720 2885 §.
1739 2853 1792 2872 20.
1824 2845 1868 2873 D,
1892 2843 2046 2884 defurtis
2062 2865 2072 2880 ‚
2099 2842 2141 2874 fic
2171 2842 2259 2885 legi-

1247 2896 1301 2922 tur
1319 2901 1326 2921 :
1356 2891 1454 2932 Quod
1487 2888 1525 2920 Θ
1542 2890 1704 2921 Herennio
1721 2885 1903 2927 Modestiae
1916 2911 1926 2927 ,
1966 2888 2152 2928 Proconsuli
2168 2910 2178 2926 ‚
2207 2899 2255 2919 mu

1246 2935 1282 2967 de
1300 2936 1478 2968 Dalmatia
1503 2934 1707 2974 consulenti,
1736 2932 1876 2974 rescripsi
1892 2955 1901 2970 ‚
1932 2943 2007 2965 cum
2040 2933 2252 2965 florentinus

1245 2980 1358 3016 Codex
1376 2979 1445 3014 vice
1463 2979 1648 3013 Proconsuli
1663 2977 1823 3011 exhibeat
1836 2976 1978 3010 studioso
1996 2988 2082 3011 meo.
2111 2982 2157 3011 De
2174 2978 2256 3010 Dal-

1246 3026 1351 3061 maria
1370 3034 1481 3059 autem
1497 3024 1662 3058 consulere
1680 3023 1803 3055 dicitur
1822 3045 1832 3061 ‚
1861 3034 1919 3065 pro
1936 3035 1952 3058 e
1969 3024 2137 3058 Dalmatia
2157 3046 2166 3056 .

1291 3071 1346 3113 (b)
1373 3075 1409 3104 L.
1429 3081 1477 3110 51.
1495 3069 1569 3112 §.fi
1586 3071 1662 3118 quis¹
1678 3091 1687 3106 ,
1710 3067 1750 3112 ff
1767 3069 1903 3112 defure-

1292 3117 1354 3159 (d)
1379 3120 1420 3150 Irz
1449 3116 1769 3155 M.⁷x1·min.1unior.

1293 3164 1348 3208 (e)
1377 3167 1454 3207 Cap.
1480 3173 1524 3196 11·
