<?xml version="1.0" encoding="UTF-8"?>
<!DOCTYPE html PUBLIC "-//W3C//DTD XHTML 1.0 Transitional//EN"
    "http://www.w3.org/TR/xhtml1/DTD/xhtml1-transitional.dtd">
<html xmlns="http://www.w3.org/1999/xhtml" xml:lang="en" lang="en">
 <head>
  <title>
</title>
<meta http-equiv="Content-Type" content="text/html;charset=utf-8" />
  <meta name='ocr-system' content='tesseract 3.04.00' />
  <meta name='ocr-capabilities' content='ocr_page ocr_carea ocr_par ocr_line ocrx_word'/>
</head>
<body>
  <div class='ocr_page' id='page_1' title='image "./janivincentiigra01gravuoft_0256.png"; bbox 0 0 2596 3479; ppageno 0'>
   <div class='ocr_carea' id='block_1_1' title="bbox 210 126 319 179">
    <p class='ocr_par' dir='ltr' id='par_1_1' title="bbox 210 126 319 179">
     <span class='ocr_line' id='line_1_1' title="bbox 210 126 319 179; baseline -0.018 0"><span class='ocrx_word' id='word_1_1' title='bbox 210 126 319 179; x_wconf 79' lang='lat'>174</span> 
     </span>
    </p>
   </div>
   <div class='ocr_carea' id='block_1_2' title="bbox 200 176 1244 408">
    <p class='ocr_par' dir='ltr' id='par_1_2' title="bbox 200 176 1244 408">
     <span class='ocr_line' id='line_1_2' title="bbox 204 176 1243 240; baseline -0.008 -11"><span class='ocrx_word' id='word_1_2' title='bbox 204 187 446 240; x_wconf 87' lang='lat' dir='ltr'>attingere:</span> <span class='ocrx_word' id='word_1_3' title='bbox 480 181 544 234; x_wconf 84' lang='lat' dir='ltr'>(a)</span> <span class='ocrx_word' id='word_1_4' title='bbox 583 195 714 238; x_wconf 87' lang='lat' dir='ltr'>neque</span> <span class='ocrx_word' id='word_1_5' title='bbox 746 181 893 225; x_wconf 86' lang='lat' dir='ltr'>licebat</span> <span class='ocrx_word' id='word_1_6' title='bbox 928 180 971 222; x_wconf 90' lang='lat' dir='ltr'>in</span> <span class='ocrx_word' id='word_1_7' title='bbox 1005 176 1064 229; x_wconf 85' lang='lat' dir='ltr'>jus</span> <span class='ocrx_word' id='word_1_8' title='bbox 1096 192 1243 221; x_wconf 86' lang='lat' dir='ltr'>vocare</span> 
     </span>
     <span class='ocr_line' id='line_1_3' title="bbox 203 234 1241 298; baseline -0.011 -12"><span class='ocrx_word' id='word_1_9' title='bbox 203 244 434 297; x_wconf 84' lang='lat' dir='ltr'>impuberes</span> <span class='ocrx_word' id='word_1_10' title='bbox 467 239 619 294; x_wconf 87' lang='lat' dir='ltr'>puellas</span> <span class='ocrx_word' id='word_1_11' title='bbox 648 239 784 282; x_wconf 85' lang='lat' dir='ltr'>alieno</span> <span class='ocrx_word' id='word_1_12' title='bbox 815 237 892 288; x_wconf 85' lang='lat' dir='ltr'>juri</span> <span class='ocrx_word' id='word_1_13' title='bbox 928 234 1142 298; x_wconf 55' lang='lat' dir='ltr'>subjefi‘tas3</span> <span class='ocrx_word' id='word_1_14' title='bbox 1175 236 1241 285; x_wconf 82' lang='lat' dir='ltr'>(b)</span> 
     </span>
     <span class='ocr_line' id='line_1_4' title="bbox 203 291 1244 354; baseline -0.01 -10"><span class='ocrx_word' id='word_1_15' title='bbox 203 299 504 344; x_wconf 89' lang='lat' dir='ltr'>Lenimentum</span> <span class='ocrx_word' id='word_1_16' title='bbox 529 311 687 354; x_wconf 87' lang='lat' dir='ltr'>quoque</span> <span class='ocrx_word' id='word_1_17' title='bbox 712 294 876 351; x_wconf 85' lang='lat' dir='ltr'>aliquod</span> <span class='ocrx_word' id='word_1_18' title='bbox 902 293 1020 344; x_wconf 71' lang='lat' dir='ltr'>hujus</span> <span class='ocrx_word' id='word_1_19' title='bbox 1055 291 1153 348; x_wconf 84' lang='lat' dir='ltr'>legis</span> <span class='ocrx_word' id='word_1_20' title='bbox 1172 292 1244 344; x_wconf 88' lang='lat' dir='ltr'>Ju—</span> 
     </span>
     <span class='ocr_line' id='line_1_5' title="bbox 200 351 1241 408; baseline -0.012 -5"><span class='ocrx_word' id='word_1_21' title='bbox 200 355 430 403; x_wconf 81' lang='lat' dir='ltr'>risconsulti</span> <span class='ocrx_word' id='word_1_22' title='bbox 466 354 529 398; x_wconf 81' lang='lat' dir='ltr'>sua</span> <span class='ocrx_word' id='word_1_23' title='bbox 576 352 913 408; x_wconf 80' lang='lat' dir='ltr'>interpretatione</span> <span class='ocrx_word' id='word_1_24' title='bbox 946 351 1198 394; x_wconf 88' lang='lat' dir='ltr'>invenerunt</span> <span class='ocrx_word' id='word_1_25' title='bbox 1227 380 1241 403; x_wconf 92' lang='lat'>,</span> 
     </span>
    </p>
   </div>
   <div class='ocr_carea' id='block_1_3' title="bbox 617 99 1937 180">
    <p class='ocr_par' dir='ltr' id='par_1_3' title="bbox 617 99 1937 180">
     <span class='ocr_line' id='line_1_6' title="bbox 617 99 1937 180; baseline -0.001 -20"><span class='ocrx_word' id='word_1_26' title='bbox 617 105 721 160; x_wconf 86' lang='lat' dir='ltr'>DE</span> <span class='ocrx_word' id='word_1_27' title='bbox 766 105 962 180; x_wconf 84' lang='lat' dir='ltr'><strong>JURE</strong></span> <span class='ocrx_word' id='word_1_28' title='bbox 1006 99 1468 173; x_wconf 64' lang='grc' dir='ltr'><strong>ΝΑΤυΒΑιῑ,</strong></span> <span class='ocrx_word' id='word_1_29' title='bbox 1509 103 1937 175; x_wconf 78' lang='lat' dir='ltr'>GENTmM,</span> 
     </span>
    </p>
   </div>
   <div class='ocr_carea' id='block_1_4' title="bbox 1291 178 2335 413">
    <p class='ocr_par' dir='ltr' id='par_1_4' title="bbox 1291 178 2335 413">
     <span class='ocr_line' id='line_1_7' title="bbox 1376 178 2335 256; baseline 0.009 -20"><span class='ocrx_word' id='word_1_30' title='bbox 1376 181 1430 236; x_wconf 87' lang='lat' dir='ltr'>Si</span> <span class='ocrx_word' id='word_1_31' title='bbox 1458 180 1611 236; x_wconf 89' lang='lat' dir='ltr'>status</span> <span class='ocrx_word' id='word_1_32' title='bbox 1649 182 1912 237; x_wconf 65' lang='lat' dir='ltr'>condifflus</span> <span class='ocrx_word' id='word_1_33' title='bbox 1944 178 2016 256; x_wconf 76' lang='lat'><em>(&#39;‘)</em></span> <span class='ocrx_word' id='word_1_34' title='bbox 2048 183 2153 241; x_wconf 85' lang='lat' dir='ltr'>dies</span> <span class='ocrx_word' id='word_1_35' title='bbox 2181 189 2335 244; x_wconf 77' lang='lat' dir='ltr'>inter-</span> 
     </span>
     <span class='ocr_line' id='line_1_8' title="bbox 1291 259 1985 328; baseline 0.004 -16"><span class='ocrx_word' id='word_1_36' title='bbox 1291 259 1476 328; x_wconf 87' lang='lat' dir='ltr'>cedat,</span> <span class='ocrx_word' id='word_1_37' title='bbox 1520 278 1639 312; x_wconf 89' lang='lat' dir='ltr'>cum</span> <span class='ocrx_word' id='word_1_38' title='bbox 1683 262 1824 314; x_wconf 88' lang='lat' dir='ltr'>hoste</span> <span class='ocrx_word' id='word_1_39' title='bbox 1868 262 1944 315; x_wconf 91' lang='lat' dir='ltr'>ito</span> <span class='ocrx_word' id='word_1_40' title='bbox 1972 302 1985 315; x_wconf 93' lang='lat'>.</span> 
     </span>
     <span class='ocr_line' id='line_1_9' title="bbox 1374 336 2331 413; baseline 0.006 -23"><span class='ocrx_word' id='word_1_41' title='bbox 1374 338 1548 390; x_wconf 88' lang='lat' dir='ltr'>Status</span> <span class='ocrx_word' id='word_1_42' title='bbox 1585 337 1691 391; x_wconf 84' lang='lat' dir='ltr'>dies</span> <span class='ocrx_word' id='word_1_43' title='bbox 1722 378 1740 407; x_wconf 93' lang='lat'>,</span> <span class='ocrx_word' id='word_1_44' title='bbox 1781 341 1831 392; x_wconf 89' lang='lat'>&amp;</span> <span class='ocrx_word' id='word_1_45' title='bbox 1871 336 2134 395; x_wconf 49' lang='lat' dir='ltr'>condis-ius</span> <span class='ocrx_word' id='word_1_46' title='bbox 2181 336 2204 413; x_wconf 87' lang='lat'><em>)</em></span> <span class='ocrx_word' id='word_1_47' title='bbox 2248 360 2331 406; x_wconf 85' lang='lat' dir='ltr'>levi</span> 
     </span>
    </p>
   </div>
   <div class='ocr_carea' id='block_1_5' title="bbox 202 407 2334 642">
    <p class='ocr_par' dir='ltr' id='par_1_5' title="bbox 202 407 2334 642">
     <span class='ocr_line' id='line_1_10' title="bbox 202 407 2334 471; baseline 0.003 -15"><span class='ocrx_word' id='word_1_48' title='bbox 202 431 255 460; x_wconf 86' lang='lat' dir='ltr'>ne</span> <span class='ocrx_word' id='word_1_49' title='bbox 287 414 378 471; x_wconf 90' lang='lat' dir='ltr'>quis</span> <span class='ocrx_word' id='word_1_50' title='bbox 411 411 562 455; x_wconf 89' lang='lat' dir='ltr'>scilicet</span> <span class='ocrx_word' id='word_1_51' title='bbox 593 427 614 454; x_wconf 90' lang='lat' dir='ltr'>e</span> <span class='ocrx_word' id='word_1_52' title='bbox 658 410 783 454; x_wconf 88' lang='lat' dir='ltr'>domo</span> <span class='ocrx_word' id='word_1_53' title='bbox 814 409 880 453; x_wconf 89' lang='lat' dir='ltr'>sua</span> <span class='ocrx_word' id='word_1_54' title='bbox 911 409 955 452; x_wconf 93' lang='lat' dir='ltr'>in</span> <span class='ocrx_word' id='word_1_55' title='bbox 987 407 1046 460; x_wconf 83' lang='lat' dir='ltr'>jus</span> <span class='ocrx_word' id='word_1_56' title='bbox 1079 422 1237 463; x_wconf 88' lang='lat' dir='ltr'>protra-</span> <span class='ocrx_word' id='word_1_57' title='bbox 1296 409 1535 455; x_wconf 82' lang='lat' dir='ltr'>discrimine</span> <span class='ocrx_word' id='word_1_58' title='bbox 1560 411 1888 469; x_wconf 85' lang='lat' dir='ltr'>distinguuntur.</span> <span class='ocrx_word' id='word_1_59' title='bbox 1919 416 2082 466; x_wconf 78' lang='lat' dir='ltr'>Status,</span> <span class='ocrx_word' id='word_1_60' title='bbox 2116 417 2229 462; x_wconf 89' lang='lat' dir='ltr'>enim</span> <span class='ocrx_word' id='word_1_61' title='bbox 2247 421 2334 463; x_wconf 72' lang='lat' dir='ltr'>dies</span> 
     </span>
     <span class='ocr_line' id='line_1_11' title="bbox 203 465 2333 528; baseline 0.001 -10"><span class='ocrx_word' id='word_1_62' title='bbox 203 473 390 518; x_wconf 88' lang='lat' dir='ltr'>heretur:</span> <span class='ocrx_word' id='word_1_63' title='bbox 426 471 484 522; x_wconf 88' lang='lat' dir='ltr'>(c)</span> <span class='ocrx_word' id='word_1_64' title='bbox 509 468 600 512; x_wconf 79' lang='lat' dir='ltr'>satis</span> <span class='ocrx_word' id='word_1_65' title='bbox 621 467 736 512; x_wconf 83' lang='lat' dir='ltr'>enim</span> <span class='ocrx_word' id='word_1_66' title='bbox 765 482 981 523; x_wconf 80' lang='lat' dir='ltr'>poenarum</span> <span class='ocrx_word' id='word_1_67' title='bbox 999 466 1172 522; x_wconf 90' lang='lat' dir='ltr'>perferre</span> <span class='ocrx_word' id='word_1_68' title='bbox 1187 465 1244 508; x_wconf 88' lang='lat' dir='ltr'>la·</span> <span class='ocrx_word' id='word_1_69' title='bbox 1296 468 1349 511; x_wconf 87' lang='lat' dir='ltr'>est</span> <span class='ocrx_word' id='word_1_70' title='bbox 1371 501 1383 522; x_wconf 90' lang='lat'>,</span> <span class='ocrx_word' id='word_1_71' title='bbox 1415 485 1538 525; x_wconf 90' lang='lat' dir='ltr'>quem</span> <span class='ocrx_word' id='word_1_72' title='bbox 1561 470 1710 514; x_wconf 84' lang='lat' dir='ltr'>Praetor</span> <span class='ocrx_word' id='word_1_73' title='bbox 1731 472 1866 514; x_wconf 79' lang='lat' dir='ltr'>statuit</span> <span class='ocrx_word' id='word_1_74' title='bbox 1901 470 2157 516; x_wconf 64' lang='lat' dir='ltr'>litiaantibus</span> <span class='ocrx_word' id='word_1_75' title='bbox 2173 507 2185 528; x_wconf 90' lang='lat'>,</span> <span class='ocrx_word' id='word_1_76' title='bbox 2218 488 2263 519; x_wconf 90' lang='lat' dir='ltr'>ut</span> <span class='ocrx_word' id='word_1_77' title='bbox 2282 478 2333 520; x_wconf 88' lang='lat' dir='ltr'>ad</span> 
     </span>
     <span class='ocr_line' id='line_1_12' title="bbox 206 524 2333 585; baseline 0.001 -12"><span class='ocrx_word' id='word_1_78' title='bbox 206 529 387 574; x_wconf 86' lang='lat' dir='ltr'>titando:</span> <span class='ocrx_word' id='word_1_79' title='bbox 427 527 498 570; x_wconf 80' lang='lat' dir='ltr'>nisi</span> <span class='ocrx_word' id='word_1_80' title='bbox 530 526 687 569; x_wconf 86' lang='lat' dir='ltr'>aditum</span> <span class='ocrx_word' id='word_1_81' title='bbox 706 525 812 569; x_wconf 86' lang='lat' dir='ltr'>adse</span> <span class='ocrx_word' id='word_1_82' title='bbox 832 524 1029 580; x_wconf 83' lang='lat' dir='ltr'>praestaret</span> <span class='ocrx_word' id='word_1_83' title='bbox 1049 557 1062 579; x_wconf 93' lang='lat'>,</span> <span class='ocrx_word' id='word_1_84' title='bbox 1092 535 1161 566; x_wconf 84' lang='lat' dir='ltr'>aot</span> <span class='ocrx_word' id='word_1_85' title='bbox 1192 539 1242 566; x_wconf 81' lang='lat' dir='ltr'>ex</span> <span class='ocrx_word' id='word_1_86' title='bbox 1295 525 1329 569; x_wconf 91' lang='lat' dir='ltr'>se</span> <span class='ocrx_word' id='word_1_87' title='bbox 1360 526 1509 570; x_wconf 87' lang='lat' dir='ltr'>iretur:</span> <span class='ocrx_word' id='word_1_88' title='bbox 1548 528 1774 580; x_wconf 59' lang='lat' dir='ltr'>condiflus,</span> <span class='ocrx_word' id='word_1_89' title='bbox 1805 544 1928 583; x_wconf 88' lang='lat' dir='ltr'>quem</span> <span class='ocrx_word' id='word_1_90' title='bbox 1949 529 2017 572; x_wconf 86' lang='lat' dir='ltr'>sibi</span> <span class='ocrx_word' id='word_1_91' title='bbox 2047 530 2117 585; x_wconf 82' lang='lat' dir='ltr'>ipli</span> <span class='ocrx_word' id='word_1_92' title='bbox 2142 548 2190 575; x_wconf 80' lang='lat' dir='ltr'>ex</span> <span class='ocrx_word' id='word_1_93' title='bbox 2217 549 2333 578; x_wconf 89' lang='lat' dir='ltr'>com-</span> 
     </span>
     <span class='ocr_line' id='line_1_13' title="bbox 204 581 2332 642; baseline -0 -13"><span class='ocrx_word' id='word_1_94' title='bbox 204 587 368 642; x_wconf 88' lang='lat' dir='ltr'>publico</span> <span class='ocrx_word' id='word_1_95' title='bbox 395 584 717 640; x_wconf 84' lang='lat' dir='ltr'>conspiceretur.</span> <span class='ocrx_word' id='word_1_96' title='bbox 751 584 817 635; x_wconf 82' lang='lat' dir='ltr'>(d)</span> <span class='ocrx_word' id='word_1_97' title='bbox 838 583 1032 626; x_wconf 70' lang='lat' dir='ltr'>Praeterea</span> <span class='ocrx_word' id='word_1_98' title='bbox 1052 581 1241 625; x_wconf 87' lang='lat' dir='ltr'>oratione</span> <span class='ocrx_word' id='word_1_99' title='bbox 1296 583 1412 637; x_wconf 68' lang='grc' dir='ltr'>ρεξὶο</span> <span class='ocrx_word' id='word_1_100' title='bbox 1438 583 1647 641; x_wconf 89' lang='lat' dir='ltr'>litigantes</span> <span class='ocrx_word' id='word_1_101' title='bbox 1676 588 1934 641; x_wconf 67' lang='lat' dir='ltr'>praefiniunt,</span> <span class='ocrx_word' id='word_1_102' title='bbox 1969 599 2012 629; x_wconf 88' lang='lat' dir='ltr'>ut</span> <span class='ocrx_word' id='word_1_103' title='bbox 2037 589 2083 630; x_wconf 86' lang='lat' dir='ltr'>ad</span> <span class='ocrx_word' id='word_1_104' title='bbox 2113 588 2332 634; x_wconf 62' lang='lat' dir='ltr'>Praetorem</span> 
     </span>
    </p>
   </div>
   <div class='ocr_carea' id='block_1_6' title="bbox 192 639 1242 2474">
    <p class='ocr_par' dir='ltr' id='par_1_6' title="bbox 192 639 1242 2474">
     <span class='ocr_line' id='line_1_14' title="bbox 203 639 1240 694; baseline -0.009 -5"><span class='ocrx_word' id='word_1_105' title='bbox 203 643 304 689; x_wconf 86' lang='lat' dir='ltr'>Divi</span> <span class='ocrx_word' id='word_1_106' title='bbox 340 642 473 686; x_wconf 88' lang='lat' dir='ltr'>Marci</span> <span class='ocrx_word' id='word_1_107' title='bbox 507 654 673 685; x_wconf 86' lang='lat' dir='ltr'>cautum</span> <span class='ocrx_word' id='word_1_108' title='bbox 705 639 784 683; x_wconf 87' lang='lat' dir='ltr'>fuit</span> <span class='ocrx_word' id='word_1_109' title='bbox 805 671 819 694; x_wconf 91' lang='lat'>,</span> <span class='ocrx_word' id='word_1_110' title='bbox 852 656 902 683; x_wconf 90' lang='lat' dir='ltr'>ne</span> <span class='ocrx_word' id='word_1_111' title='bbox 933 639 1240 683; x_wconf 85' lang='lat' dir='ltr'>vindemiarum</span> 
     </span>
     <span class='ocr_line' id='line_1_15' title="bbox 202 694 1238 755; baseline -0.005 -11"><span class='ocrx_word' id='word_1_112' title='bbox 202 714 386 755; x_wconf 79' lang='lat' dir='ltr'>tempore</span> <span class='ocrx_word' id='word_1_113' title='bbox 419 700 529 744; x_wconf 86' lang='lat' dir='ltr'>cives</span> <span class='ocrx_word' id='word_1_114' title='bbox 560 699 611 741; x_wconf 92' lang='lat' dir='ltr'>ab</span> <span class='ocrx_word' id='word_1_115' title='bbox 641 713 762 753; x_wconf 89' lang='lat' dir='ltr'>opere</span> <span class='ocrx_word' id='word_1_116' title='bbox 795 698 940 741; x_wconf 83' lang='lat' dir='ltr'>rustico</span> <span class='ocrx_word' id='word_1_117' title='bbox 971 694 1238 748; x_wconf 84' lang='lat' dir='ltr'>adjudicium</span> 
     </span>
     <span class='ocr_line' id='line_1_16' title="bbox 200 752 1237 812; baseline -0.006 -10"><span class='ocrx_word' id='word_1_118' title='bbox 200 759 520 803; x_wconf 78' lang='lat' dir='ltr'>abducerentur.</span> <span class='ocrx_word' id='word_1_119' title='bbox 552 758 612 809; x_wconf 87' lang='lat' dir='ltr'>(e)</span> <span class='ocrx_word' id='word_1_120' title='bbox 645 756 746 810; x_wconf 79' lang='lat' dir='ltr'>Qae</span> <span class='ocrx_word' id='word_1_121' title='bbox 783 755 949 812; x_wconf 84' lang='lat' dir='ltr'>quidem</span> <span class='ocrx_word' id='word_1_122' title='bbox 976 752 1237 807; x_wconf 75' lang='lat' dir='ltr'>exceptiones</span> 
     </span>
     <span class='ocr_line' id='line_1_17' title="bbox 201 809 1238 873; baseline -0.005 -14"><span class='ocrx_word' id='word_1_123' title='bbox 201 816 286 873; x_wconf 83' lang='lat' dir='ltr'>post</span> <span class='ocrx_word' id='word_1_124' title='bbox 314 815 412 859; x_wconf 82' lang='lat' dir='ltr'>latas</span> <span class='ocrx_word' id='word_1_125' title='bbox 444 815 550 858; x_wconf 81' lang='lat' dir='ltr'>XII.</span> <span class='ocrx_word' id='word_1_126' title='bbox 581 812 738 856; x_wconf 86' lang='lat' dir='ltr'>tabulas</span> <span class='ocrx_word' id='word_1_127' title='bbox 778 813 1037 867; x_wconf 88' lang='lat' dir='ltr'>prodierunt:</span> <span class='ocrx_word' id='word_1_128' title='bbox 1072 809 1144 853; x_wconf 88' lang='lat' dir='ltr'>illa</span> <span class='ocrx_word' id='word_1_129' title='bbox 1172 826 1238 854; x_wconf 86' lang='lat' dir='ltr'>ve-</span> 
     </span>
     <span class='ocr_line' id='line_1_18' title="bbox 203 868 1242 930; baseline -0.006 -13"><span class='ocrx_word' id='word_1_130' title='bbox 203 890 248 917; x_wconf 86' lang='lat' dir='ltr'>ro</span> <span class='ocrx_word' id='word_1_131' title='bbox 281 871 480 930; x_wconf 85' lang='lat' dir='ltr'>particula</span> <span class='ocrx_word' id='word_1_132' title='bbox 511 886 560 915; x_wconf 88' lang='lat' dir='ltr'>ex</span> <span class='ocrx_word' id='word_1_133' title='bbox 595 870 684 926; x_wconf 81' lang='lat' dir='ltr'>ipsis</span> <span class='ocrx_word' id='word_1_134' title='bbox 708 872 813 915; x_wconf 88' lang='lat' dir='ltr'>XII.</span> <span class='ocrx_word' id='word_1_135' title='bbox 849 868 994 913; x_wconf 87' lang='lat' dir='ltr'>tabulis</span> <span class='ocrx_word' id='word_1_136' title='bbox 1024 868 1242 922; x_wconf 88' lang='lat' dir='ltr'>proficisci-</span> 
     </span>
     <span class='ocr_line' id='line_1_19' title="bbox 204 926 1239 988; baseline -0.007 -13"><span class='ocrx_word' id='word_1_137' title='bbox 204 943 292 984; x_wconf 79' lang='lat' dir='ltr'>tur,</span> <span class='ocrx_word' id='word_1_138' title='bbox 324 945 411 988; x_wconf 85' lang='lat' dir='ltr'>quae</span> <span class='ocrx_word' id='word_1_139' title='bbox 448 929 556 981; x_wconf 87' lang='lat' dir='ltr'>jubet</span> <span class='ocrx_word' id='word_1_140' title='bbox 589 928 630 971; x_wconf 91' lang='lat' dir='ltr'>in</span> <span class='ocrx_word' id='word_1_141' title='bbox 661 927 722 979; x_wconf 79' lang='lat' dir='ltr'>jus</span> <span class='ocrx_word' id='word_1_142' title='bbox 754 940 947 973; x_wconf 90' lang='lat' dir='ltr'>vocatum</span> <span class='ocrx_word' id='word_1_143' title='bbox 979 926 1125 969; x_wconf 90' lang='lat' dir='ltr'>morbo</span> <span class='ocrx_word' id='word_1_144' title='bbox 1150 941 1239 969; x_wconf 92' lang='lat' dir='ltr'>cor-</span> 
     </span>
     <span class='ocr_line' id='line_1_20' title="bbox 205 982 1242 1045; baseline -0.006 -12"><span class='ocrx_word' id='word_1_145' title='bbox 205 1001 365 1045; x_wconf 84' lang='lat' dir='ltr'>reptum</span> <span class='ocrx_word' id='word_1_146' title='bbox 412 1002 495 1030; x_wconf 91' lang='lat' dir='ltr'>non</span> <span class='ocrx_word' id='word_1_147' title='bbox 531 998 668 1029; x_wconf 86' lang='lat' dir='ltr'>tamen</span> <span class='ocrx_word' id='word_1_148' title='bbox 704 984 802 1028; x_wconf 90' lang='lat' dir='ltr'>adeo</span> <span class='ocrx_word' id='word_1_149' title='bbox 833 983 984 1041; x_wconf 86' lang='lat' dir='ltr'>gravi,</span> <span class='ocrx_word' id='word_1_150' title='bbox 1027 994 1072 1026; x_wconf 90' lang='lat' dir='ltr'>ut</span> <span class='ocrx_word' id='word_1_151' title='bbox 1105 982 1242 1027; x_wconf 89' lang='lat' dir='ltr'>sensus</span> 
     </span>
     <span class='ocr_line' id='line_1_21' title="bbox 203 1039 1239 1096; baseline -0.005 -7"><span class='ocrx_word' id='word_1_152' title='bbox 203 1045 425 1090; x_wconf 80' lang='lat' dir='ltr'>confundat</span> <span class='ocrx_word' id='word_1_153' title='bbox 454 1075 467 1096; x_wconf 91' lang='lat'>,</span> <span class='ocrx_word' id='word_1_154' title='bbox 498 1042 637 1091; x_wconf 54' lang='lat' dir='ltr'>juncto</span> <span class='ocrx_word' id='word_1_155' title='bbox 663 1073 675 1096; x_wconf 90' lang='lat'>‚</span> <span class='ocrx_word' id='word_1_156' title='bbox 709 1057 795 1085; x_wconf 86' lang='lat' dir='ltr'>non</span> <span class='ocrx_word' id='word_1_157' title='bbox 833 1058 930 1087; x_wconf 86' lang='lat' dir='ltr'>vero</span> <span class='ocrx_word' id='word_1_158' title='bbox 962 1039 1150 1085; x_wconf 88' lang='lat' dir='ltr'>molliter</span> <span class='ocrx_word' id='word_1_159' title='bbox 1176 1040 1239 1084; x_wconf 88' lang='lat' dir='ltr'>in-</span> 
     </span>
     <span class='ocr_line' id='line_1_22' title="bbox 200 1097 1240 1153; baseline -0.003 -6"><span class='ocrx_word' id='word_1_160' title='bbox 200 1105 325 1147; x_wconf 85' lang='lat' dir='ltr'>ssrato</span> <span class='ocrx_word' id='word_1_161' title='bbox 357 1100 576 1153; x_wconf 87' lang='lat' dir='ltr'>vehiculo,</span> <span class='ocrx_word' id='word_1_162' title='bbox 608 1099 649 1142; x_wconf 89' lang='lat' dir='ltr'>in</span> <span class='ocrx_word' id='word_1_163' title='bbox 685 1097 884 1150; x_wconf 83' lang='lat' dir='ltr'>judicium</span> <span class='ocrx_word' id='word_1_164' title='bbox 921 1098 1093 1143; x_wconf 87' lang='lat' dir='ltr'>venire:</span> <span class='ocrx_word' id='word_1_165' title='bbox 1128 1097 1240 1152; x_wconf 82' lang='lat' dir='ltr'>cujus</span> 
     </span>
     <span class='ocr_line' id='line_1_23' title="bbox 200 1155 1238 1214; baseline -0.001 -11"><span class='ocrx_word' id='word_1_166' title='bbox 200 1159 300 1214; x_wconf 86' lang='lat' dir='ltr'>legis</span> <span class='ocrx_word' id='word_1_167' title='bbox 325 1158 527 1202; x_wconf 88' lang='lat' dir='ltr'>rationem</span> <span class='ocrx_word' id='word_1_168' title='bbox 565 1156 819 1200; x_wconf 85' lang='lat' dir='ltr'>Phavorinus</span> <span class='ocrx_word' id='word_1_169' title='bbox 847 1155 1118 1212; x_wconf 80' lang='lat' dir='ltr'>Philosophus</span> <span class='ocrx_word' id='word_1_170' title='bbox 1153 1172 1238 1203; x_wconf 85' lang='lat' dir='ltr'>non</span> 
     </span>
     <span class='ocr_line' id='line_1_24' title="bbox 204 1213 1238 1272; baseline -0.001 -12"><span class='ocrx_word' id='word_1_171' title='bbox 204 1217 296 1260; x_wconf 85' lang='lat' dir='ltr'>satis</span> <span class='ocrx_word' id='word_1_172' title='bbox 327 1216 554 1272; x_wconf 85' lang='lat' dir='ltr'>percipiens</span> <span class='ocrx_word' id='word_1_173' title='bbox 586 1215 690 1258; x_wconf 90' lang='lat' dir='ltr'>XII.</span> <span class='ocrx_word' id='word_1_174' title='bbox 728 1214 853 1257; x_wconf 91' lang='lat' dir='ltr'>tabul.</span> <span class='ocrx_word' id='word_1_175' title='bbox 891 1213 1140 1269; x_wconf 86' lang='lat' dir='ltr'>adsperitatis</span> <span class='ocrx_word' id='word_1_176' title='bbox 1171 1230 1238 1259; x_wconf 90' lang='lat' dir='ltr'>ac-</span> 
     </span>
     <span class='ocr_line' id='line_1_25' title="bbox 200 1270 1238 1328; baseline -0.005 -9"><span class='ocrx_word' id='word_1_177' title='bbox 200 1274 388 1319; x_wconf 80' lang='lat' dir='ltr'>cusabat:</span> <span class='ocrx_word' id='word_1_178' title='bbox 423 1271 529 1328; x_wconf 81' lang='lat' dir='ltr'>quali</span> <span class='ocrx_word' id='word_1_179' title='bbox 549 1270 734 1323; x_wconf 84' lang='lat' dir='ltr'>juberent</span> <span class='ocrx_word' id='word_1_180' title='bbox 753 1272 880 1315; x_wconf 88' lang='lat' dir='ltr'>etiam</span> <span class='ocrx_word' id='word_1_181' title='bbox 905 1287 998 1315; x_wconf 90' lang='lat' dir='ltr'>eum</span> <span class='ocrx_word' id='word_1_182' title='bbox 1014 1303 1026 1325; x_wconf 93' lang='lat'><strong>‚</strong></span> <span class='ocrx_word' id='word_1_183' title='bbox 1057 1272 1125 1328; x_wconf 89' lang='lat' dir='ltr'>qui</span> <span class='ocrx_word' id='word_1_184' title='bbox 1146 1288 1238 1328; x_wconf 83' lang='lat' dir='ltr'>gra-</span> 
     </span>
     <span class='ocr_line' id='line_1_26' title="bbox 206 1328 1237 1384; baseline -0.001 -12"><span class='ocrx_word' id='word_1_185' title='bbox 206 1331 331 1375; x_wconf 88' lang='lat' dir='ltr'>vitate</span> <span class='ocrx_word' id='word_1_186' title='bbox 352 1329 484 1373; x_wconf 83' lang='lat' dir='ltr'>morbi</span> <span class='ocrx_word' id='word_1_187' title='bbox 504 1330 705 1373; x_wconf 84' lang='lat' dir='ltr'>cohaerere</span> <span class='ocrx_word' id='word_1_188' title='bbox 726 1344 811 1371; x_wconf 90' lang='lat' dir='ltr'>non</span> <span class='ocrx_word' id='word_1_189' title='bbox 837 1329 954 1384; x_wconf 76' lang='lat' dir='ltr'>possit</span> <span class='ocrx_word' id='word_1_190' title='bbox 971 1359 983 1381; x_wconf 85' lang='lat'>,</span> <span class='ocrx_word' id='word_1_191' title='bbox 1017 1329 1059 1372; x_wconf 89' lang='lat' dir='ltr'>in</span> <span class='ocrx_word' id='word_1_192' title='bbox 1086 1328 1146 1380; x_wconf 79' lang='lat' dir='ltr'>jus</span> <span class='ocrx_word' id='word_1_193' title='bbox 1166 1329 1237 1375; x_wconf 89' lang='lat' dir='ltr'>du-</span> 
     </span>
     <span class='ocr_line' id='line_1_27' title="bbox 202 1384 1237 1442; baseline -0.004 -10"><span class='ocrx_word' id='word_1_194' title='bbox 202 1388 238 1432; x_wconf 88' lang='lat' dir='ltr'>ci</span> <span class='ocrx_word' id='word_1_195' title='bbox 265 1419 278 1442; x_wconf 89' lang='lat'>,</span> <span class='ocrx_word' id='word_1_196' title='bbox 309 1388 369 1431; x_wconf 89' lang='lat' dir='ltr'>uti</span> <span class='ocrx_word' id='word_1_197' title='bbox 402 1386 523 1430; x_wconf 83' lang='lat' dir='ltr'>sunus</span> <span class='ocrx_word' id='word_1_198' title='bbox 552 1387 664 1440; x_wconf 91' lang='lat' dir='ltr'>super</span> <span class='ocrx_word' id='word_1_199' title='bbox 696 1385 882 1437; x_wconf 82' lang='lat' dir='ltr'>jumento</span> <span class='ocrx_word' id='word_1_200' title='bbox 915 1386 996 1428; x_wconf 85' lang='lat' dir='ltr'>fine</span> <span class='ocrx_word' id='word_1_201' title='bbox 1030 1384 1206 1440; x_wconf 85' lang='lat' dir='ltr'>plaustro</span> <span class='ocrx_word' id='word_1_202' title='bbox 1227 1417 1237 1428; x_wconf 85' lang='lat'>.</span> 
     </span>
     <span class='ocr_line' id='line_1_28' title="bbox 201 1441 1236 1501; baseline -0.002 -12"><span class='ocrx_word' id='word_1_203' title='bbox 201 1448 242 1490; x_wconf 79' lang='lat' dir='ltr'>A</span> <span class='ocrx_word' id='word_1_204' title='bbox 267 1460 344 1501; x_wconf 80' lang='lat' dir='ltr'>qua</span> <span class='ocrx_word' id='word_1_205' title='bbox 369 1460 466 1489; x_wconf 89' lang='lat' dir='ltr'>eum</span> <span class='ocrx_word' id='word_1_206' title='bbox 494 1443 718 1500; x_wconf 86' lang='lat' dir='ltr'>opinione,</span> <span class='ocrx_word' id='word_1_207' title='bbox 751 1443 862 1487; x_wconf 85' lang='lat' dir='ltr'>sensu</span> <span class='ocrx_word' id='word_1_208' title='bbox 890 1441 988 1499; x_wconf 85' lang='lat' dir='ltr'>legis</span> <span class='ocrx_word' id='word_1_209' title='bbox 1019 1443 1236 1497; x_wconf 80' lang='lat' dir='ltr'>benignius</span> 
     </span>
     <span class='ocr_line' id='line_1_29' title="bbox 199 1499 1236 1558; baseline -0.004 -11"><span class='ocrx_word' id='word_1_210' title='bbox 199 1501 380 1558; x_wconf 81' lang='lat' dir='ltr'>exposito</span> <span class='ocrx_word' id='word_1_211' title='bbox 405 1534 417 1556; x_wconf 96' lang='lat'>,</span> <span class='ocrx_word' id='word_1_212' title='bbox 461 1500 617 1558; x_wconf 88' lang='lat' dir='ltr'>depulit</span> <span class='ocrx_word' id='word_1_213' title='bbox 661 1500 864 1543; x_wconf 87' lang='lat' dir='ltr'>Coecilius</span> <span class='ocrx_word' id='word_1_214' title='bbox 894 1532 906 1554; x_wconf 92' lang='lat'>,</span> <span class='ocrx_word' id='word_1_215' title='bbox 958 1500 1026 1556; x_wconf 91' lang='lat' dir='ltr'>qui</span> <span class='ocrx_word' id='word_1_216' title='bbox 1060 1499 1236 1550; x_wconf 83' lang='lat' dir='ltr'>jumenti</span> 
     </span>
     <span class='ocr_line' id='line_1_30' title="bbox 200 1557 1237 1614; baseline -0.003 -12"><span class='ocrx_word' id='word_1_217' title='bbox 200 1560 373 1603; x_wconf 87' lang='lat' dir='ltr'>nomine</span> <span class='ocrx_word' id='word_1_218' title='bbox 405 1559 522 1602; x_wconf 88' lang='lat' dir='ltr'>docet</span> <span class='ocrx_word' id='word_1_219' title='bbox 548 1557 767 1614; x_wconf 79' lang='lat' dir='ltr'>significari</span> <span class='ocrx_word' id='word_1_220' title='bbox 802 1573 945 1611; x_wconf 84' lang='lat' dir='ltr'>pecora</span> <span class='ocrx_word' id='word_1_221' title='bbox 976 1557 1115 1608; x_wconf 65' lang='lat' dir='ltr'>junssa</span> <span class='ocrx_word' id='word_1_222' title='bbox 1148 1573 1237 1600; x_wconf 87' lang='lat' dir='ltr'>cur-</span> 
     </span>
     <span class='ocr_line' id='line_1_31' title="bbox 201 1613 1236 1670; baseline -0.004 -10"><span class='ocrx_word' id='word_1_223' title='bbox 201 1616 343 1660; x_wconf 75' lang='lat' dir='ltr'>riculis</span> <span class='ocrx_word' id='word_1_224' title='bbox 364 1616 583 1659; x_wconf 81' lang='lat' dir='ltr'>vehendis:</span> <span class='ocrx_word' id='word_1_225' title='bbox 619 1626 812 1670; x_wconf 88' lang='lat' dir='ltr'>putatque</span> <span class='ocrx_word' id='word_1_226' title='bbox 834 1613 1069 1665; x_wconf 83' lang='lat' dir='ltr'>jumentum</span> <span class='ocrx_word' id='word_1_227' title='bbox 1091 1630 1113 1657; x_wconf 88' lang='lat' dir='ltr'>a</span> <span class='ocrx_word' id='word_1_228' title='bbox 1144 1613 1236 1666; x_wconf 81' lang='lat' dir='ltr'>jun-</span> 
     </span>
     <span class='ocr_line' id='line_1_32' title="bbox 201 1671 1236 1730; baseline -0.003 -13"><span class='ocrx_word' id='word_1_229' title='bbox 201 1676 333 1730; x_wconf 85' lang='lat' dir='ltr'>gendo</span> <span class='ocrx_word' id='word_1_230' title='bbox 357 1673 540 1717; x_wconf 66' lang='lat' dir='ltr'>diRurn:</span> <span class='ocrx_word' id='word_1_231' title='bbox 572 1687 698 1729; x_wconf 91' lang='lat' dir='ltr'>eaque</span> <span class='ocrx_word' id='word_1_232' title='bbox 726 1672 848 1716; x_wconf 88' lang='lat' dir='ltr'>verba</span> <span class='ocrx_word' id='word_1_233' title='bbox 875 1671 972 1726; x_wconf 85' lang='lat' dir='ltr'>legis</span> <span class='ocrx_word' id='word_1_234' title='bbox 995 1687 1166 1714; x_wconf 80' lang='lat' dir='ltr'>arceram</span> <span class='ocrx_word' id='word_1_235' title='bbox 1190 1689 1236 1714; x_wconf 88' lang='lat' dir='ltr'>ne</span> 
     </span>
     <span class='ocr_line' id='line_1_33' title="bbox 192 1728 1238 1786; baseline -0.002 -12"><span class='ocrx_word' id='word_1_236' title='bbox 192 1730 400 1786; x_wconf 66' lang='lat' dir='ltr'>sternitoae,</span> <span class='ocrx_word' id='word_1_237' title='bbox 434 1732 489 1773; x_wconf 89' lang='lat' dir='ltr'>ita</span> <span class='ocrx_word' id='word_1_238' title='bbox 525 1729 703 1786; x_wconf 88' lang='lat' dir='ltr'>explicat</span> <span class='ocrx_word' id='word_1_239' title='bbox 729 1760 744 1782; x_wconf 87' lang='lat'>‚</span> <span class='ocrx_word' id='word_1_240' title='bbox 793 1744 844 1772; x_wconf 92' lang='lat' dir='ltr'>ne</span> <span class='ocrx_word' id='word_1_241' title='bbox 879 1728 1030 1772; x_wconf 90' lang='lat' dir='ltr'>scilicet</span> <span class='ocrx_word' id='word_1_242' title='bbox 1068 1728 1238 1772; x_wconf 80' lang='lat' dir='ltr'>vestibus</span> 
     </span>
     <span class='ocr_line' id='line_1_34' title="bbox 202 1785 1237 1844; baseline -0.003 -13"><span class='ocrx_word' id='word_1_243' title='bbox 202 1788 424 1844; x_wconf 83' lang='lat' dir='ltr'>plaustrum</span> <span class='ocrx_word' id='word_1_244' title='bbox 450 1788 647 1832; x_wconf 86' lang='lat' dir='ltr'>sternatur</span> <span class='ocrx_word' id='word_1_245' title='bbox 667 1818 680 1839; x_wconf 92' lang='lat'>,</span> <span class='ocrx_word' id='word_1_246' title='bbox 712 1796 781 1829; x_wconf 87' lang='lat' dir='ltr'>aut</span> <span class='ocrx_word' id='word_1_247' title='bbox 810 1786 979 1829; x_wconf 88' lang='lat' dir='ltr'>mollius</span> <span class='ocrx_word' id='word_1_248' title='bbox 1005 1785 1237 1829; x_wconf 83' lang='lat' dir='ltr'>instruatur.</span> 
     </span>
     <span class='ocr_line' id='line_1_35' title="bbox 199 1842 1235 1899; baseline -0.002 -10"><span class='ocrx_word' id='word_1_249' title='bbox 199 1847 401 1889; x_wconf 89' lang='lat' dir='ltr'>Ceterum</span> <span class='ocrx_word' id='word_1_250' title='bbox 431 1858 551 1899; x_wconf 79' lang='lat' dir='ltr'>negat</span> <span class='ocrx_word' id='word_1_251' title='bbox 576 1861 597 1887; x_wconf 89' lang='lat' dir='ltr'>a</span> <span class='ocrx_word' id='word_1_252' title='bbox 631 1843 785 1897; x_wconf 81' lang='lat' dir='ltr'>legibus</span> <span class='ocrx_word' id='word_1_253' title='bbox 805 1843 1009 1898; x_wconf 84' lang='lat' dir='ltr'>prohiberi</span> <span class='ocrx_word' id='word_1_254' title='bbox 1044 1842 1235 1898; x_wconf 85' lang='lat' dir='ltr'>plaustro-</span> 
     </span>
     <span class='ocr_line' id='line_1_36' title="bbox 200 1898 1235 1953; baseline -0.002 -8"><span class='ocrx_word' id='word_1_255' title='bbox 200 1918 293 1946; x_wconf 86' lang='lat' dir='ltr'>rum</span> <span class='ocrx_word' id='word_1_256' title='bbox 319 1902 433 1946; x_wconf 85' lang='lat' dir='ltr'>usum</span> <span class='ocrx_word' id='word_1_257' title='bbox 467 1904 514 1946; x_wconf 90' lang='lat' dir='ltr'>ad</span> <span class='ocrx_word' id='word_1_258' title='bbox 540 1901 773 1945; x_wconf 84' lang='lat' dir='ltr'>vehendum</span> <span class='ocrx_word' id='word_1_259' title='bbox 800 1916 938 1944; x_wconf 87' lang='lat' dir='ltr'>reurn.</span> <span class='ocrx_word' id='word_1_260' title='bbox 969 1898 1033 1953; x_wconf 86' lang='lat' dir='ltr'>(s)</span> <span class='ocrx_word' id='word_1_261' title='bbox 1063 1902 1156 1943; x_wconf 91' lang='lat' dir='ltr'>Nec</span> <span class='ocrx_word' id='word_1_262' title='bbox 1182 1901 1235 1944; x_wconf 91' lang='lat' dir='ltr'>ci-</span> 
     </span>
     <span class='ocr_line' id='line_1_37' title="bbox 200 1956 1237 2014; baseline -0.002 -12"><span class='ocrx_word' id='word_1_263' title='bbox 200 1961 261 2003; x_wconf 86' lang='lat' dir='ltr'>vis</span> <span class='ocrx_word' id='word_1_264' title='bbox 287 1972 448 2004; x_wconf 89' lang='lat' dir='ltr'>tantum</span> <span class='ocrx_word' id='word_1_265' title='bbox 484 1959 731 2014; x_wconf 87' lang='lat' dir='ltr'>compellere</span> <span class='ocrx_word' id='word_1_266' title='bbox 768 1971 929 2012; x_wconf 86' lang='lat' dir='ltr'>poterat</span> <span class='ocrx_word' id='word_1_267' title='bbox 962 1973 1076 2001; x_wconf 90' lang='lat' dir='ltr'>reum</span> <span class='ocrx_word' id='word_1_268' title='bbox 1102 1957 1149 2000; x_wconf 89' lang='lat' dir='ltr'>ad</span> <span class='ocrx_word' id='word_1_269' title='bbox 1176 1956 1237 2009; x_wconf 86' lang='lat' dir='ltr'>ju-</span> 
     </span>
     <span class='ocr_line' id='line_1_38' title="bbox 197 2014 1230 2071; baseline -0.002 -12"><span class='ocrx_word' id='word_1_270' title='bbox 197 2017 353 2060; x_wconf 84' lang='lat' dir='ltr'>dicium</span> <span class='ocrx_word' id='word_1_271' title='bbox 386 2017 662 2070; x_wconf 80' lang='lat' dir='ltr'>subeundum3</span> <span class='ocrx_word' id='word_1_272' title='bbox 695 2015 755 2058; x_wconf 90' lang='lat' dir='ltr'>sed</span> <span class='ocrx_word' id='word_1_273' title='bbox 790 2016 916 2059; x_wconf 87' lang='lat' dir='ltr'>etiam</span> <span class='ocrx_word' id='word_1_274' title='bbox 953 2014 1187 2071; x_wconf 80' lang='lat' dir='ltr'>peregrinus</span> <span class='ocrx_word' id='word_1_275' title='bbox 1219 2047 1230 2068; x_wconf 91' lang='lat'>,</span> 
     </span>
     <span class='ocr_line' id='line_1_39' title="bbox 198 2071 1236 2131; baseline -0.003 -13"><span class='ocrx_word' id='word_1_276' title='bbox 198 2090 322 2131; x_wconf 87' lang='lat' dir='ltr'>quem</span> <span class='ocrx_word' id='word_1_277' title='bbox 351 2087 510 2117; x_wconf 89' lang='lat' dir='ltr'>veteres</span> <span class='ocrx_word' id='word_1_278' title='bbox 535 2074 738 2118; x_wconf 88' lang='lat' dir='ltr'>vocabant</span> <span class='ocrx_word' id='word_1_279' title='bbox 771 2071 939 2126; x_wconf 76' lang='lat' dir='ltr'>hostem,</span> <span class='ocrx_word' id='word_1_280' title='bbox 971 2073 1086 2116; x_wconf 85' lang='lat' dir='ltr'>cuius</span> <span class='ocrx_word' id='word_1_281' title='bbox 1124 2074 1236 2116; x_wconf 86' lang='lat' dir='ltr'>vocis</span> 
     </span>
     <span class='ocr_line' id='line_1_40' title="bbox 198 2129 1239 2186; baseline -0.002 -12"><span class='ocrx_word' id='word_1_282' title='bbox 198 2145 319 2175; x_wconf 81' lang='lat' dir='ltr'>antea</span> <span class='ocrx_word' id='word_1_283' title='bbox 347 2131 516 2185; x_wconf 89' lang='lat' dir='ltr'>mitior,</span> <span class='ocrx_word' id='word_1_284' title='bbox 550 2131 632 2186; x_wconf 90' lang='lat' dir='ltr'>post</span> <span class='ocrx_word' id='word_1_285' title='bbox 664 2145 762 2174; x_wconf 87' lang='lat' dir='ltr'>vero</span> <span class='ocrx_word' id='word_1_286' title='bbox 789 2130 1034 2186; x_wconf 84' lang='lat' dir='ltr'>significatio</span> <span class='ocrx_word' id='word_1_287' title='bbox 1058 2129 1139 2174; x_wconf 83' lang='lat' dir='ltr'>fuit</span> <span class='ocrx_word' id='word_1_288' title='bbox 1169 2131 1239 2173; x_wconf 87' lang='lat' dir='ltr'>ad-</span> 
     </span>
     <span class='ocr_line' id='line_1_41' title="bbox 199 2187 1234 2244; baseline 0 -13"><span class='ocrx_word' id='word_1_289' title='bbox 199 2189 376 2242; x_wconf 81' lang='lat' dir='ltr'>sperior3</span> <span class='ocrx_word' id='word_1_290' title='bbox 409 2189 568 2232; x_wconf 88' lang='lat' dir='ltr'>notavit</span> <span class='ocrx_word' id='word_1_291' title='bbox 591 2187 707 2231; x_wconf 87' lang='lat' dir='ltr'>enirn</span> <span class='ocrx_word' id='word_1_292' title='bbox 743 2187 844 2230; x_wconf 88' lang='lat' dir='ltr'>solos</span> <span class='ocrx_word' id='word_1_293' title='bbox 877 2187 1072 2231; x_wconf 89' lang='lat' dir='ltr'>inimicos</span> <span class='ocrx_word' id='word_1_294' title='bbox 1091 2187 1234 2244; x_wconf 80' lang='lat' dir='ltr'>populi</span> 
     </span>
     <span class='ocr_line' id='line_1_42' title="bbox 200 2243 1238 2300; baseline 0 -12"><span class='ocrx_word' id='word_1_295' title='bbox 200 2246 408 2297; x_wconf 87' lang='lat' dir='ltr'>Romani,</span> <span class='ocrx_word' id='word_1_296' title='bbox 443 2261 530 2300; x_wconf 81' lang='lat' dir='ltr'>quae</span> <span class='ocrx_word' id='word_1_297' title='bbox 561 2258 680 2288; x_wconf 84' lang='lat' dir='ltr'>antea</span> <span class='ocrx_word' id='word_1_298' title='bbox 713 2243 1012 2300; x_wconf 78' lang='lat' dir='ltr'>significaverat</span> <span class='ocrx_word' id='word_1_299' title='bbox 1050 2245 1092 2288; x_wconf 87' lang='lat'>&amp;</span> <span class='ocrx_word' id='word_1_300' title='bbox 1125 2260 1238 2300; x_wconf 81' lang='lat' dir='ltr'>pere-</span> 
     </span>
     <span class='ocr_line' id='line_1_43' title="bbox 199 2301 1235 2359; baseline 0 -14"><span class='ocrx_word' id='word_1_301' title='bbox 199 2302 364 2359; x_wconf 78' lang='lat' dir='ltr'>grinos.</span> <span class='ocrx_word' id='word_1_302' title='bbox 396 2303 575 2358; x_wconf 86' lang='lat' dir='ltr'>Eratque</span> <span class='ocrx_word' id='word_1_303' title='bbox 604 2302 668 2345; x_wconf 81' lang='lat' dir='ltr'>lex</span> <span class='ocrx_word' id='word_1_304' title='bbox 686 2332 697 2352; x_wconf 78' lang='lat'>,</span> <span class='ocrx_word' id='word_1_305' title='bbox 730 2314 774 2344; x_wconf 91' lang='lat' dir='ltr'>ut</span> <span class='ocrx_word' id='word_1_306' title='bbox 803 2301 1033 2353; x_wconf 64' lang='lat' dir='ltr'>conjee‘tura</span> <span class='ocrx_word' id='word_1_307' title='bbox 1053 2301 1139 2345; x_wconf 87' lang='lat' dir='ltr'>erui</span> <span class='ocrx_word' id='word_1_308' title='bbox 1169 2318 1235 2358; x_wconf 91' lang='lat' dir='ltr'>po-</span> 
     </span>
     <span class='ocr_line' id='line_1_44' title="bbox 200 2353 1238 2415; baseline -0.001 -12"><span class='ocrx_word' id='word_1_309' title='bbox 200 2361 280 2404; x_wconf 87' lang='lat' dir='ltr'>tuit</span> <span class='ocrx_word' id='word_1_310' title='bbox 311 2376 360 2404; x_wconf 87' lang='lat' dir='ltr'>ex</span> <span class='ocrx_word' id='word_1_311' title='bbox 394 2359 531 2403; x_wconf 86' lang='lat' dir='ltr'>Cic.1.</span> <span class='ocrx_word' id='word_1_312' title='bbox 558 2360 605 2401; x_wconf 80' lang='lat' dir='ltr'>de</span> <span class='ocrx_word' id='word_1_313' title='bbox 623 2357 723 2415; x_wconf 84' lang='lat' dir='ltr'>offic.</span> <span class='ocrx_word' id='word_1_314' title='bbox 756 2375 778 2404; x_wconf 88' lang='lat' dir='ltr'>e</span> <span class='ocrx_word' id='word_1_315' title='bbox 812 2358 957 2403; x_wconf 87' lang='lat' dir='ltr'>Plauto</span> <span class='ocrx_word' id='word_1_316' title='bbox 987 2359 1031 2403; x_wconf 91' lang='lat' dir='ltr'>in</span> <span class='ocrx_word' id='word_1_317' title='bbox 1074 2353 1238 2403; x_wconf 76' lang='lat' dir='ltr'>Curcid.</span> 
     </span>
     <span class='ocr_line' id='line_1_45' title="bbox 200 2415 615 2474; baseline -0.007 -13"><span class='ocrx_word' id='word_1_318' title='bbox 200 2417 348 2474; x_wconf 88' lang='lat' dir='ltr'>scripta</span> <span class='ocrx_word' id='word_1_319' title='bbox 373 2416 436 2460; x_wconf 86' lang='lat' dir='ltr'>his</span> <span class='ocrx_word' id='word_1_320' title='bbox 457 2415 615 2461; x_wconf 85' lang='lat' dir='ltr'>verbis:</span> 
     </span>
    </p>
   </div>
   <div class='ocr_carea' id='block_1_7' title="bbox 769 2550 873 2561">
    <p class='ocr_par' dir='ltr' id='par_1_7' title="bbox 769 2550 873 2561">
     <span class='ocr_line' id='line_1_46' title="bbox 769 2550 873 2561; baseline 0 0"><span class='ocrx_word' id='word_1_321' title='bbox 769 2550 873 2561; x_wconf 95' lang='lat' dir='ltr'> </span> 
     </span>
    </p>
   </div>
   <div class='ocr_carea' id='block_1_8' title="bbox 981 2552 1085 2560">
    <p class='ocr_par' dir='ltr' id='par_1_8' title="bbox 981 2552 1085 2560">
     <span class='ocr_line' id='line_1_47' title="bbox 981 2552 1085 2560; baseline 0 0"><span class='ocrx_word' id='word_1_322' title='bbox 981 2552 1085 2560; x_wconf 95' lang='lat' dir='ltr'> </span> 
     </span>
    </p>
   </div>
   <div class='ocr_carea' id='block_1_9' title="bbox 1087 2552 1242 2562">
    <p class='ocr_par' dir='ltr' id='par_1_9' title="bbox 1087 2552 1242 2562">
     <span class='ocr_line' id='line_1_48' title="bbox 1087 2552 1242 2562; baseline 0 917"><span class='ocrx_word' id='word_1_323' title='bbox 1087 2552 1242 2562; x_wconf 95' lang='lat' dir='ltr'> </span> 
     </span>
    </p>
   </div>
   <div class='ocr_carea' id='block_1_10' title="bbox 203 2584 1245 3173">
    <p class='ocr_par' dir='ltr' id='par_1_10' title="bbox 203 2584 1240 2666">
     <span class='ocr_line' id='line_1_49' title="bbox 242 2584 1240 2663; baseline 0.003 -44"><span class='ocrx_word' id='word_1_324' title='bbox 242 2587 308 2663; x_wconf 63' lang='grc' dir='ltr'>ιρι)</span> <span class='ocrx_word' id='word_1_325' title='bbox 334 2585 441 2620; x_wconf 77' lang='lat' dir='ltr'>Valer.</span> <span class='ocrx_word' id='word_1_326' title='bbox 457 2588 480 2618; x_wconf 84' lang='lat'>1.</span> <span class='ocrx_word' id='word_1_327' title='bbox 500 2597 531 2618; x_wconf 87' lang='lat'>2.</span> <span class='ocrx_word' id='word_1_328' title='bbox 547 2588 745 2619; x_wconf 85' lang='lat' dir='ltr'>Hottornan.</span> <span class='ocrx_word' id='word_1_329' title='bbox 761 2587 797 2619; x_wconf 76' lang='lat' dir='ltr'>in</span> <span class='ocrx_word' id='word_1_330' title='bbox 810 2587 875 2629; x_wconf 74' lang='lat' dir='ltr'>leg.</span> <span class='ocrx_word' id='word_1_331' title='bbox 893 2588 977 2618; x_wconf 79' lang='lat' dir='ltr'>XII.</span> <span class='ocrx_word' id='word_1_332' title='bbox 995 2584 1097 2620; x_wconf 77' lang='lat' dir='ltr'>nbul-</span> <span class='ocrx_word' id='word_1_333' title='bbox 1115 2589 1149 2620; x_wconf 87' lang='lat' dir='ltr'>V.</span> <span class='ocrx_word' id='word_1_334' title='bbox 1167 2600 1199 2622; x_wconf 85' lang='lat' dir='ltr'>v.</span> <span class='ocrx_word' id='word_1_335' title='bbox 1217 2587 1240 2621; x_wconf 77' lang='lat' dir='ltr'>s!</span> 
     </span>
     <span class='ocr_line' id='line_1_50' title="bbox 203 2641 369 2666; baseline -0.018 0"><span class='ocrx_word' id='word_1_336' title='bbox 203 2642 239 2666; x_wconf 81' lang='lat' dir='ltr'>ca</span> <span class='ocrx_word' id='word_1_337' title='bbox 258 2641 346 2664; x_wconf 77' lang='lat' dir='ltr'>vitur</span> <span class='ocrx_word' id='word_1_338' title='bbox 361 2654 369 2663; x_wconf 88' lang='lat'>.</span> 
     </span>
    </p>

    <p class='ocr_par' dir='ltr' id='par_1_11' title="bbox 251 2674 903 2718">
     <span class='ocr_line' id='line_1_51' title="bbox 251 2674 903 2718; baseline 0.002 -11"><span class='ocrx_word' id='word_1_339' title='bbox 251 2675 303 2715; x_wconf 77' lang='lat' dir='ltr'>(b)</span> <span class='ocrx_word' id='word_1_340' title='bbox 334 2679 428 2707; x_wconf 84' lang='lat' dir='ltr'>L.22.</span> <span class='ocrx_word' id='word_1_341' title='bbox 449 2675 485 2707; x_wconf 73' lang='lat' dir='ltr'>in</span> <span class='ocrx_word' id='word_1_342' title='bbox 499 2676 601 2718; x_wconf 70' lang='lat' dir='ltr'>princ.</span> <span class='ocrx_word' id='word_1_343' title='bbox 614 2674 654 2718; x_wconf 68' lang='lat' dir='ltr'>ff.</span> <span class='ocrx_word' id='word_1_344' title='bbox 669 2677 706 2709; x_wconf 77' lang='lat' dir='ltr'>de</span> <span class='ocrx_word' id='word_1_345' title='bbox 719 2676 754 2708; x_wconf 74' lang='lat' dir='ltr'>in</span> <span class='ocrx_word' id='word_1_346' title='bbox 767 2675 820 2713; x_wconf 71' lang='lat' dir='ltr'>jus</span> <span class='ocrx_word' id='word_1_347' title='bbox 833 2686 903 2709; x_wconf 72' lang='lat' dir='ltr'>voc.</span> 
     </span>
    </p>

    <p class='ocr_par' dir='ltr' id='par_1_12' title="bbox 247 2719 899 2763">
     <span class='ocr_line' id='line_1_52' title="bbox 247 2719 899 2763; baseline 0.002 -11"><span class='ocrx_word' id='word_1_348' title='bbox 247 2719 301 2760; x_wconf 79' lang='lat' dir='ltr'>(c)</span> <span class='ocrx_word' id='word_1_349' title='bbox 325 2721 422 2751; x_wconf 54' lang='lat'>1018.</span> <span class='ocrx_word' id='word_1_350' title='bbox 440 2730 508 2751; x_wconf 68' lang='lat' dir='ltr'>turn</span> <span class='ocrx_word' id='word_1_351' title='bbox 518 2719 638 2763; x_wconf 73' lang='lat' dir='ltr'>seq-ff.</span> <span class='ocrx_word' id='word_1_352' title='bbox 657 2722 695 2754; x_wconf 72' lang='lat' dir='ltr'>de</span> <span class='ocrx_word' id='word_1_353' title='bbox 711 2723 746 2753; x_wconf 77' lang='lat' dir='ltr'>in</span> <span class='ocrx_word' id='word_1_354' title='bbox 759 2720 811 2759; x_wconf 76' lang='lat' dir='ltr'>jus</span> <span class='ocrx_word' id='word_1_355' title='bbox 830 2732 899 2760; x_wconf 70' lang='grc' dir='ltr'>υσε-</span> 
     </span>
    </p>

    <p class='ocr_par' dir='ltr' id='par_1_13' title="bbox 247 2765 593 2805">
     <span class='ocr_line' id='line_1_53' title="bbox 247 2765 593 2805; baseline -0.006 -8"><span class='ocrx_word' id='word_1_356' title='bbox 247 2766 309 2805; x_wconf 81' lang='lat' dir='ltr'>(d)</span> <span class='ocrx_word' id='word_1_357' title='bbox 337 2767 432 2803; x_wconf 82' lang='lat' dir='ltr'>L.19.</span> <span class='ocrx_word' id='word_1_358' title='bbox 459 2765 565 2796; x_wconf 76' lang='lat' dir='ltr'>eodm</span> <span class='ocrx_word' id='word_1_359' title='bbox 584 2786 593 2795; x_wconf 86' lang='lat'>.</span> 
     </span>
    </p>

    <p class='ocr_par' dir='ltr' id='par_1_14' title="bbox 248 2807 585 2851">
     <span class='ocr_line' id='line_1_54' title="bbox 248 2807 585 2851; baseline -0.012 -9"><span class='ocrx_word' id='word_1_360' title='bbox 248 2811 305 2851; x_wconf 79' lang='lat' dir='ltr'>(e)</span> <span class='ocrx_word' id='word_1_361' title='bbox 332 2812 367 2842; x_wconf 86' lang='lat' dir='ltr'>L.</span> <span class='ocrx_word' id='word_1_362' title='bbox 380 2820 405 2841; x_wconf 76' lang='grc' dir='ltr'>ι.</span> <span class='ocrx_word' id='word_1_363' title='bbox 421 2807 456 2849; x_wconf 67' lang='lat' dir='ltr'>ff.</span> <span class='ocrx_word' id='word_1_364' title='bbox 473 2810 510 2840; x_wconf 82' lang='lat' dir='ltr'>de</span> <span class='ocrx_word' id='word_1_365' title='bbox 520 2810 585 2850; x_wconf 75' lang='lat' dir='ltr'>for.</span> 
     </span>
    </p>

    <p class='ocr_par' dir='ltr' id='par_1_15' title="bbox 247 2852 677 2896">
     <span class='ocr_line' id='line_1_55' title="bbox 247 2852 677 2896; baseline -0.009 -8"><span class='ocrx_word' id='word_1_366' title='bbox 247 2856 309 2896; x_wconf 85' lang='lat' dir='ltr'>(f)</span> <span class='ocrx_word' id='word_1_367' title='bbox 334 2855 418 2888; x_wconf 81' lang='lat' dir='ltr'>Gell.</span> <span class='ocrx_word' id='word_1_368' title='bbox 436 2852 551 2885; x_wconf 67' lang='lat' dir='ltr'>lib-zo.</span> <span class='ocrx_word' id='word_1_369' title='bbox 572 2860 638 2894; x_wconf 75' lang='lat' dir='ltr'>cap.</span> <span class='ocrx_word' id='word_1_370' title='bbox 651 2864 677 2884; x_wconf 83' lang='lat'>1.</span> 
     </span>
    </p>

    <p class='ocr_par' dir='ltr' id='par_1_16' title="bbox 207 2896 1242 3071">
     <span class='ocr_line' id='line_1_56' title="bbox 250 2896 1241 2942; baseline 0.001 -11"><span class='ocrx_word' id='word_1_371' title='bbox 250 2903 300 2942; x_wconf 67' lang='lat'>(0‘)</span> <span class='ocrx_word' id='word_1_372' title='bbox 331 2903 382 2934; x_wconf 83' lang='lat' dir='ltr'>Ita</span> <span class='ocrx_word' id='word_1_373' title='bbox 398 2898 481 2931; x_wconf 82' lang='lat' dir='ltr'>hanc</span> <span class='ocrx_word' id='word_1_374' title='bbox 507 2899 609 2939; x_wconf 77' lang='lat' dir='ltr'>legem</span> <span class='ocrx_word' id='word_1_375' title='bbox 626 2909 664 2931; x_wconf 87' lang='lat' dir='ltr'>ex</span> <span class='ocrx_word' id='word_1_376' title='bbox 682 2896 751 2931; x_wconf 81' lang='lat' dir='ltr'>Cic.</span> <span class='ocrx_word' id='word_1_377' title='bbox 766 2898 804 2930; x_wconf 81' lang='lat' dir='ltr'>de</span> <span class='ocrx_word' id='word_1_378' title='bbox 819 2896 872 2940; x_wconf 68' lang='lat' dir='ltr'>off</span> <span class='ocrx_word' id='word_1_379' title='bbox 892 2900 972 2931; x_wconf 76' lang='lat' dir='ltr'>t-u.</span> <span class='ocrx_word' id='word_1_380' title='bbox 1002 2899 1031 2930; x_wconf 73' lang='grc' dir='ltr'>ἃ</span> <span class='ocrx_word' id='word_1_381' title='bbox 1063 2899 1181 2936; x_wconf 74' lang='lat' dir='ltr'>Plauto</span> <span class='ocrx_word' id='word_1_382' title='bbox 1205 2902 1241 2935; x_wconf 75' lang='lat' dir='ltr'>in</span> 
     </span>
     <span class='ocr_line' id='line_1_57' title="bbox 208 2942 1242 2989; baseline 0 -11"><span class='ocrx_word' id='word_1_383' title='bbox 208 2948 397 2980; x_wconf 73' lang='lat' dir='ltr'>Curculione</span> <span class='ocrx_word' id='word_1_384' title='bbox 418 2942 480 2976; x_wconf 58' lang='lat' dir='ltr'>A&amp;</span> <span class='ocrx_word' id='word_1_385' title='bbox 495 2946 525 2975; x_wconf 88' lang='grc' dir='ltr'>Ι.</span> <span class='ocrx_word' id='word_1_386' title='bbox 541 2943 631 2975; x_wconf 69' lang='lat' dir='ltr'>JeJ.</span> <span class='ocrx_word' id='word_1_387' title='bbox 647 2952 715 2981; x_wconf 71' lang='lat' dir='ltr'>v·33·</span> <span class='ocrx_word' id='word_1_388' title='bbox 731 2951 803 2976; x_wconf 87' lang='lat' dir='ltr'>tum</span> <span class='ocrx_word' id='word_1_389' title='bbox 818 2953 946 2985; x_wconf 86' lang='lat' dir='ltr'>quoque</span> <span class='ocrx_word' id='word_1_390' title='bbox 962 2947 997 2976; x_wconf 86' lang='lat'>1..</span> <span class='ocrx_word' id='word_1_391' title='bbox 1014 2945 1131 2978; x_wconf 86' lang='lat' dir='ltr'>Cincio</span> <span class='ocrx_word' id='word_1_392' title='bbox 1155 2946 1242 2989; x_wconf 84' lang='lat' dir='ltr'>apud</span> 
     </span>
     <span class='ocr_line' id='line_1_58' title="bbox 207 2987 1240 3032; baseline 0 -8"><span class='ocrx_word' id='word_1_393' title='bbox 207 2992 352 3027; x_wconf 79' lang='lat' dir='ltr'>Gellium</span> <span class='ocrx_word' id='word_1_394' title='bbox 371 2993 394 3023; x_wconf 86' lang='lat'>1.</span> <span class='ocrx_word' id='word_1_395' title='bbox 414 2991 507 3021; x_wconf 80' lang='lat' dir='ltr'>XVI.</span> <span class='ocrx_word' id='word_1_396' title='bbox 525 2996 629 3030; x_wconf 56' lang='lat' dir='ltr'>caym}-</span> <span class='ocrx_word' id='word_1_397' title='bbox 644 2987 782 3020; x_wconf 85' lang='lat' dir='ltr'>exhibet</span> <span class='ocrx_word' id='word_1_398' title='bbox 810 2988 981 3022; x_wconf 83' lang='lat' dir='ltr'>Marcilius</span> <span class='ocrx_word' id='word_1_399' title='bbox 1007 2992 1064 3023; x_wconf 77' lang='lat' dir='ltr'>col.</span> <span class='ocrx_word' id='word_1_400' title='bbox 1083 3003 1156 3032; x_wconf 84' lang='lat'>233.</span> <span class='ocrx_word' id='word_1_401' title='bbox 1174 2995 1240 3026; x_wconf 88' lang='lat' dir='ltr'>Go-</span> 
     </span>
     <span class='ocr_line' id='line_1_59' title="bbox 208 3032 902 3071; baseline -0.006 -1"><span class='ocrx_word' id='word_1_402' title='bbox 208 3036 363 3071; x_wconf 78' lang='lat' dir='ltr'>thosredo</span> <span class='ocrx_word' id='word_1_403' title='bbox 383 3035 560 3067; x_wconf 83' lang='lat' dir='ltr'>omittente</span> <span class='ocrx_word' id='word_1_404' title='bbox 575 3043 690 3066; x_wconf 87' lang='lat' dir='ltr'>vocem</span> <span class='ocrx_word' id='word_1_405' title='bbox 705 3032 874 3066; x_wconf 71' lang='lat' dir='ltr'>condistus</span> <span class='ocrx_word' id='word_1_406' title='bbox 893 3057 902 3066; x_wconf 96' lang='lat'>.</span> 
     </span>
    </p>

    <p class='ocr_par' dir='ltr' id='par_1_17' title="bbox 211 3079 1245 3173">
     <span class='ocr_line' id='line_1_60' title="bbox 254 3079 1244 3123; baseline 0.001 -10"><span class='ocrx_word' id='word_1_407' title='bbox 254 3082 330 3123; x_wconf 55' lang='lat'>2³⁴¹)</span> <span class='ocrx_word' id='word_1_408' title='bbox 357 3085 433 3113; x_wconf 76' lang='lat' dir='ltr'>Haec</span> <span class='ocrx_word' id='word_1_409' title='bbox 449 3080 547 3112; x_wconf 75' lang='lat' dir='ltr'>verba</span> <span class='ocrx_word' id='word_1_410' title='bbox 563 3089 629 3112; x_wconf 89' lang='lat' dir='ltr'>non</span> <span class='ocrx_word' id='word_1_411' title='bbox 646 3087 839 3121; x_wconf 76' lang='lat' dir='ltr'>comparent</span> <span class='ocrx_word' id='word_1_412' title='bbox 873 3079 906 3112; x_wconf 88' lang='lat' dir='ltr'>in</span> <span class='ocrx_word' id='word_1_413' title='bbox 930 3079 1119 3120; x_wconf 80' lang='lat' dir='ltr'>quibusdam</span> <span class='ocrx_word' id='word_1_414' title='bbox 1149 3083 1244 3117; x_wconf 72' lang='lat' dir='ltr'>libris</span> 
     </span>
     <span class='ocr_line' id='line_1_61' title="bbox 211 3123 1245 3173; baseline 0 -11"><span class='ocrx_word' id='word_1_415' title='bbox 211 3124 441 3169; x_wconf 75' lang='lat' dir='ltr'>manuscriptis</span> <span class='ocrx_word' id='word_1_416' title='bbox 457 3147 468 3166; x_wconf 87' lang='lat'>,</span> <span class='ocrx_word' id='word_1_417' title='bbox 495 3124 524 3158; x_wconf 72' lang='grc' dir='ltr'>δι</span> <span class='ocrx_word' id='word_1_418' title='bbox 547 3124 582 3158; x_wconf 85' lang='lat' dir='ltr'>in</span> <span class='ocrx_word' id='word_1_419' title='bbox 600 3123 739 3167; x_wconf 75' lang='lat' dir='ltr'>optimis</span> <span class='ocrx_word' id='word_1_420' title='bbox 764 3123 965 3160; x_wconf 70' lang='lat' dir='ltr'>editionibus</span> <span class='ocrx_word' id='word_1_421' title='bbox 994 3126 1063 3161; x_wconf 78' lang='lat' dir='ltr'>Cic.</span> <span class='ocrx_word' id='word_1_422' title='bbox 1091 3129 1129 3162; x_wconf 73' lang='lat' dir='ltr'>de</span> <span class='ocrx_word' id='word_1_423' title='bbox 1142 3130 1245 3173; x_wconf 74' lang='lat' dir='ltr'>legib.</span> 
     </span>
    </p>
   </div>
   <div class='ocr_carea' id='block_1_11' title="bbox 663 2553 768 2560">
    <p class='ocr_par' dir='ltr' id='par_1_18' title="bbox 663 2553 768 2560">
     <span class='ocr_line' id='line_1_62' title="bbox 663 2553 768 2560; baseline 0 0"><span class='ocrx_word' id='word_1_424' title='bbox 663 2553 768 2560; x_wconf 95' lang='lat' dir='ltr'> </span> 
     </span>
    </p>
   </div>
   <div class='ocr_carea' id='block_1_12' title="bbox 204 2553 307 2564">
    <p class='ocr_par' dir='ltr' id='par_1_19' title="bbox 204 2553 307 2564">
     <span class='ocr_line' id='line_1_63' title="bbox 204 2553 307 2564; baseline 0 0"><span class='ocrx_word' id='word_1_425' title='bbox 204 2553 307 2564; x_wconf 95' lang='lat' dir='ltr'> </span> 
     </span>
    </p>
   </div>
   <div class='ocr_carea' id='block_1_13' title="bbox 310 2553 521 2562">
    <p class='ocr_par' dir='ltr' id='par_1_20' title="bbox 310 2553 521 2562">
     <span class='ocr_line' id='line_1_64' title="bbox 310 2553 521 2562; baseline 0 0"><span class='ocrx_word' id='word_1_426' title='bbox 310 2553 521 2562; x_wconf 95' lang='lat' dir='ltr'> </span> 
     </span>
    </p>
   </div>
   <div class='ocr_carea' id='block_1_14' title="bbox 1289 642 2333 1030">
    <p class='ocr_par' dir='ltr' id='par_1_21' title="bbox 1289 642 2333 1030">
     <span class='ocr_line' id='line_1_65' title="bbox 1291 642 2333 702; baseline 0.006 -17"><span class='ocrx_word' id='word_1_427' title='bbox 1291 654 1387 685; x_wconf 90' lang='lat' dir='ltr'>eant</span> <span class='ocrx_word' id='word_1_428' title='bbox 1403 673 1413 683; x_wconf 89' lang='lat'>.</span> <span class='ocrx_word' id='word_1_429' title='bbox 1451 642 1526 686; x_wconf 91' lang='lat' dir='ltr'>Sed</span> <span class='ocrx_word' id='word_1_430' title='bbox 1544 642 1627 695; x_wconf 79' lang='lat' dir='ltr'>jam</span> <span class='ocrx_word' id='word_1_431' title='bbox 1649 643 1788 701; x_wconf 86' lang='lat' dir='ltr'>legum</span> <span class='ocrx_word' id='word_1_432' title='bbox 1814 642 2029 698; x_wconf 83' lang='lat' dir='ltr'>reliquias,</span> <span class='ocrx_word' id='word_1_433' title='bbox 2053 658 2257 702; x_wconf 86' lang='lat' dir='ltr'>utcunque</span> <span class='ocrx_word' id='word_1_434' title='bbox 2282 649 2333 691; x_wconf 90' lang='lat' dir='ltr'>ab</span> 
     </span>
     <span class='ocr_line' id='line_1_66' title="bbox 1289 699 2329 755; baseline 0.006 -13"><span class='ocrx_word' id='word_1_435' title='bbox 1289 699 1460 743; x_wconf 85' lang='lat' dir='ltr'>eruditis</span> <span class='ocrx_word' id='word_1_436' title='bbox 1496 701 1651 744; x_wconf 62' lang='lat' dir='ltr'>coaRas</span> <span class='ocrx_word' id='word_1_437' title='bbox 1694 699 1947 755; x_wconf 80' lang='lat' dir='ltr'>proferamus</span> <span class='ocrx_word' id='word_1_438' title='bbox 1975 730 1988 751; x_wconf 90' lang='lat'>,</span> <span class='ocrx_word' id='word_1_439' title='bbox 2019 701 2329 748; x_wconf 88' lang='lat' dir='ltr'>Gothofredum</span> 
     </span>
     <span class='ocr_line' id='line_1_67' title="bbox 1292 755 2331 814; baseline 0.003 -15"><span class='ocrx_word' id='word_1_440' title='bbox 1292 756 1524 813; x_wconf 86' lang='lat' dir='ltr'>sequentes,</span> <span class='ocrx_word' id='word_1_441' title='bbox 1557 758 1624 814; x_wconf 89' lang='lat' dir='ltr'>qui</span> <span class='ocrx_word' id='word_1_442' title='bbox 1672 772 1798 799; x_wconf 81' lang='lat' dir='ltr'>unam</span> <span class='ocrx_word' id='word_1_443' title='bbox 1831 755 2040 800; x_wconf 82' lang='lat' dir='ltr'>constituit</span> <span class='ocrx_word' id='word_1_444' title='bbox 2072 773 2121 800; x_wconf 84' lang='lat' dir='ltr'>ex</span> <span class='ocrx_word' id='word_1_445' title='bbox 2154 760 2282 802; x_wconf 88' lang='lat' dir='ltr'>tribus</span> <span class='ocrx_word' id='word_1_446' title='bbox 2316 790 2331 814; x_wconf 83' lang='lat'>‚</span> 
     </span>
     <span class='ocr_line' id='line_1_68' title="bbox 1290 814 2332 870; baseline 0.004 -14"><span class='ocrx_word' id='word_1_447' title='bbox 1290 829 1388 870; x_wconf 84' lang='lat' dir='ltr'>quas</span> <span class='ocrx_word' id='word_1_448' title='bbox 1427 814 1498 858; x_wconf 87' lang='lat' dir='ltr'>alii</span> <span class='ocrx_word' id='word_1_449' title='bbox 1530 815 1715 867; x_wconf 84' lang='lat' dir='ltr'>faciunt,</span> <span class='ocrx_word' id='word_1_450' title='bbox 1748 814 1932 866; x_wconf 74' lang='lat' dir='ltr'>legibus,</span> <span class='ocrx_word' id='word_1_451' title='bbox 1962 828 2135 869; x_wconf 86' lang='lat' dir='ltr'>eamque</span> <span class='ocrx_word' id='word_1_452' title='bbox 2181 816 2224 858; x_wconf 89' lang='lat' dir='ltr'>in</span> <span class='ocrx_word' id='word_1_453' title='bbox 2255 817 2332 860; x_wconf 85' lang='lat' dir='ltr'>tria</span> 
     </span>
     <span class='ocr_line' id='line_1_69' title="bbox 1289 870 2331 927; baseline 0.002 -13"><span class='ocrx_word' id='word_1_454' title='bbox 1289 872 1500 927; x_wconf 83' lang='lat' dir='ltr'>distinguit</span> <span class='ocrx_word' id='word_1_455' title='bbox 1534 872 1699 926; x_wconf 88' lang='lat' dir='ltr'>capita,</span> <span class='ocrx_word' id='word_1_456' title='bbox 1732 870 1840 926; x_wconf 82' lang='lat' dir='ltr'>quod</span> <span class='ocrx_word' id='word_1_457' title='bbox 1871 871 1915 914; x_wconf 71' lang='grc' dir='ltr'>ὅ(</span> <span class='ocrx_word' id='word_1_458' title='bbox 1942 884 2127 914; x_wconf 89' lang='lat' dir='ltr'>veterum</span> <span class='ocrx_word' id='word_1_459' title='bbox 2153 872 2331 916; x_wconf 55' lang='lat' dir='ltr'>ausiori-</span> 
     </span>
     <span class='ocr_line' id='line_1_70' title="bbox 1290 927 2328 1030; baseline 0.003 -59"><span class='ocrx_word' id='word_1_460' title='bbox 1290 941 1372 1030; x_wconf 79' lang='lat' dir='ltr'>tbate</span> <span class='ocrx_word' id='word_1_461' title='bbox 1388 961 1399 983; x_wconf 94' lang='lat'>‚</span> <span class='ocrx_word' id='word_1_462' title='bbox 1421 942 1540 986; x_wconf 90' lang='lat' dir='ltr'>atque</span> <span class='ocrx_word' id='word_1_463' title='bbox 1563 929 1650 986; x_wconf 87' lang='lat' dir='ltr'>ipso</span> <span class='ocrx_word' id='word_1_464' title='bbox 1679 927 1975 973; x_wconf 87' lang='lat' dir='ltr'>sententiarum</span> <span class='ocrx_word' id='word_1_465' title='bbox 1995 944 2107 974; x_wconf 85' lang='lat' dir='ltr'>nexu</span> <span class='ocrx_word' id='word_1_466' title='bbox 2132 945 2328 987; x_wconf 86' lang='lat' dir='ltr'>compro-</span> 
     </span>
     <span class='ocr_line' id='line_1_71' title="bbox 1315 998 1429 1030; baseline -0.009 0"><span class='ocrx_word' id='word_1_467' title='bbox 1315 998 1429 1030; x_wconf 90' lang='lat' dir='ltr'>atur.</span> 
     </span>
    </p>
   </div>
   <div class='ocr_carea' id='block_1_15' title="bbox 1288 1045 2329 1655">
    <p class='ocr_par' dir='ltr' id='par_1_22' title="bbox 1367 1045 2240 1118">
     <span class='ocr_line' id='line_1_72' title="bbox 1367 1045 2240 1118; baseline -0.001 -18"><span class='ocrx_word' id='word_1_468' title='bbox 1367 1046 1420 1100; x_wconf 92' lang='lat' dir='ltr'>Si</span> <span class='ocrx_word' id='word_1_469' title='bbox 1447 1047 1499 1100; x_wconf 89' lang='lat' dir='ltr'>in</span> <span class='ocrx_word' id='word_1_470' title='bbox 1529 1046 1605 1116; x_wconf 87' lang='lat' dir='ltr'>jus</span> <span class='ocrx_word' id='word_1_471' title='bbox 1647 1059 1801 1098; x_wconf 88' lang='lat' dir='ltr'>vocat</span> <span class='ocrx_word' id='word_1_472' title='bbox 1827 1059 1980 1115; x_wconf 90' lang='lat' dir='ltr'>atque</span> <span class='ocrx_word' id='word_1_473' title='bbox 2002 1061 2103 1100; x_wconf 88' lang='lat' dir='ltr'>eat.</span> <span class='ocrx_word' id='word_1_474' title='bbox 2141 1045 2240 1118; x_wconf 76' lang='lat'>(&#39;‘*)</span> 
     </span>
    </p>

    <p class='ocr_par' dir='ltr' id='par_1_23' title="bbox 1289 1121 2329 1274">
     <span class='ocr_line' id='line_1_73' title="bbox 1341 1121 2329 1196; baseline 0.003 -19"><span class='ocrx_word' id='word_1_475' title='bbox 1341 1122 1446 1179; x_wconf 61' lang='lat' dir='ltr'>‘Ni</span> <span class='ocrx_word' id='word_1_476' title='bbox 1503 1123 1543 1178; x_wconf 87' lang='lat' dir='ltr'>it</span> <span class='ocrx_word' id='word_1_477' title='bbox 1597 1121 1972 1177; x_wconf 90' lang='lat' dir='ltr'>antestamino:</span> <span class='ocrx_word' id='word_1_478' title='bbox 2016 1121 2180 1196; x_wconf 86' lang='lat' dir='ltr'>igitur</span> <span class='ocrx_word' id='word_1_479' title='bbox 2240 1143 2329 1180; x_wconf 88' lang='lat' dir='ltr'>em</span> 
     </span>
     <span class='ocr_line' id='line_1_74' title="bbox 1289 1200 1518 1274; baseline -0.009 -18"><span class='ocrx_word' id='word_1_480' title='bbox 1289 1200 1469 1274; x_wconf 90' lang='lat' dir='ltr'>capito</span> <span class='ocrx_word' id='word_1_481' title='bbox 1503 1240 1518 1254; x_wconf 90' lang='lat'>.</span> 
     </span>
    </p>

    <p class='ocr_par' dir='ltr' id='par_1_24' title="bbox 1291 1276 2326 1426">
     <span class='ocr_line' id='line_1_75' title="bbox 1366 1276 2326 1352; baseline 0.002 -20"><span class='ocrx_word' id='word_1_482' title='bbox 1366 1278 1420 1333; x_wconf 88' lang='lat' dir='ltr'>Si</span> <span class='ocrx_word' id='word_1_483' title='bbox 1485 1278 1709 1332; x_wconf 88' lang='lat' dir='ltr'>calvitur</span> <span class='ocrx_word' id='word_1_484' title='bbox 1748 1318 1765 1347; x_wconf 90' lang='lat'>‚</span> <span class='ocrx_word' id='word_1_485' title='bbox 1817 1278 2068 1351; x_wconf 84' lang='lat' dir='ltr'>pedemve</span> <span class='ocrx_word' id='word_1_486' title='bbox 2121 1276 2268 1334; x_wconf 87' lang='lat' dir='ltr'>struit</span> <span class='ocrx_word' id='word_1_487' title='bbox 2306 1321 2326 1352; x_wconf 84' lang='lat'>‚</span> 
     </span>
     <span class='ocr_line' id='line_1_76' title="bbox 1291 1355 1933 1426; baseline -0.002 -17"><span class='ocrx_word' id='word_1_488' title='bbox 1291 1373 1506 1409; x_wconf 88' lang='lat' dir='ltr'>manum</span> <span class='ocrx_word' id='word_1_489' title='bbox 1545 1356 1679 1409; x_wconf 87' lang='lat' dir='ltr'>endo</span> <span class='ocrx_word' id='word_1_490' title='bbox 1721 1355 1883 1426; x_wconf 75' lang='lat' dir='ltr'>jacito</span> <span class='ocrx_word' id='word_1_491' title='bbox 1920 1396 1933 1408; x_wconf 92' lang='lat'>.</span> 
     </span>
    </p>

    <p class='ocr_par' dir='ltr' id='par_1_25' title="bbox 1288 1430 2328 1655">
     <span class='ocr_line' id='line_1_77' title="bbox 1367 1430 2328 1505; baseline 0.001 -18"><span class='ocrx_word' id='word_1_492' title='bbox 1367 1435 1419 1487; x_wconf 82' lang='lat' dir='ltr'>Si</span> <span class='ocrx_word' id='word_1_493' title='bbox 1450 1434 1662 1486; x_wconf 88' lang='lat' dir='ltr'>morbus</span> <span class='ocrx_word' id='word_1_494' title='bbox 1692 1431 1929 1486; x_wconf 65' lang='lat' dir='ltr'>aevitasve</span> <span class='ocrx_word' id='word_1_495' title='bbox 1964 1430 2155 1486; x_wconf 87' lang='lat' dir='ltr'>vitium</span> <span class='ocrx_word' id='word_1_496' title='bbox 2184 1433 2328 1505; x_wconf 90' lang='lat' dir='ltr'>escit,</span> 
     </span>
     <span class='ocr_line' id='line_1_78' title="bbox 1288 1507 2324 1581; baseline 0.003 -19"><span class='ocrx_word' id='word_1_497' title='bbox 1288 1510 1452 1581; x_wconf 89' lang='lat' dir='ltr'>quiin</span> <span class='ocrx_word' id='word_1_498' title='bbox 1478 1509 1555 1578; x_wconf 87' lang='lat' dir='ltr'>jus</span> <span class='ocrx_word' id='word_1_499' title='bbox 1578 1509 1788 1564; x_wconf 84' lang='lat' dir='ltr'>vocabit</span> <span class='ocrx_word' id='word_1_500' title='bbox 1810 1550 1827 1578; x_wconf 96' lang='lat'>,</span> <span class='ocrx_word' id='word_1_501' title='bbox 1868 1507 2162 1579; x_wconf 87' lang='lat' dir='ltr'>jumentum</span> <span class='ocrx_word' id='word_1_502' title='bbox 2185 1511 2324 1565; x_wconf 86' lang='lat' dir='ltr'>dato:</span> 
     </span>
     <span class='ocr_line' id='line_1_79' title="bbox 1288 1585 2174 1655; baseline -0.001 -14"><span class='ocrx_word' id='word_1_503' title='bbox 1288 1586 1325 1641; x_wconf 85' lang='lat' dir='ltr'>fi</span> <span class='ocrx_word' id='word_1_504' title='bbox 1358 1588 1534 1655; x_wconf 83' lang='lat' dir='ltr'>volet,</span> <span class='ocrx_word' id='word_1_505' title='bbox 1576 1605 1811 1644; x_wconf 81' lang='lat' dir='ltr'>arceram</span> <span class='ocrx_word' id='word_1_506' title='bbox 1841 1604 1903 1639; x_wconf 89' lang='lat' dir='ltr'>ne</span> <span class='ocrx_word' id='word_1_507' title='bbox 1928 1585 2136 1640; x_wconf 87' lang='lat' dir='ltr'>sternito</span> <span class='ocrx_word' id='word_1_508' title='bbox 2160 1627 2174 1640; x_wconf 93' lang='lat'>.</span> 
     </span>
    </p>
   </div>
   <div class='ocr_carea' id='block_1_16' title="bbox 1286 1663 2328 1968">
    <p class='ocr_par' dir='ltr' id='par_1_26' title="bbox 1286 1663 2328 1968">
     <span class='ocr_line' id='line_1_80' title="bbox 1365 1663 2328 1738; baseline 0.005 -14"><span class='ocrx_word' id='word_1_509' title='bbox 1365 1663 1589 1736; x_wconf 72' lang='lat' dir='ltr'>Atque)</span> <span class='ocrx_word' id='word_1_510' title='bbox 1619 1682 1748 1727; x_wconf 87' lang='lat' dir='ltr'>sensus</span> <span class='ocrx_word' id='word_1_511' title='bbox 1786 1682 1870 1726; x_wconf 88' lang='lat' dir='ltr'>est:</span> <span class='ocrx_word' id='word_1_512' title='bbox 1896 1680 1934 1735; x_wconf 90' lang='lat' dir='ltr'><em>fi</em></span> <span class='ocrx_word' id='word_1_513' title='bbox 1961 1683 2053 1738; x_wconf 83' lang='lat' dir='ltr'>quis</span> <span class='ocrx_word' id='word_1_514' title='bbox 2077 1684 2121 1728; x_wconf 80' lang='lat' dir='ltr'>in</span> <span class='ocrx_word' id='word_1_515' title='bbox 2157 1685 2222 1736; x_wconf 78' lang='lat' dir='ltr'>ius</span> <span class='ocrx_word' id='word_1_516' title='bbox 2254 1702 2328 1729; x_wconf 84' lang='lat' dir='ltr'>vo-</span> 
     </span>
     <span class='ocr_line' id='line_1_81' title="bbox 1286 1739 2326 1794; baseline 0.005 -13"><span class='ocrx_word' id='word_1_517' title='bbox 1286 1751 1376 1793; x_wconf 86' lang='lat' dir='ltr'>cat,</span> <span class='ocrx_word' id='word_1_518' title='bbox 1407 1752 1572 1783; x_wconf 80' lang='lat' dir='ltr'>vocatus</span> <span class='ocrx_word' id='word_1_519' title='bbox 1585 1739 1728 1794; x_wconf 83' lang='lat' dir='ltr'>statim</span> <span class='ocrx_word' id='word_1_520' title='bbox 1759 1752 1846 1783; x_wconf 82' lang='lat' dir='ltr'>eat.</span> <span class='ocrx_word' id='word_1_521' title='bbox 1880 1740 1981 1793; x_wconf 79' lang='lat' dir='ltr'>Quae</span> <span class='ocrx_word' id='word_1_522' title='bbox 2013 1740 2077 1784; x_wconf 86' lang='lat' dir='ltr'>lex</span> <span class='ocrx_word' id='word_1_523' title='bbox 2103 1756 2199 1785; x_wconf 90' lang='lat' dir='ltr'>cum</span> <span class='ocrx_word' id='word_1_524' title='bbox 2231 1743 2326 1787; x_wconf 78' lang='lat' dir='ltr'>esset</span> 
     </span>
     <span class='ocr_line' id='line_1_82' title="bbox 1288 1796 2323 1854; baseline 0.004 -16"><span class='ocrx_word' id='word_1_525' title='bbox 1288 1797 1461 1840; x_wconf 87' lang='lat' dir='ltr'>initium</span> <span class='ocrx_word' id='word_1_526' title='bbox 1488 1809 1742 1851; x_wconf 84' lang='lat' dir='ltr'>ceterarum,</span> <span class='ocrx_word' id='word_1_527' title='bbox 1777 1796 1907 1851; x_wconf 88' lang='lat' dir='ltr'>pueris</span> <span class='ocrx_word' id='word_1_528' title='bbox 1926 1798 2145 1851; x_wconf 77' lang='lat' dir='ltr'>omnibus,</span> <span class='ocrx_word' id='word_1_529' title='bbox 2176 1801 2243 1854; x_wconf 91' lang='lat' dir='ltr'>qui</span> <span class='ocrx_word' id='word_1_530' title='bbox 2260 1799 2323 1850; x_wconf 84' lang='lat' dir='ltr'>jus</span> 
     </span>
     <span class='ocr_line' id='line_1_83' title="bbox 1287 1853 2322 1906; baseline 0.003 -10"><span class='ocrx_word' id='word_1_531' title='bbox 1287 1854 1568 1906; x_wconf 82' lang='lat' dir='ltr'>addiscebant,</span> <span class='ocrx_word' id='word_1_532' title='bbox 1600 1854 1714 1897; x_wconf 89' lang='lat' dir='ltr'>velut</span> <span class='ocrx_word' id='word_1_533' title='bbox 1746 1853 1924 1897; x_wconf 88' lang='lat' dir='ltr'>solemne</span> <span class='ocrx_word' id='word_1_534' title='bbox 1959 1870 2126 1898; x_wconf 86' lang='lat' dir='ltr'>carmen</span> <span class='ocrx_word' id='word_1_535' title='bbox 2159 1871 2244 1898; x_wconf 88' lang='lat' dir='ltr'>erat</span> <span class='ocrx_word' id='word_1_536' title='bbox 2276 1856 2322 1899; x_wconf 86' lang='lat' dir='ltr'>in</span> 
     </span>
     <span class='ocr_line' id='line_1_84' title="bbox 1288 1910 2236 1968; baseline 0.002 -14"><span class='ocrx_word' id='word_1_537' title='bbox 1288 1926 1357 1955; x_wconf 92' lang='lat' dir='ltr'>ore</span> <span class='ocrx_word' id='word_1_538' title='bbox 1373 1943 1385 1965; x_wconf 86' lang='lat'>,</span> <span class='ocrx_word' id='word_1_539' title='bbox 1418 1923 1462 1954; x_wconf 90' lang='lat' dir='ltr'>ut</span> <span class='ocrx_word' id='word_1_540' title='bbox 1487 1911 1638 1955; x_wconf 88' lang='lat' dir='ltr'>Cicero</span> <span class='ocrx_word' id='word_1_541' title='bbox 1659 1912 1822 1956; x_wconf 86' lang='lat' dir='ltr'>testatur</span> <span class='ocrx_word' id='word_1_542' title='bbox 1849 1910 1963 1954; x_wconf 60' lang='lat' dir='ltr'>lim.</span> <span class='ocrx_word' id='word_1_543' title='bbox 1982 1912 2030 1954; x_wconf 79' lang='lat' dir='ltr'>de</span> <span class='ocrx_word' id='word_1_544' title='bbox 2055 1913 2205 1968; x_wconf 81' lang='lat' dir='ltr'>legibus</span> <span class='ocrx_word' id='word_1_545' title='bbox 2225 1944 2236 1956; x_wconf 91' lang='lat'>.</span> 
     </span>
    </p>
   </div>
   <div class='ocr_carea' id='block_1_17' title="bbox 1287 1971 2325 2431">
    <p class='ocr_par' dir='ltr' id='par_1_27' title="bbox 1287 1971 2325 2274">
     <span class='ocr_line' id='line_1_85' title="bbox 1367 1971 2325 2047; baseline 0.002 -14"><span class='ocrx_word' id='word_1_546' title='bbox 1367 1975 1543 2042; x_wconf 82' lang='lat' dir='ltr'>Atque</span> <span class='ocrx_word' id='word_1_547' title='bbox 1569 1971 1593 2040; x_wconf 92' lang='lat'>]</span> <span class='ocrx_word' id='word_1_548' title='bbox 1617 1989 1816 2047; x_wconf 82' lang='lat' dir='ltr'>fignificat</span> <span class='ocrx_word' id='word_1_549' title='bbox 1841 1989 2045 2034; x_wconf 71' lang='lat' dir='ltr'>veteribus</span> <span class='ocrx_word' id='word_1_550' title='bbox 2080 1992 2214 2044; x_wconf 65' lang='lat' dir='ltr'>mico,</span> <span class='ocrx_word' id='word_1_551' title='bbox 2235 1991 2325 2046; x_wconf 73' lang='lat' dir='ltr'>sta-</span> 
     </span>
     <span class='ocr_line' id='line_1_86' title="bbox 1289 2045 2321 2102; baseline 0.004 -14"><span class='ocrx_word' id='word_1_552' title='bbox 1289 2047 1388 2100; x_wconf 72' lang='lat' dir='ltr'>tim,</span> <span class='ocrx_word' id='word_1_553' title='bbox 1421 2045 1621 2102; x_wconf 81' lang='lat' dir='ltr'>evestigio</span> <span class='ocrx_word' id='word_1_554' title='bbox 1654 2078 1667 2101; x_wconf 87' lang='lat'>,</span> <span class='ocrx_word' id='word_1_555' title='bbox 1699 2046 1811 2100; x_wconf 84' lang='lat' dir='ltr'>cujus</span> <span class='ocrx_word' id='word_1_556' title='bbox 1843 2048 2062 2090; x_wconf 87' lang='lat' dir='ltr'>innumera</span> <span class='ocrx_word' id='word_1_557' title='bbox 2095 2048 2185 2090; x_wconf 89' lang='lat' dir='ltr'>sunt</span> <span class='ocrx_word' id='word_1_558' title='bbox 2215 2050 2321 2097; x_wconf 81' lang='lat' dir='ltr'>apud</span> 
     </span>
     <span class='ocr_line' id='line_1_87' title="bbox 1290 2103 2321 2160; baseline 0.003 -15"><span class='ocrx_word' id='word_1_559' title='bbox 1290 2103 1480 2146; x_wconf 78' lang='lat' dir='ltr'>Plautum</span> <span class='ocrx_word' id='word_1_560' title='bbox 1512 2104 1729 2159; x_wconf 84' lang='lat' dir='ltr'>exempla,</span> <span class='ocrx_word' id='word_1_561' title='bbox 1759 2120 1848 2160; x_wconf 84' lang='lat' dir='ltr'>quae</span> <span class='ocrx_word' id='word_1_562' title='bbox 1867 2103 2033 2160; x_wconf 81' lang='lat' dir='ltr'>collegit</span> <span class='ocrx_word' id='word_1_563' title='bbox 2058 2105 2198 2148; x_wconf 88' lang='lat' dir='ltr'>Pareus</span> <span class='ocrx_word' id='word_1_564' title='bbox 2217 2107 2321 2158; x_wconf 72' lang='lat'>(***)</span> 
     </span>
     <span class='ocr_line' id='line_1_88' title="bbox 1288 2160 2318 2219; baseline 0.001 -15"><span class='ocrx_word' id='word_1_565' title='bbox 1288 2161 1330 2204; x_wconf 90' lang='lat' dir='ltr'>in</span> <span class='ocrx_word' id='word_1_566' title='bbox 1362 2162 1482 2203; x_wconf 72' lang='lat' dir='ltr'>lexico</span> <span class='ocrx_word' id='word_1_567' title='bbox 1514 2161 1645 2204; x_wconf 82' lang='lat' dir='ltr'>critico</span> <span class='ocrx_word' id='word_1_568' title='bbox 1676 2162 1720 2205; x_wconf 90' lang='lat' dir='ltr'>in</span> <span class='ocrx_word' id='word_1_569' title='bbox 1752 2161 1828 2205; x_wconf 89' lang='lat' dir='ltr'>hac</span> <span class='ocrx_word' id='word_1_570' title='bbox 1860 2160 2086 2217; x_wconf 82' lang='lat' dir='ltr'>particula,</span> <span class='ocrx_word' id='word_1_571' title='bbox 2119 2163 2163 2206; x_wconf 78' lang='grc' dir='ltr'>ὅτ.</span> <span class='ocrx_word' id='word_1_572' title='bbox 2195 2164 2318 2219; x_wconf 87' lang='lat' dir='ltr'>Virg.</span> 
     </span>
     <span class='ocr_line' id='line_1_89' title="bbox 1287 2218 1574 2274; baseline -0.003 -14"><span class='ocrx_word' id='word_1_573' title='bbox 1287 2218 1402 2274; x_wconf 79' lang='lat' dir='ltr'>lib.3.</span> <span class='ocrx_word' id='word_1_574' title='bbox 1435 2219 1574 2274; x_wconf 82' lang='lat' dir='ltr'>Georg.</span> 
     </span>
    </p>

    <p class='ocr_par' dir='ltr' id='par_1_28' title="bbox 1402 2273 2322 2431">
     <span class='ocr_line' id='line_1_90' title="bbox 1402 2273 2202 2328; baseline -0.001 -11"><span class='ocrx_word' id='word_1_575' title='bbox 1402 2300 1422 2307; x_wconf 92' lang='lat'>-</span> <span class='ocrx_word' id='word_1_576' title='bbox 1453 2300 1473 2307; x_wconf 90' lang='lat'><em>-</em></span> <span class='ocrx_word' id='word_1_577' title='bbox 1502 2300 1520 2307; x_wconf 90' lang='lat'><em>-</em></span> <span class='ocrx_word' id='word_1_578' title='bbox 1551 2300 1570 2307; x_wconf 91' lang='lat'>-·</span> <span class='ocrx_word' id='word_1_579' title='bbox 1627 2276 1677 2318; x_wconf 80' lang='lat' dir='ltr'>Si</span> <span class='ocrx_word' id='word_1_580' title='bbox 1708 2274 1867 2317; x_wconf 81' lang='lat' dir='ltr'>brachia</span> <span class='ocrx_word' id='word_1_581' title='bbox 1892 2273 1995 2327; x_wconf 84' lang='lat' dir='ltr'>sorte</span> <span class='ocrx_word' id='word_1_582' title='bbox 2025 2274 2171 2327; x_wconf 82' lang='lat' dir='ltr'>remifit</span> <span class='ocrx_word' id='word_1_583' title='bbox 2190 2306 2202 2328; x_wconf 90' lang='lat'>‚</span> 
     </span>
     <span class='ocr_line' id='line_1_91' title="bbox 1404 2332 2322 2388; baseline 0.003 -14"><span class='ocrx_word' id='word_1_584' title='bbox 1404 2332 1540 2386; x_wconf 80' lang='lat' dir='ltr'>Atque</span> <span class='ocrx_word' id='word_1_585' title='bbox 1573 2332 1685 2375; x_wconf 83' lang='lat' dir='ltr'>illum</span> <span class='ocrx_word' id='word_1_586' title='bbox 1713 2342 1878 2388; x_wconf 78' lang='lat' dir='ltr'>praeceps</span> <span class='ocrx_word' id='word_1_587' title='bbox 1901 2341 2021 2386; x_wconf 85' lang='lat' dir='ltr'>prono</span> <span class='ocrx_word' id='word_1_588' title='bbox 2053 2334 2157 2387; x_wconf 84' lang='lat' dir='ltr'>rapit</span> <span class='ocrx_word' id='word_1_589' title='bbox 2181 2333 2322 2377; x_wconf 81' lang='lat' dir='ltr'>alveus</span> 
     </span>
     <span class='ocr_line' id='line_1_92' title="bbox 1464 2404 1607 2431; baseline 0.007 -1"><span class='ocrx_word' id='word_1_590' title='bbox 1464 2404 1575 2430; x_wconf 73' lang='lat' dir='ltr'>amn!</span> <span class='ocrx_word' id='word_1_591' title='bbox 1597 2421 1607 2431; x_wconf 72' lang='lat'>0</span> 
     </span>
    </p>
   </div>
   <div class='ocr_carea' id='block_1_18' title="bbox 1290 2444 2328 2558">
    <p class='ocr_par' dir='ltr' id='par_1_29' title="bbox 1290 2444 2328 2558">
     <span class='ocr_line' id='line_1_93' title="bbox 1290 2444 2328 2504; baseline 0.001 -15"><span class='ocrx_word' id='word_1_592' title='bbox 1290 2444 1438 2502; x_wconf 86' lang='lat' dir='ltr'>quibus</span> <span class='ocrx_word' id='word_1_593' title='bbox 1471 2444 1511 2487; x_wconf 90' lang='lat' dir='ltr'>in</span> <span class='ocrx_word' id='word_1_594' title='bbox 1548 2444 1645 2490; x_wconf 84' lang='lat' dir='ltr'>locis</span> <span class='ocrx_word' id='word_1_595' title='bbox 1673 2459 1794 2504; x_wconf 83' lang='lat' dir='ltr'>atque</span> <span class='ocrx_word' id='word_1_596' title='bbox 1825 2444 2026 2502; x_wconf 82' lang='lat' dir='ltr'>fignificat</span> <span class='ocrx_word' id='word_1_597' title='bbox 2070 2461 2157 2491; x_wconf 85' lang='lat' dir='ltr'>rem</span> <span class='ocrx_word' id='word_1_598' title='bbox 2190 2446 2328 2502; x_wconf 89' lang='lat' dir='ltr'>inopi-</span> 
     </span>
     <span class='ocr_line' id='line_1_94' title="bbox 1291 2503 2328 2558; baseline 0.002 -13"><span class='ocrx_word' id='word_1_599' title='bbox 1291 2517 1445 2546; x_wconf 88' lang='lat' dir='ltr'>natam.</span> <span class='ocrx_word' id='word_1_600' title='bbox 1467 2503 1590 2555; x_wconf 70' lang='lat'>(***⁴)</span> <span class='ocrx_word' id='word_1_601' title='bbox 2212 2505 2328 2558; x_wconf 87' lang='lat' dir='ltr'>Em]</span> 
     </span>
    </p>
   </div>
   <div class='ocr_carea' id='block_1_19' title="bbox 1641 2572 2332 2595">
    <p class='ocr_par' dir='ltr' id='par_1_30' title="bbox 1641 2572 2332 2595">
     <span class='ocr_line' id='line_1_95' title="bbox 1641 2572 2332 2595; baseline 0 884"><span class='ocrx_word' id='word_1_602' title='bbox 1641 2572 2332 2595; x_wconf 95' lang='lat' dir='ltr'> </span> 
     </span>
    </p>
   </div>
   <div class='ocr_carea' id='block_1_20' title="bbox 1503 2577 1639 2591">
    <p class='ocr_par' dir='ltr' id='par_1_31' title="bbox 1503 2577 1639 2591">
     <span class='ocr_line' id='line_1_96' title="bbox 1503 2577 1639 2591; baseline 0.015 -2"><span class='ocrx_word' id='word_1_603' title='bbox 1503 2577 1639 2591; x_wconf 71' lang='lat'>⁶-—</span> 
     </span>
    </p>
   </div>
   <div class='ocr_carea' id='block_1_21' title="bbox 1289 2581 1502 2590">
    <p class='ocr_par' dir='ltr' id='par_1_32' title="bbox 1289 2581 1502 2590">
     <span class='ocr_line' id='line_1_97' title="bbox 1289 2581 1502 2590; baseline 0 889"><span class='ocrx_word' id='word_1_604' title='bbox 1289 2581 1502 2590; x_wconf 95' lang='lat' dir='ltr'> </span> 
     </span>
    </p>
   </div>
   <div class='ocr_carea' id='block_1_22' title="bbox 1288 2611 2330 3152">
    <p class='ocr_par' dir='ltr' id='par_1_33' title="bbox 1288 2611 2326 2787">
     <span class='ocr_line' id='line_1_98' title="bbox 1289 2611 2326 2652; baseline 0.001 -7"><span class='ocrx_word' id='word_1_605' title='bbox 1289 2616 1367 2646; x_wconf 74' lang='lat' dir='ltr'>IJI.</span> <span class='ocrx_word' id='word_1_606' title='bbox 1391 2625 1451 2652; x_wconf 76' lang='lat' dir='ltr'>c-4.</span> <span class='ocrx_word' id='word_1_607' title='bbox 1468 2611 1674 2647; x_wconf 80' lang='lat' dir='ltr'>omittuntur</span> <span class='ocrx_word' id='word_1_608' title='bbox 1688 2615 1820 2647; x_wconf 82' lang='lat' dir='ltr'>etiama</span> <span class='ocrx_word' id='word_1_609' title='bbox 1848 2614 1960 2648; x_wconf 57' lang='lat' dir='ltr'>Gellio</span> <span class='ocrx_word' id='word_1_610' title='bbox 1973 2615 1995 2645; x_wconf 89' lang='lat'>1.</span> <span class='ocrx_word' id='word_1_611' title='bbox 2037 2616 2080 2645; x_wconf 85' lang='grc' dir='ltr'>Χ.</span> <span class='ocrx_word' id='word_1_612' title='bbox 2094 2624 2154 2645; x_wconf 83' lang='lat' dir='ltr'>c.1.</span> <span class='ocrx_word' id='word_1_613' title='bbox 2171 2614 2227 2645; x_wconf 79' lang='lat' dir='ltr'>etsi</span> <span class='ocrx_word' id='word_1_614' title='bbox 2256 2613 2326 2646; x_wconf 81' lang='lat' dir='ltr'>Cic.</span> 
     </span>
     <span class='ocr_line' id='line_1_99' title="bbox 1291 2658 2325 2700; baseline -0.002 -8"><span class='ocrx_word' id='word_1_615' title='bbox 1291 2660 1321 2690; x_wconf 81' lang='lat'>&amp;</span> <span class='ocrx_word' id='word_1_616' title='bbox 1348 2658 1461 2692; x_wconf 86' lang='lat' dir='ltr'>Gellio</span> <span class='ocrx_word' id='word_1_617' title='bbox 1494 2660 1653 2700; x_wconf 82' lang='lat' dir='ltr'>praecipue</span> <span class='ocrx_word' id='word_1_618' title='bbox 1678 2660 1812 2692; x_wconf 80' lang='lat' dir='ltr'>testibus</span> <span class='ocrx_word' id='word_1_619' title='bbox 1841 2667 1980 2692; x_wconf 87' lang='lat' dir='ltr'>utuntur</span> <span class='ocrx_word' id='word_1_620' title='bbox 2005 2658 2197 2690; x_wconf 55' lang='lat' dir='ltr'>concitores</span> <span class='ocrx_word' id='word_1_621' title='bbox 2213 2658 2325 2700; x_wconf 85' lang='lat' dir='ltr'>legum</span> 
     </span>
     <span class='ocr_line' id='line_1_100' title="bbox 1291 2701 2324 2744; baseline -0.002 -7"><span class='ocrx_word' id='word_1_622' title='bbox 1291 2705 1373 2737; x_wconf 73' lang='lat' dir='ltr'>xil.</span> <span class='ocrx_word' id='word_1_623' title='bbox 1389 2701 1480 2734; x_wconf 80' lang='lat' dir='ltr'>tabul</span> <span class='ocrx_word' id='word_1_624' title='bbox 1509 2704 1557 2735; x_wconf 91' lang='lat' dir='ltr'>uti</span> <span class='ocrx_word' id='word_1_625' title='bbox 1573 2704 1726 2737; x_wconf 76' lang='lat' dir='ltr'>observat</span> <span class='ocrx_word' id='word_1_626' title='bbox 1753 2706 1914 2736; x_wconf 81' lang='lat' dir='ltr'>Antonius</span> <span class='ocrx_word' id='word_1_627' title='bbox 1943 2702 2165 2744; x_wconf 79' lang='lat' dir='ltr'>Schultingius</span> <span class='ocrx_word' id='word_1_628' title='bbox 2180 2703 2215 2733; x_wconf 73' lang='lat' dir='ltr'>in</span> <span class='ocrx_word' id='word_1_629' title='bbox 2234 2712 2324 2735; x_wconf 64' lang='lat' dir='ltr'>entr-</span> 
     </span>
     <span class='ocr_line' id='line_1_101' title="bbox 1288 2747 1952 2787; baseline -0.005 -6"><span class='ocrx_word' id='word_1_630' title='bbox 1288 2758 1340 2781; x_wconf 78' lang='lat' dir='ltr'>rar</span> <span class='ocrx_word' id='word_1_631' title='bbox 1371 2747 1473 2778; x_wconf 71' lang='lat' dir='ltr'>pand.</span> <span class='ocrx_word' id='word_1_632' title='bbox 1489 2748 1531 2778; x_wconf 80' lang='lat' dir='ltr'>ad</span> <span class='ocrx_word' id='word_1_633' title='bbox 1545 2750 1602 2780; x_wconf 72' lang='lat' dir='ltr'>rie.</span> <span class='ocrx_word' id='word_1_634' title='bbox 1619 2749 1655 2780; x_wconf 80' lang='lat' dir='ltr'>de</span> <span class='ocrx_word' id='word_1_635' title='bbox 1671 2750 1706 2779; x_wconf 83' lang='lat' dir='ltr'>in</span> <span class='ocrx_word' id='word_1_636' title='bbox 1724 2749 1775 2784; x_wconf 79' lang='lat' dir='ltr'>ius</span> <span class='ocrx_word' id='word_1_637' title='bbox 1789 2759 1853 2780; x_wconf 84' lang='lat' dir='ltr'>voe.</span> <span class='ocrx_word' id='word_1_638' title='bbox 1881 2749 1952 2787; x_wconf 84' lang='lat'>§-1.</span> 
     </span>
    </p>

    <p class='ocr_par' dir='ltr' id='par_1_34' title="bbox 1290 2792 2320 2878">
     <span class='ocr_line' id='line_1_102' title="bbox 1334 2792 2320 2833; baseline 0.002 -11"><span class='ocrx_word' id='word_1_639' title='bbox 1334 2792 1428 2831; x_wconf 52' lang='grc' dir='ltr'>θ’θ’)</span> <span class='ocrx_word' id='word_1_640' title='bbox 1456 2794 1557 2823; x_wconf 81' lang='lat' dir='ltr'>Pareo</span> <span class='ocrx_word' id='word_1_641' title='bbox 1581 2792 1661 2824; x_wconf 83' lang='lat' dir='ltr'>adde</span> <span class='ocrx_word' id='word_1_642' title='bbox 1688 2792 1888 2825; x_wconf 77' lang='lat' dir='ltr'>Everardum</span> <span class='ocrx_word' id='word_1_643' title='bbox 1912 2794 2079 2823; x_wconf 85' lang='lat' dir='ltr'>ottonem</span> <span class='ocrx_word' id='word_1_644' title='bbox 2118 2792 2245 2833; x_wconf 78' lang='lat' dir='ltr'>Prefar.</span> <span class='ocrx_word' id='word_1_645' title='bbox 2277 2793 2320 2824; x_wconf 80' lang='lat' dir='ltr'>T.</span> 
     </span>
     <span class='ocr_line' id='line_1_103' title="bbox 1290 2835 1673 2878; baseline -0.008 -7"><span class='ocrx_word' id='word_1_646' title='bbox 1290 2840 1365 2870; x_wconf 87' lang='lat'>111.</span> <span class='ocrx_word' id='word_1_647' title='bbox 1389 2837 1485 2876; x_wconf 57' lang='lat' dir='ltr'>Thes?</span> <span class='ocrx_word' id='word_1_648' title='bbox 1502 2835 1566 2874; x_wconf 74' lang='lat' dir='ltr'>jur.</span> <span class='ocrx_word' id='word_1_649' title='bbox 1585 2841 1673 2878; x_wconf 77' lang='lat' dir='ltr'>p.26.</span> 
     </span>
    </p>

    <p class='ocr_par' dir='ltr' id='par_1_35' title="bbox 1288 2879 2330 3152">
     <span class='ocr_line' id='line_1_104' title="bbox 1334 2879 2330 2924; baseline 0 -11"><span class='ocrx_word' id='word_1_650' title='bbox 1334 2882 1455 2924; x_wconf 57' lang='lat'>(⁴⁸⁴³)</span> <span class='ocrx_word' id='word_1_651' title='bbox 1484 2883 1607 2914; x_wconf 81' lang='lat' dir='ltr'>Vocem</span> <span class='ocrx_word' id='word_1_652' title='bbox 1633 2879 1845 2921; x_wconf 69' lang='lat' dir='ltr'>annflamr&#39;no</span> <span class='ocrx_word' id='word_1_653' title='bbox 1871 2890 2036 2921; x_wconf 79' lang='lat' dir='ltr'>exponere</span> <span class='ocrx_word' id='word_1_654' title='bbox 2065 2879 2210 2913; x_wconf 67' lang='lat' dir='ltr'>neetexit</span> <span class='ocrx_word' id='word_1_655' title='bbox 2246 2886 2330 2915; x_wconf 79' lang='lat' dir='ltr'>Gra-</span> 
     </span>
     <span class='ocr_line' id='line_1_105' title="bbox 1288 2926 2319 2964; baseline -0.004 -3"><span class='ocrx_word' id='word_1_656' title='bbox 1288 2929 1365 2961; x_wconf 87' lang='lat' dir='ltr'>vina</span> <span class='ocrx_word' id='word_1_657' title='bbox 1392 2951 1399 2957; x_wconf 94' lang='lat'>.</span> <span class='ocrx_word' id='word_1_658' title='bbox 1428 2930 1507 2960; x_wconf 76' lang='lat' dir='ltr'>Erat</span> <span class='ocrx_word' id='word_1_659' title='bbox 1531 2935 1642 2959; x_wconf 80' lang='lat' dir='ltr'>autem</span> <span class='ocrx_word' id='word_1_660' title='bbox 1679 2926 1833 2958; x_wconf 76' lang='lat' dir='ltr'>antestari</span> <span class='ocrx_word' id='word_1_661' title='bbox 1857 2926 1954 2958; x_wconf 75' lang='lat' dir='ltr'>testes</span> <span class='ocrx_word' id='word_1_662' title='bbox 1990 2926 2281 2958; x_wconf 77' lang='lat' dir='ltr'>eircumadvocare</span> <span class='ocrx_word' id='word_1_663' title='bbox 2306 2949 2319 2964; x_wconf 89' lang='lat'>‚</span> 
     </span>
     <span class='ocr_line' id='line_1_106' title="bbox 1288 2970 2324 3015; baseline -0.001 -10"><span class='ocrx_word' id='word_1_664' title='bbox 1288 2983 1429 3015; x_wconf 80' lang='lat' dir='ltr'>quorum</span> <span class='ocrx_word' id='word_1_665' title='bbox 1452 2982 1548 3005; x_wconf 84' lang='lat' dir='ltr'>aures</span> <span class='ocrx_word' id='word_1_666' title='bbox 1575 2972 1822 3015; x_wconf 73' lang='lat' dir='ltr'>tangebantur,</span> <span class='ocrx_word' id='word_1_667' title='bbox 1849 2971 1889 3002; x_wconf 83' lang='lat' dir='ltr'>ad</span> <span class='ocrx_word' id='word_1_668' title='bbox 1919 2980 2014 3011; x_wconf 89' lang='lat' dir='ltr'>quem</span> <span class='ocrx_word' id='word_1_669' title='bbox 2048 2981 2175 3002; x_wconf 74' lang='lat' dir='ltr'>morem</span> <span class='ocrx_word' id='word_1_670' title='bbox 2204 2970 2324 3004; x_wconf 81' lang='lat' dir='ltr'>alludit</span> 
     </span>
     <span class='ocr_line' id='line_1_107' title="bbox 1288 3015 2328 3058; baseline -0.003 -7"><span class='ocrx_word' id='word_1_671' title='bbox 1288 3017 1465 3053; x_wconf 58' lang='lat' dir='ltr'>Trebatius</span> <span class='ocrx_word' id='word_1_672' title='bbox 1480 3017 1512 3049; x_wconf 90' lang='lat' dir='ltr'>in</span> <span class='ocrx_word' id='word_1_673' title='bbox 1528 3018 1621 3048; x_wconf 88' lang='lat' dir='ltr'>L.21.</span> <span class='ocrx_word' id='word_1_674' title='bbox 1638 3024 1685 3058; x_wconf 75' lang='lat' dir='ltr'>pr.</span> <span class='ocrx_word' id='word_1_675' title='bbox 1708 3018 1756 3048; x_wconf 88' lang='lat' dir='ltr'>D.</span> <span class='ocrx_word' id='word_1_676' title='bbox 1771 3017 1808 3047; x_wconf 81' lang='lat' dir='ltr'>de</span> <span class='ocrx_word' id='word_1_677' title='bbox 1827 3018 1941 3048; x_wconf 72' lang='lat' dir='ltr'>Farris</span> <span class='ocrx_word' id='word_1_678' title='bbox 1954 3037 1965 3054; x_wconf 91' lang='lat'>‚</span> <span class='ocrx_word' id='word_1_679' title='bbox 1991 3015 2078 3057; x_wconf 89' lang='lat' dir='ltr'>quod</span> <span class='ocrx_word' id='word_1_680' title='bbox 2099 3015 2167 3047; x_wconf 82' lang='lat' dir='ltr'>fieri</span> <span class='ocrx_word' id='word_1_681' title='bbox 2188 3015 2328 3054; x_wconf 76' lang='lat' dir='ltr'>solebat,</span> 
     </span>
     <span class='ocr_line' id='line_1_108' title="bbox 1290 3060 2329 3105; baseline -0.004 -9"><span class='ocrx_word' id='word_1_682' title='bbox 1290 3071 1467 3105; x_wconf 80' lang='lat' dir='ltr'>antequam</span> <span class='ocrx_word' id='word_1_683' title='bbox 1492 3072 1607 3095; x_wconf 85' lang='lat' dir='ltr'>manus</span> <span class='ocrx_word' id='word_1_684' title='bbox 1643 3071 1699 3094; x_wconf 87' lang='lat' dir='ltr'>reo</span> <span class='ocrx_word' id='word_1_685' title='bbox 1734 3060 1950 3097; x_wconf 79' lang='lat' dir='ltr'>injicerentur</span> <span class='ocrx_word' id='word_1_686' title='bbox 1984 3082 1992 3089; x_wconf 93' lang='lat'>.</span> <span class='ocrx_word' id='word_1_687' title='bbox 2039 3063 2086 3092; x_wconf 82' lang='lat' dir='ltr'>De</span> <span class='ocrx_word' id='word_1_688' title='bbox 2112 3061 2329 3093; x_wconf 76' lang='lat' dir='ltr'>antestatione</span> 
     </span>
     <span class='ocr_line' id='line_1_109' title="bbox 1292 3105 2328 3152; baseline -0.002 -10"><span class='ocrx_word' id='word_1_689' title='bbox 1292 3108 1438 3142; x_wconf 82' lang='lat' dir='ltr'>ubertim</span> <span class='ocrx_word' id='word_1_690' title='bbox 1461 3106 1531 3142; x_wconf 86' lang='lat' dir='ltr'>Cel.</span> <span class='ocrx_word' id='word_1_691' title='bbox 1558 3110 1647 3141; x_wconf 88' lang='lat' dir='ltr'>Otto</span> <span class='ocrx_word' id='word_1_692' title='bbox 1673 3107 1710 3139; x_wconf 78' lang='lat' dir='ltr'>in</span> <span class='ocrx_word' id='word_1_693' title='bbox 1732 3105 1994 3148; x_wconf 74' lang='lat' dir='ltr'>jurisprudentia</span> <span class='ocrx_word' id='word_1_694' title='bbox 2027 3105 2207 3152; x_wconf 70' lang='lat' dir='ltr'>symbqliea</span> <span class='ocrx_word' id='word_1_695' title='bbox 2234 3107 2256 3139; x_wconf 78' lang='grc' dir='ltr'>Ι.</span> <span class='ocrx_word' id='word_1_696' title='bbox 2274 3106 2328 3140; x_wconf 85' lang='grc' dir='ltr'>ῙῙ.</span> 
     </span>
    </p>
   </div>
   <div class='ocr_carea' id='block_1_23' title="bbox 1295 3165 1371 3193">
    <p class='ocr_par' dir='ltr' id='par_1_36' title="bbox 1295 3165 1371 3193">
     <span class='ocr_line' id='line_1_110' title="bbox 1295 3165 1371 3193; baseline -0.039 -5"><span class='ocrx_word' id='word_1_697' title='bbox 1295 3166 1319 3188; x_wconf 82' lang='lat' dir='ltr'>c.</span> <span class='ocrx_word' id='word_1_698' title='bbox 1342 3165 1371 3193; x_wconf 85' lang='lat'>3·</span> 
     </span>
    </p>
   </div>
  </div>
 </body>
</html>
