2596 3479
624 76 740 127 ET
805 66 1805 144 SENATUSCONSULTIS.

2174 87 2278 140 319

149 150 194 194 ὅ(
225 152 345 193 Loena
377 147 419 192 in
449 147 680 193 Cistellaria
721 149 808 199 (a)
840 147 1099 191 meretricem
1132 146 1186 189 ait
1244 143 1482 187 coercendas
1518 174 1530 195 ‚
1580 153 1823 196 motumque
1880 142 1932 185 ali
1925 159 2059 199 iiqiem
2110 145 2173 189 ci.·
2168 147 2280 194 ilem

152 208 336 261 quotidie
369 207 518 250 nubere
540 223 549 248 :

270 293 363 337 Haec
394 293 554 348 quidem
585 288 724 344 ecastor
751 291 928 345 quotidie
948 290 1086 343 nubit,
1120 306 1185 332 nu

326 348 479 405 pfitque
511 348 623 391 hodie
652 363 670 398 ,·

266 407 407 450 Nubat
440 422 528 447 mox
560 404 669 447 ηοξῖιι
697 421 710 444 .·
764 421 968 461 nunquam
1001 420 1064 461 ego
1095 405 1194 448 hanc

328 463 497 506 viduam
531 461 670 504 cubare
692 459 809 514 fizi.

266 519 380 562 Nan
403 517 444 572 fi
476 519 547 561 hcc
577 535 651 561 non
685 520 846 571 nubat,

321 575 491 630 familia
517 586 653 630 pereat
676 607 684 617 .

147 634 204 676 Et
250 633 296 676 ad
344 649 429 676 rem
463 664 474 686 ‚
517 633 564 674 de
597 648 675 688 qua
707 631 898 688 agimus,
946 631 1191 675 Martialis·
1183 664 1194 685 ‚

146 691 265 747 (md
244 707 290 734 ιε
326 691 493 746 pathico
526 689 667 732 dixit.

266 749 354 801 Qui
398 748 572 802 loquitur
615 748 761 790 Cui-2⁸05
809 743 1080 801 affer-floresque
1112 749 1195 790 Ca-

323 806 454 847 millos
483 836 495 857 ,

267 862 408 905 Nolito
436 859 563 914 fronti
595 861 776 913 medei-,e
810 858 938 916 nupfit
972 861 1076 903 heri.

891 519 1047 575 lugubri
1085 517 1194 572 fame

148 947 319 1005 Nupfit)
353 947 432 991 hoc
463 946 516 990 est
543 945 761 990 muliebria
794 945 919 1000 passus
948 946 1025 988 est.
1061 945 1193 999 Pergit

149 1005 214 1050 lex
254 1023 297 1048 tn
327 1003 558 1058 foeminam:
593 1019 717 1060 quam
752 1002 994 1056 particulam
1031 980 1195 1047 Gotho-

149 1062 284 1107 fredus
320 1061 499 1116 explicat
541 1078 642 1103 more
672 1077 684 1114 3
734 1060 812 1103 five
850 1059 972 1114 instar
993 1058 1191 1112 foeminv·

148 1119 497 1174 quemadmodum
537 1118 579 1160 ὃς
616 1117 818 1164 Viroilius
858 1117 963 1160 dixit
1008 1118 1049 1159 in
1085 1135 1170 1159 am
1165 1135 1196 1160 5

150 1178 320 1220 Itirxosz
351 1176 458 1232 quod
489 1174 654 1217 Servius
689 1175 868 1227 explicat
900 1175 941 1216 in
963 1175 1194 1217 similitudi-

152 1248 251 1276 nem
281 1249 441 1274 arcuum
468 1233 678 1274 Itiraeorum
697 1263 705 1273 .
740 1233 845 1274 Item
870 1232 1197 1286 Propertius:(c)

266 1290 451 1331 Tandem
495 1290 601 1331 acies
639 1288 813 1345 geminos
849 1288 1002 1331 Nereus
1038 1290 1197 1331 lunarat

329 1347 371 1387 in
402 1362 439 1387 a
441 1361 516 1388 τας
541 1377 550 1387 .

153 1401 234 1446 hoc
267 1401 322 1445 est
357 1401 403 1444 in
441 1400 753 1445 similitudinem
794 1394 1224 1458 arc·1urn.Quam-l

153 1459 298 1507 obrem
331 1456 411 1503 hoc
445 1459 500 1502 ita
534 1458 733 1514 legerim,
763 1458 806 1501 &
831 1459 923 1514 expl
915 1459 1074 1503 icarim
1101 1476 1200 1502 con-

154 1515 375 1580 stitutionis
399 1516 595 1559 initium:
629 1490 735 1559 Cani
772 1516 836 1558 vir
869 1517 983 1558 nubit
1010 1518 1052 1559 in
1069 1516 1202 1570 soemi-

152 1589 247 1617 nam
286 1573 392 1616 viris
429 1573 693 1627 porrefiuram
729 1573 834 1626 quod
880 1575 1089 1628 cupiatur,

158 1631 237 1674 est.

270 1645 364 1673 cum
391 1629 455 1671 vir
486 1628 685 1673 foemineo
711 1629 789 1672 ritu
824 1629 939 1673 suurn
972 1646 1116 1685 corpus
1138 1631 1198 1673 vi-

156 1704 203 1731 ro
236 1687 445 1741 appetenti
481 1685 842 1742 subjicit.1taque
874 1688 1059 1731 Revardi
1087 1704 1199 1731 com—

1249 201 1548 265 reprimendum
1598 199 1674 243 suis
1718 201 1970 255 temporibus
2004 203 2283 258 prodierunt3

1245 276 1336 315 quia
1380 272 1542 301 tantum
1586 257 1633 301 ad
1664 256 1937 301 eruditionem
1982 259 2025 301 ἕξ
2069 262 2115 302 ad
2150 262 2283 317 publi·

1244 333 1338 379 cum
1370 317 1567 359 Fomanae
1599 314 1831 379 reipublicce
1863 316 2036 368 statum,
2070 332 2153 360 non
2185 335 2284 363 vero

1243 373 1290 417 ad
1320 371 1380 425 jus
1412 371 1536 416 civile
1570 372 1816 426 pertinent·
1806 405 1818 426 ‚
1863 390 1935 425 pro
1967 374 2100 417 nostro
2121 375 2282 420 institu-

1243 445 1287 473 to
1319 430 1629 485 relinquemus:
1676 430 1814 486 quales
1857 430 1968 474 fuere
2001 431 2065 476 lex
2100 433 2278 487 Pompe·

1242 487 1278 552 ja
1302 519 1314 541 ,
1346 486 1496 530 Clodia
1517 518 1529 541 ‚
1564 486 1682 530 Pedia
1708 518 1721 540 ,
1754 488 1955 544 modoque
1987 488 2031 532 in
2053 488 2139 546 lege
2167 491 2284 535 Plau—

1244 546 1298 588 tia
1328 545 1372 588 &
1402 544 1510 596 Julia
1542 543 1801 588 consiliemus
1821 577 1832 598 ‚
1877 562 2050 602 quarum
2094 548 2281 604 cognitio

1242 602 1520 666 eruditionem
1553 601 1670 645 simul
1707 615 1892 647 veterum
1924 616 2194 660 temporum,
2236 606 2281 650 ὃς

1244 659 1393 714 recepti
1436 659 1533 711 juris
1564 659 1851 724 complefi‘titur
1899 661 2160 706 utilitatem.
2195 663 2283 719 Igi-

1244 729 1308 759 tur
1340 728 1457 760 aetate
1489 717 1714 772 antiquiori
1763 734 1811 761 ea
1843 719 2093 773 potissimum
2116 721 2188 783 ’vis
2219 721 2280 764 di-

1243 775 1408 816 cebatur
1428 805 1440 826 ‚
1473 790 1562 830 quae
1592 790 1614 817 a
1646 774 1893 831 Magistratu
1940 789 2081 821 contra
2113 776 2172 829 jus
2204 793 2280 832 po-

1245 831 1505 887 testatemque
1549 832 1754 887 publicam
1796 833 2098 878 adhiberetur:
2153 834 2282 879 veluti

1245 888 1270 930 fi
1312 904 1401 944 quis
1442 906 1464 931 a
1505 889 1686 934 Consule
1731 890 2014 943 prohiberetur
2058 907 2278 946 provocare

1243 944 1290 987 ad
1324 946 1553 1000 populum.
1598 949 1691 999 (e)
1723 948 2004 1002 Quamobrem
2049 949 2109 992 vis
2143 949 2279 1004 publi-

1244 1018 1289 1045 ca
1320 1002 1420 1046 hinc
1452 1019 1472 1046 a
1506 1003 1663 1058 privata
1695 1004 1993 1049 discernebatur
2013 1037 2025 1060 ,
2068 1007 2174 1062 quod
2208 1006 2280 1050 illa

1245 1074 1315 1113 per
1356 1060 1570 1114 personam
1613 1060 1853 1115 publicam,
1896 1063 1974 1105 sive
2020 1079 2088 1117 per
2137 1063 2276 1126 Magi

1245 1117 1410 1159 stratum
1447 1119 1648 1171 potestatis
1681 1119 1752 1160 suae
1783 1131 1930 1162 metu·
1922 1152 1933 1172 ,
1968 1120 2051 1163 haec
2083 1136 2105 1163 a
2139 1136 2277 1174 priva-

1246 1173 1294 1215 tis
1328 1205 1339 1227 a
1389 1175 1506 1216 dome
1513 1174 1616 1218 tricis
1646 1175 1789 1230 opibus
1832 1192 1879 1219 ac
1912 1177 1966 1219 vir
1959 1177 2064 1220 ”ibus
2106 1176 2282 1220 inferre·

1246 1244 1345 1294 tur.
1389 1230 1474 1284 (f)
1521 1232 1652 1276 Postea
1701 1248 1796 1276 vero
1827 1233 2061 1276 destiterunt
2094 1246 2278 1289 reputare

1246 1287 1333 1330 vim
1367 1304 1388 1330 a
1422 1288 1620 1343 persona,
1653 1304 1823 1352 eamque
1856 1291 2103 1333 aestimarunt
2135 1292 2184 1333 ab
2216 1307 2281 1333 ar-

1247 1345 1354 1387 mis:
1390 1344 1446 1387 ita
1479 1358 1522 1388 ut
1556 1345 1673 1388 hodie
1705 1362 1791 1388 vim
1823 1347 1947 1389 armis
1978 1347 2184 1411 munitam
2211 1364 2282 1402 ap-

1248 1401 1325 1456 pell
1332 1417 1446 1444 emus
1495 1402 1583 1446 vim
1617 1403 1855 1458 publicam·
1845 1435 1856 1455 ,
1901 1404 2024 1447 armis
2057 1419 2153 1447 vero
2182 1419 2284 1448 exu-

1249 1471 1333 1501 tam
1383 1475 1667 1514 nuncupemus
1709 1460 1913 1515 privatam
1947 1492 1960 1514 ‚
2004 1463 2103 1516 (g)
2152 1460 2284 1504 forsan

1248 1516 1341 1570 quia
1386 1529 1549 1560 tantum
1594 1517 1767 1572 publicis
1813 1517 1990 1573 personis
2034 1517 2283 1574 publicaeque

1123 1574 1201 1617 hoc
1251 1572 1377 1615 solum
1427 1574 1617 1618 utilitatis
1659 1575 1773 1618 causa
1815 1574 1904 1618 usus
1945 1590 2153 1618 armorum
2198 1590 2288 1631 per-

1249 1631 1522 1674 mittebatur·
1512 1664 1524 1683 ‚
1576 1647 1644 1686 per
1676 1632 1781 1688 leges
1810 1631 1928 1675 enim
1957 1634 2063 1676 XII.
2096 1633 2178 1675 tab.
2209 1647 2286 1676 ne-

1251 1688 1355 1730 mini
1402 1689 1560 1744 privato
1591 1690 1887 1732 concedebatur
1934 1689 2007 1733 effe
2040 1705 2134 1732 cum
2167 1689 2282 1733 telo:

155 1758 349 1788 mentum
398 1743 660 1796 excluditur,
703 1759 794 1787 earn
839 1744 970 1800 legem
1022 1747 1069 1789 ad
1125 1744 1203 1787 sola
1250 1745 1319 1787 eth
1364 1760 1446 1789 non
1490 1746 1616 1789 desint
1658 1746 1846 1801 exempla
1895 1745 1955 1789 vis
1986 1744 2131 1802 absque
2161 1746 2287 1790 armis

156 1800 435 1845 masculorum
468 1801 576 1843 inter
612 1800 645 1844 se
673 1801 943 1844 matrimonia
977 1802 1203 1846 referentis.

160 1862 302 1914 Atque
338 1858 413 1901 hac
445 1857 490 1900 in
524 1857 613 1913 lege
644 1857 934 1902 obscuritatem
965 1859 1056 1902 data
1081 1875 1203 1914 opera

159 1915 368 1971 quaesitam
401 1913 515 1958 fuisse
547 1914 786 1958 crediderim
816 1947 827 1968 ,
859 1927 904 1959 ut
935 1917 1097 1959 auribus
1131 1932 1203 1969 po-

161 1971 247 2027 puli
284 1971 415 2014 honos
448 1971 702 2015 haberetur:
750 1972 987 2028 scelerisque
1030 1974 1202 2027 turpitu

160 2030 211 2071 do
262 2028 408 2071 nefarii
443 2029 711 2083 perplexitate
763 2030 982 2072 verborum
1017 2030 1202 2073 involve-

163 2097 275 2129 retur
296 2116 305 2126 .
337 2086 530 2129 Tandem
566 2098 709 2128 contra
743 2085 819 2128 hoc
847 2087 1051 2140 flagitium
1085 2087 1205 2131 vehe-

160 2154 322 2187 menter
351 2143 394 2186 &
426 2142 677 2195 Jussinianus
709 2143 855 2187 exarsit
880 2175 889 2186 .
921 2144 987 2196 (d)

350 2257 791 2300 CAPUT
893 2258 1020 2302 XCI.

164 2371 236 2416 Ad
270 2371 328 2428 leg
331 2387 388 2414 em
433 2371 642 2414 Plautiam
690 2370 746 2415 Θ
796 2372 918 2428 legem
958 2373 1116 2426 Juliam
1162 2373 1209 2415 de

370 2429 419 2471 vi
452 2430 617 2484 publica
649 2427 706 2473 &⁵
736 2429 784 2472 vi
808 2430 1005 2486 privata.

280 2541 444 2605 Epressa
479 2541 648 2588 libidine
675 2543 945 2599 reprimamus
974 2543 1017 2587 ἃ
1048 2542 1207 2587 violen-

311 2600 416 2643 tiam
460 2615 529 2655 per
578 2600 682 2656 leges
713 2602 758 2644 de
791 2617 832 2643 vi
867 2600 965 2644 latas
1003 2633 1015 2654 ‚
1060 2616 1208 2655 nempe

171 2655 297 2710 illas,
340 2672 428 2713 quae
471 2671 710 2714 perpetuam
755 2657 904 2701 habent
936 2659 1205 2714 potestatem:

177 2730 274 2758 nam
309 2730 363 2758 eae
385 2745 397 2768 ‚
429 2730 517 2770 quae
560 2731 632 2770 pro
665 2730 705 2758 re
738 2727 833 2758 nata
877 2716 919 2758 in
953 2716 1210 2770 temporariis

177 2772 349 2829 reipubl.
394 2772 694 2816 neceffitatibus
740 2772 789 2816 ad
831 2785 958 2817 certas
1003 2773 1213 2817 seditiones

178 2901 516 2912 ...α-ι*-

628 2903 753 2913 ..—

867 2901 992 2915 ——.

224 2930 274 2968 [a]
306 2930 376 2963 Αᾶ.
402 2942 425 2962 ι.
439 2932 525 2972 scen.
548 2943 574 2964 1.
590 2932 733 2973 vers-43·
758 2933 836 2966 vide
850 2935 984 2967 Petrum
1002 2931 1123 2966 Vistor.
1143 2941 1218 2966 var.

179 2973 250 3008 lefl.
276 2975 330 3007 tib.
353 2987 406 3007 21.
429 2986 495 3018 cap
515 2987 544 3014 3.

228 3018 277 3059 [b]
306 3018 359 3049 l¹b
383 3030 409 3051 ¹·
428 3022 583 3064 epigram.
602 3030 655 3061 25.

230 3064 274 3102 [c]
303 3062 360 3094 lilr.
375 3075 405 3101 4
423 3066 502 3107 eleg.
520 3071 552 3098 6.

232 3107 285 3150 [d]
313 3110 403 3141 Νου
397 3120 463 3151 77.
469 3078 517 3144 {⁹⁴
535 3109 783 3152 141.Gudelin.
798 3110 836 3147 de
850 3110 913 3153 jur.
928 3109 1045 3157 uoviff.
1061 3113 1083 3147 l·
1095 3119 1124 3153 5·
1140 3113 1225 3149 e018·

1254 1802 1375 1844 illatae
1401 1834 1412 1856 ‚
1447 1818 1534 1858 quae
1568 1802 1798 1868 referuntur
1833 1803 1879 1846 ad
1916 1802 2005 1846 vim
2041 1803 2284 1859 publicam·
2273 1835 2287 1857 ‚

1254 1859 1370 1901 credo
1400 1874 1564 1915 propter
1588 1860 1772 1904 criminis
1803 1860 2063 1904 atrocitatem
2088 1892 2100 1914 ‚
2132 1873 2201 1904 aut
2222 1876 2285 1915 pe·

1256 1915 1458 1959 ticulum:
1495 1917 1599 1961 unde
1636 1918 1722 1974 lege
1759 1918 1806 1960 de
1843 1919 1883 1961 vi
1927 1917 2036 1973 publ
2041 1933 2086 1960 ca
2130 1930 2291 1961 tenetur

1254 1974 1321 2029 qui
1351 1974 1552 2029 virginem
1580 1975 1784 2030 rapuerit,
1815 1987 1884 2017 aut
1923 1990 1973 2017 ex
2000 1975 2188 2018 incendio
2211 1973 2290 2017 ali-

1254 2030 1351 2085 quid
1377 2031 1608 2085 abstulerit,
1633 2046 1704 2075 aut
1727 2033 1875 2074 coaetis
1902 2030 2138 2074 hominibus
2163 2031 2290 2074 etiam

1259 2087 1337 2130 fine
1371 2088 1495 2130 armis
1521 2088 1700 2145 aliquem
1726 2088 1900 2143 presserit
1928 2104 1937 2129 τ
1973 2089 2116 2144 quibus
2139 2087 2294 2131 aeribus

1260 2145 1421 2187 libertas
1463 2159 1583 2200 atque
1634 2146 1762 2188 tutela
1787 2145 1949 2201 publica
1975 2146 2176 2189 minuitur
2202 2177 2214 2199 ‚
2247 2156 2294 2188 ut

1260 2214 1373 2244 notat
1398 2201 1590 2252 Cujacius
1611 2219 1620 2244 ε
1655 2204 1722 2255 (h)
1745 2203 1800 2245 ita
1825 2214 1869 2245 ut
1892 2203 1972 2246 sine
2003 2203 2127 2246 armis
2152 2216 2296 2258 poten-

1259 2259 1313 2301 tia
1340 2271 1478 2302 tamen
1504 2272 1735 2304 exerceatur
1760 2272 2040 2303 armatorum.
2075 2260 2190 2304 Idem
2210 2261 2298 2303 Cu·

1258 2314 1382 2367 jacius
1418 2316 1585 2369 definit,
1618 2317 1705 2360 iim
1733 2316 1940 2373 publicam
1972 2318 2045 2361 esse
2065 2350 2078 2372 ‚
2110 2316 2296 2373 quaejuri

1261 2372 1424 2427 publico
1451 2373 1706 2426 adversatur3
1733 2374 1935 2430 privatam
1961 2390 2082 2428 vero,
2109 2389 2195 2430 quae
2217 2375 2298 2430 pri-

1262 2430 1361 2472 vatis
1391 2430 1592 2485 personis.
1625 2431 1700 2474 Sed
1725 2447 1819 2474 cum
1850 2432 2022 2487 quilibet
2043 2431 2226 2487 privatus
2246 2446 2291 2474 in

1263 2487 1414 2543 publici
1458 2503 1556 2538 juris
1599 2487 1773 2532 custodia
1818 2500 2010 2541 maneat,
2055 2500 2124 2538 aut
2155 2488 2299 2532 falsam

1265 2544 1497 2600 putabimus
1519 2545 1623 2589 hanc
1647 2546 1697 2588 ab
1720 2561 1769 2588 eo
1795 2546 1982 2588 traditam
2010 2545 2300 2599 differentiam3

1260 2615 1329 2666 aut
1378 2602 1434 2645 ita
1468 2601 1552 2645 haec
1584 2602 1863 2656 accipiemus,
1913 2602 2022 2658 quasi
2059 2603 2220 2658 publica
2255 2603 2302 2666 sit

1266 2659 1328 2702 vis
1351 2690 1362 2711 ,
1395 2673 1482 2715 quae
1514 2659 1573 2710 jus
1605 2659 1815 2714 publicum
1857 2659 2008 2703 direffio
2040 2673 2175 2724 petit,
2220 2659 2304 2715 pri-

1266 2729 1410 2760 vatum
1454 2717 1617 2780 oblique
1662 2733 1708 2760 ac
1750 2732 1818 2771 per
1862 2717 2225 2773 consequentiam:
2259 2717 2302 2760 Sc

1267 2785 1409 2817 contra
1450 2788 1544 2818 earn
1575 2789 1662 2818 vim
1694 2774 2018 2819 existimabimus
2061 2775 2263 2831 privatam
2288 2805 2302 2827 ‚

2216 2846 2304 2886 quae

1267 2904 1376 2913 ——a
2077 2903 2298 2914 ——-—-—q

1318 2933 1368 2975 (e)
1394 2932 1499 2966 Paull-
1507 2935 1592 2974 sent.
1609 2933 1667 2967 lib.
1686 2943 1714 2974 5.

1314 2978 1377 3020 (f)
1400 2976 1514 3013 euiac.
1529 2981 1641 3012 adtit-
1658 2983 1693 3011 C
1707 2980 1788 3012 adl.
1799 2981 1879 3019 sul.
1895 2980 1933 3012 de
1948 2979 1985 3012 vi
1998 2977 2072 3020 pub.

1318 3022 1380 3066 (g)
1404 3021 1516 3063 Instit.
1537 3025 1574 3056 de
1589 3024 1676 3065 publ.
1691 3023 1760 3063 iud.
1780 3027 1806 3067 §.
1829 3026 1860 3055 8.

1317 3067 1372 3110 (h)
1398 3067 1452 3102 Aa
1468 3069 1558 3104 situl.
1573 3070 1653 3104 cod.
1669 3070 1711 3103 ad
1724 3071 1787 3112 leg
1796 3070 1874 3110 Jut
1890 3068 1928 3101 de
1943 3067 1980 3100 vi
1993 3065 2080 3110 publ.
2097 3066 2135 3099 ὼ·
2150 3067 2305 3110 privam·
