2596 3479
596 90 645 143 E
687 87 742 141 T
830 84 978 139 XII.

213 167 397 214 &oritate
429 193 442 219 ,
474 163 811 208 Proculianorum
869 157 1068 203 sententia
1113 156 1216 201 vicit
1243 183 1252 195 .

213 221 562 277 Hinc'Romani,
588 221 657 278 qui
695 235 736 262 re
758 216 944 275 pecuaria
974 227 1091 259 erant
1128 215 1252 258 abun—

209 281 415 324 dantiores
450 312 462 334 ‚
494 279 613 335 pretii
649 276 739 320 loco
772 306 784 329 ,
834 273 1002 329 pecudes
1043 272 1255 315 tradebant

208 337 527 391 venditoribus-‚3
566 335 736 389 ideoque
783 330 1082 387 patrimonium
1134 345 1247 385 pecu-

210 394 257 438 lii
302 394 472 438 nomine
522 392 805 435 continetur:
859 387 989 442 postea
1044 387 1130 430 rudi
1181 401 1255 429 aere

208 451 385 507 appenso
431 449 492 494 uti
535 460 748 502 coeperunt
785 463 794 486 :
847 445 976 488 donec
1028 460 1051 487 a
1099 444 1255 487 Graecis

210 519 408 552 nummos
439 518 649 562 percutere
675 536 687 557 ,
716 516 836 558 atque
870 502 912 544 in
947 500 1109 557 publico
1144 501 1255 557 signo

211 566 329 621 pretii
376 563 663 607 aufioritatem
730 560 773 604 ὃς
816 572 960 602 notam
995 590 1007 613 ,
1067 574 1252 602 commu-

209 637 387 677 nemque
451 635 587 663 rerum
638 617 949 661 aestimationem
1000 631 1147 670 ponere
1196 616 1251 657 di-

209 679 433 722 dicerunt.
479 675 751 720 Pecuniarum
792 674 906 717 enim
964 685 1060 715 nota
1105 673 1254 729 signifi-

212 749 278 779 cat
313 735 466 790 pondus
509 748 647 776 earum
677 765 689 785 ,
733 744 778 775 ut
814 730 1106 774 contrahentes
1152 745 1248 785 pon-

207 791 373 835 derandi
407 806 530 834 onere
563 790 785 833 liberentur
836 803 905 843 per
950 787 1181 842 impressam
1213 787 1255 829 in

212 864 392 892 nummo
445 846 653 903 publicam
685 847 843 890 fidem.
889 847 1123 897 Argentum
1160 860 1257 888 vero

205 906 250 949 δ(
282 919 425 948 aurum
452 937 464 959 ,
498 915 709 960 propterea
746 901 852 958 quod
890 902 1014 946 essent
1057 902 1104 945 ad
1143 901 1254 944 usum

209 961 463 1016 expeditiora
498 993 509 1014 ,
548 962 717 1004 inventa
750 961 915 1003 suerunt
966 976 1037 1015 pro
1069 974 1253 1002 commu-

208 1019 252 1062 ni
289 1018 458 1062 materia
490 1017 807 1073 permutationis
837 1049 844 1059 .
878 1017 948 1060 Est
990 1016 1102 1060 enim
1138 1032 1258 1058 num-

208 1091 301 1119 mus
335 1091 558 1119 commune
606 1075 922 1129 permutationis
954 1074 1210 1116 elementum
1246 1105 1257 1124 ,

208 1132 520 1188 communisque
573 1131 809 1183 terminus,
853 1129 902 1173 ad
950 1146 1073 1187 quam
1121 1132 1258 1173 omnis

206 1189 458 1245 permutatio
509 1188 686 1230 trahitur
725 1219 734 1230 .
787 1189 901 1230 Nam
944 1187 1010 1230 ubi
1057 1203 1118 1229 res
1162 1202 1255 1229 cum

194 1247 326 1289 “rebus
383 1246 474 1288 aliis
531 1256 760 1301 permutata
825 1244 988 1286 devenit
1047 1243 1093 1285 ad
1139 1257 1255 1296 pecu-

208 1305 323 1346 niam
376 1334 388 1355 ,
444 1301 498 1344 ibi
545 1300 684 1344 omnis
738 1300 939 1343 continuo
981 1299 1257 1341 commutatio

207 1358 384 1403 consistit
413 1389 422 1400 .
468 1359 560 1400 Nec
605 1358 726 1401 modo
759 1356 1037 1411 antiquissima
1062 1387 1074 1409 ,
1122 1354 1181 1398 sed
1214 1355 1256 1398 ὅτ.

203 1428 338 1460 mater
392 1414 434 1458 ἃ
479 1415 612 1457 semen
674 1413 924 1469 permutatio
980 1412 1033 1455 est
1086 1425 1251 1456 contra·

211 1474 354 1517 &uum
417 1471 498 1514 fere
552 1471 837 1515 universorum
877 1502 886 1513 .
937 1470 1051 1512 Nam
1116 1483 1257 1525 praeter

206 1528 558 1586 permutationem
594 1528 649 1572 rei
701 1544 796 1571 cum
830 1543 870 1571 re
895 1558 907 1580 ‚
950 1542 1039 1581 quae
1081 1527 1248 1581 peculia-

206 1588 242 1629 ri
291 1587 604 1641 permutationis
659 1586 830 1628 nomine
879 1584 996 1626 venit
1033 1616 1046 1638 ,
1089 1584 1132 1626 in
1164 1584 1254 1627 aliis

207 1644 353 1687 itidem
393 1643 670 1686 contraStibus
704 1643 784 1686 sere
833 1641 1026 1685 omnibus
1072 1641 1150 1684 [ive
1183 1657 1236 1684 no

206 1701 379 1744 minatis
421 1732 434 1754 ,
493 1700 572 1744 sive
630 1699 903 1743 innominatis
943 1731 956 1752 ‚
1012 1699 1257 1753 permutatio

209 1759 449 1802 continetur
474 1789 487 1803 2
531 1757 703 1801 Etenim
750 1758 791 1800 in
826 1755 991 1812 reliquis
1022 1756 1248 1799 innominav

207 1815 260 1859 tis
292 1847 304 1869 ,
337 1814 399 1857 vel
434 1826 554 1869 Opera
588 1831 683 1858 cum
717 1830 838 1870 opera
870 1846 880 1867 ,
914 1812 979 1856 vel
1010 1828 1131 1867 opera
1163 1829 1256 1856 cum

208 1887 252 1915 re
286 1905 298 1926 ,
333 1871 395 1915 vel
431 1887 491 1915 res
536 1888 629 1915 cum
662 1888 783 1927 opera
828 1884 1082 1927 permutatur
1116 1887 1125 1912 :
1162 1887 1252 1926 qua-

209 1929 265 1972 iia
301 1928 391 1971 sunt
443 1929 555 1984 paSta
590 1930 660 1971 ilia
705 1928 812 1982 facio
844 1961 857 1982 ,
901 1940 943 1971 ut
969 1926 1102 1980 facias
1136 1944 1151 1967 .·
1190 1926 1258 1980 fa-

211 1986 269 2027 cio
300 2017 312 2037 ,
345 1997 388 2026 ut
419 1987 488 2028 des
509 2002 523 2025 :
557 1986 604 2027 do
638 2017 649 2037 ,
682 1998 725 2028 ut
754 1985 889 2039 facias
914 2016 922 2026 .
958 1987 1006 2026 In
1040 1985 1259 2027 contraEti-

210 2042 283 2083 bus
330 2054 467 2084 autem
512 2041 738 2084 nominatis
781 2041 846 2083 vel
894 2053 1148 2095 permutatur
1192 2056 1255 2094 per

213 2096 337 2140 cunia
370 2113 464 2141 cum
501 2113 541 2140 re
580 2130 592 2151 ‚
635 2099 739 2141 unde
773 2097 958 2141 venditio
995 2129 1007 2151 ‚
1043 2097 1105 2140 vel
1140 2112 1259 2152 pecu-

211 2155 281 2197 nia
327 2170 421 2197 cum
470 2155 640 2209 pecunia
679 2188 693 2210 ,
735 2156 841 2199 unde
882 2166 1013 2211 graeco
1062 2155 1259 2198 vocabulo

214 2209 434 2265 collybus,
482 2211 607 2266 vulgo
658 2214 865 2256 cambium
897 2245 911 2266 ,
955 2211 1018 2255 vel
1051 2213 1260 2268 quantitas

213 2283 309 2313 cum
373 2268 548 2314 ejusdem
596 2270 756 2325 generis
822 2269 1050 2325 quantitate
1084 2303 1096 2324 ‚
1155 2272 1259 2315 unde

212 2337 443 2379 mutuum3
473 2327 554 2379 (⁴)
590 2326 652 2370 vel
685 2328 774 2371 usus
809 2327 863 2370 rei
914 2342 1006 2370 cum
1042 2329 1213 2383 pecunia
1245 2360 1257 2382 ‚

211 2382 256 2425 ὅ(
298 2383 481 2427 mercede
515 2415 527 2437 ,
574 2384 677 2428 unde
727 2384 914 2438 locatio3
961 2384 1023 2428 vel
1070 2385 1157 2428 usus
1204 2387 1258 2429 rei

220 2441 493 2502 cum-gratia
536 2441 688 2485 utentis
714 2474 726 2496 ,
770 2442 874 2484 unde
907 2441 1214 2485 commodatum
1248 2460 1260 2498 3

206 2496 285 2537 ‘vel
333 2497 416 2551 ipsa
450 2512 509 2540 res
545 2529 557 2549 ‚
608 2512 677 2541 aut
733 2515 827 2542 cum
879 2498 1008 2553 gratia
1059 2511 1258 2554 tantum,

217 2564 289 2616 aut
336 2569 431 2595 cum
467 2555 792 2608 ‘praecedentibus
845 2555 1005 2598 meritis
1055 2556 1259 2612 accipien-

218 2623 273 2654 tis
302 2641 315 2665 ,
348 2610 452 2654 unde
483 2611 653 2656 donatio
678 2644 691 2668 ,
733 2613 810 2657 five
842 2612 1017 2670 gratuita
1043 2644 1056 2667 ,
1088 2613 1167 2657 sive
1199 2631 1261 2659 re-

217 2743 323 2753 —u-
337 2747 1254 2767 ——mo—*m*

251 2778 349 2830 st..)
396 2779 495 2831 <3⁰⁰5
522 2792 622 2824 genus
662 2793 762 2817 nemo
791 2783 1071 2825 permutationem
1100 2783 1258 2823 dixerit,

220 2823 336 2856 Finito
373 2835 462 2874 enim
498 2826 668 2860 contrastu
717 2828 864 2863 redditur
913 2828 1029 2862 fimilis
1064 2831 1257 2872 quantitas,

221 2865 371 2919 adeoque·
397 2869 485 2902 idem
503 2894 512 2907 ,
541 2882 606 2904 non
637 2871 749 2913 aliud,
792 2884 891 2917 quam
920 2873 1008 2917 quod
1033 2876 1148 2908 datum
1174 2884 1257 2906 erat.

223 2909 316 2943 Idem
340 2912 516 2965 dnm-:endum
546 2916 585 2948 de
614 2920 769 2951 ommi-us
804 2919 1027 2952 contractibus
1055 2919 1255 2952 unilaterali-

223 2955 282 2987 bus
298 2978 307 2991 2
334 2960 391 2990 mh
408 2978 417 2995 ‚
446 2968 518 3000 quae
544 2960 617 2994 sunt
648 2963 831 2996 voluntatis
851 2987 860 3002 s
885 2965 925 2997 iis
950 2963 1152 2998 confundere
1181 2965 1261 2996 veli-

223 3009 325 3050 mus3
353 3011 424 3051 9¹?ae
452 3006 642 3039 neceffiratis
669 3006 859 3041 habentur,
888 3010 1079 3049 Depositum
1106 3010 1195 3043 enirn
1213 3008 1261 3048 ju-

222 3054 257 3078 re
299 3045 389 3076 εινὼ
432 3056 561 3088 quoque
600 3053 782 3092 gvaxuitum
819 3055 863 3086 est
883 3075 893 3092 ‚
923 3055 979 3088 etfi
1011 3056 1079 3088 vice
1109 3055 1261 3088 custodiae

228 3088 412 3122 mercedem
457 3094 596 3145 praessari
635 3097 688 3129 lex
731 3098 946 3139 gratitudinis
978 3098 1111 3138 jubeat·
1139 3103 1261 3133 Mutuo

224 3135 258 3167 δι
300 3134 449 3179 deposito
488 3136 607 3172 fimssn
629 3140 754 3185 reliqua
777 3143 910 3187 negotia
925 3165 938 3185 ,
964 3144 1000 3179 in
1023 3145 1144 3189 quibus
1167 3144 1258 3180 beni-

1070 77 1944 136 TABULARUM.v

2230 92 2254 130 1
2274 93 2292 130 x
2307 94 2337 147 7

1303 157 1579 201 muneratoria
1621 172 1630 198 :
1690 166 1736 198 ut
1783 151 2012 198 contraS‘cus
2066 151 2149 196 fere
2201 167 2349 196 omnes

1302 213 1422 258 facile
1474 215 1523 258 ad
1573 228 1699 257 unam
1757 209 2104 268 permutationem
2153 222 2357 254 revocenu

1304 284 1397 316 tur:
1433 273 1526 327 quia
1558 270 1809 315 commercia
1854 268 1965 311 inter
2007 266 2198 310 homines
2231 283 2356 322 pepe«

1305 328 1357 372 rit
1377 360 1390 382 ‚
1422 329 1486 372 vel
1519 329 1659 383 inopia
1704 341 1840 371 rerum
1865 356 1879 379 ,
1911 340 2084 380 quarum
2126 336 2213 367 erat
2245 324 2352 379 apud

1303 386 1404 430 alios
1441 385 1554 440 copia
1582 401 1594 438 3
1626 383 1691 428 vel
1726 384 1874 440 egestas
1904 382 2038 437 operis
2068 379 2194 425 alieni
2222 398 2231 422 ε
2275 396 2353 424 un-

1302 444 1348 486 de
1393 457 1525 486 rerum
1559 474 1573 496 ,
1613 441 1655 484 δι
1697 455 1871 495 operum
1926 438 2179 483 diversorum
2239 453 2358 481 com-

1305 502 1533 543 mutatione
1591 497 1882 543 communibus
1929 496 2230 540 neceffitatibus
2273 494 2355 538 suit

1302 557 1596 601 occurrendum
1634 587 1644 598 .
1700 553 1973 610 Frequentia.
1999 569 2095 598 vero
2150 563 2363 597 commert-

1303 616 1462 659 ciorum
1513 628 1632 667 atque
1665 612 2018 668 permutationum
2052 643 2065 665 ,
2100 610 2242 655 sensim
2287 610 2353 653 in«

1307 685 1367 716 ter
1419 672 1610 715 homines
1657 668 1988 714 benevolentiam
2034 668 2193 725 peperit
2222 699 2233 721 ,
2275 681 2356 723 qua

1307 729 1515 773 conciliati
1550 739 1764 782 coeperunt
1808 726 2013 783 propriam
2046 726 2213 783 quisque
2255 740 2356 768 cum

1305 787 1441 830 aliena
1484 784 1695 841 diligentia
1739 800 1941 841 operaque
1972 816 1984 838 ‚
2030 797 2254 828 commune
2305 782 2355 824 ad

1307 845 1463 888 lucrum
1496 844 1776 896 damnumve,
1820 842 2023 886 mercium
2066 840 2356 885 communica-

1308 902 1420 945 tione
1452 900 1699 957 conjungere
1725 932 1738 955 ,
1776 899 1881 943 unde
1915 899 2122 943 societates
2165 895 2357 952 negotio·-

1309 975 1430 1002 rum:
1468 959 1610 1014 quibus
1652 957 1884 1001 exercendis
1906 988 1919 1010 ,
1954 955 2023 1000 ubi
2062 954 2228 999 alterius
2265 951 2358 996 fidei

1308 1015 1534 1072 periculum
1561 1014 1770 1068 fecissent,
1805 1029 1863 1058 res
1893 1025 1962 1058 aut
1983 1013 2088 1057 socio
2116 1046 2128 1066 ,
2162 1023 2231 1056 aut
2251 1010 2358 1053 ami-

1308 1090 1353 1117 co
1387 1072 1505 1116 facile
1534 1072 1747 1116 credebant
1770 1072 1811 1115 in
1838 1070 2072 1114 insidiarum
2101 1070 2363 1125 rapinarum-

1307 1147 1383 1185 que
1413 1129 1593 1184 periculo
1615 1161 1625 1181 ,
1659 1129 1765 1172 unde
1794 1127 2016 1183 depositum
2043 1144 2052 1168 ε
2087 1140 2157 1170 aut
2186 1126 2320 1170 eidem
2350 1156 2363 1177 ‚

1311 1188 1335 1229 si
1368 1202 1477 1229 mors
1510 1185 1748 1229 immineret
1768 1218 1780 1238 ‚
1815 1187 1870 1229 ita
1901 1185 2108 1228 donabant
2135 1216 2146 1237 ‚
2180 1195 2225 1226 ut
2256 1182 2356 1225 dan-

1308 1243 1337 1284 ti
1367 1273 1379 1296 ,
1412 1242 1438 1285 si
1471 1254 1648 1285 mortem
1679 1243 1899 1297 effugeret,
1932 1242 2221 1294 redderentur,
2249 1239 2356 1282 unde

1308 1299 1550 1342 donationes
1600 1299 1714 1340 causa
1747 1300 1922 1341 mortis:
1967 1310 2084 1353 atque
2127 1297 2173 1339 ad
2211 1310 2355 1339 eorum

1307 1355 1544 1411 exempium
1578 1355 1850 1407 testamenta,
1882 1370 1969 1410 quae
2003 1355 2028 1396 fi
2062 1353 2269 1396 solvantur
2295 1352 2387 1409 so·-

1310 1413 1594 1457 lemnitatibus
1627 1411 1725 1463 juris
1755 1412 1890 1455 civilis
1918 1443 1929 1464 ,
1962 1411 2006 1454 ἃ
2037 1410 2083 1453 ad
2117 1408 2361 1464 simplicita-

1311 1484 1393 1513 tim
1419 1470 1518 1523 juris
1550 1471 1737 1525 gentium
1772 1470 2004 1524 redigantur
2024 1499 2036 1521 ,
2071 1483 2153 1510 non
2182 1466 2264 1510 alio
2296 1465 2364 1509 di-

1310 1529 1413 1570 stant
1455 1543 1476 1570 a
1500 1527 1790 1571 donationibus
1817 1527 1931 1569 causa
1952 1525 2122 1568 mortis:
2158 1524 2230 1567 nisi
2251 1523 2359 1581 quod

1308 1585 1376 1628 hic
1409 1584 1501 1627 insit
1538 1583 1619 1639 spes
1650 1583 1786 1638 aliqua
1817 1583 1947 1636 vitae,
1981 1583 2033 1626 ibi
2067 1598 2162 1626 vero
2195 1593 2356 1624 tanturn

1309 1641 1571 1685 consideratio
1604 1642 1750 1684 mortis
1785 1640 2014 1683 intervenit
2044 1656 2055 1694 3
2087 1656 2183 1683 cum
2218 1651 2358 1681 tamen

1311 1699 1431 1742 iidem
1463 1697 1623 1741 effebhis
1657 1698 1843 1752 utrinque
1878 1698 2129 1752 procedant:
2165 1708 2210 1739 ut
2247 1696 2289 1738 &
2315 1695 2354 1737 id

1307 1756 1430 1800 etiam
1460 1755 1634 1798 habeant
1667 1769 1888 1799 commune
1922 1786 1934 1807 ,
1966 1755 2071 1810 quod
2116 1754 2357 1796 testamenta

1308 1828 1466 1869 quoquc
1517 1813 1694 1855 recidant
1750 1813 1791 1855 in
1827 1812 2209 1866 permutationem3
2255 1823 2355 1852 nam

1310 1870 1419 1914 ficuti
1454 1870 1642 1912 donando
1675 1902 1687 1922 ,
1721 1869 1777 1913 ita
1810 1869 1986 1912 testando
2033 1884 2117 1911 rem
2151 1883 2245 1910 cum
2294 1865 2361 1911 su-

1311 1927 1482 1981 perstitis
1512 1928 1639 1981 gratia
1661 1958 1672 1980 ,
1703 1926 1959 1981 ejusdemque
1992 1940 2133 1968 manes
2152 1940 2248 1980 erga·
2278 1938 2363 1966 no-

1310 1986 1402 2027 stros
1429 1983 1576 2038 pietate
1605 1995 1931 2026 commutamus.
1967 1983 2051 2025 Vix
2073 1982 2186 2025 enim
2226 1979 2355 2024 ullam

1312 2041 1416 2084 inter
1460 2039 1649 2083 homines
1685 2040 2016 2084 beneficientiam
2048 2038 2226 2093 undique
2256 2052 2362 2093 gra-

1310 2100 1453 2144 tuitam
1489 2097 1770 2141 invenerimus
1785 2129 1794 2140 .
2050 2153 2164 2198 XIII

1646 2214 1713 2258 De
1737 2213 1836 2265 Jure
1868 2211 1991 2255 Pacis·
2012 2243 2020 2254 .

1361 2270 1515 2325 Girur‚
1548 2269 1901 2327 progredientibus
1927 2266 2188 2312 commerciis
2218 2297 2230 2320 ,
2266 2266 2360 2323 plu-

1390 2329 1579 2383 rimisque
1612 2327 1780 2370 familiis
1816 2326 1860 2369 in
1899 2326 2039 2370 eadem
2070 2325 2156 2377 jura
2204 2341 2356 2369 coeun-

1313 2386 1417 2429 tibus
1445 2418 1456 2438 ,
1503 2400 1852 2441 communemque
1904 2384 2218 2426 commodorum
2254 2414 2267 2435 ,
2310 2382 2354 2425 &

1309 2443 1666 2486 incommodorum
1723 2442 1793 2484 fibi
1838 2440 2076 2484 ducentibus
2130 2437 2313 2494 reguiam
2344 2468 2358 2490 ‚

1308 2515 1394 2555 quae
1436 2499 1506 2541 fibi
1552 2498 1702 2554 pariter
1751 2497 1861 2540 mala
1917 2497 2153 2540 defenderet
2192 2526 2204 2548 ,
2254 2496 2361 2539 bona

1308 2557 1626 2608 contribueret3
1665 2570 1790 2597 unam
1830 2569 1974 2597 omnes
2005 2553 2258 2608 eandemque
2307 2552 2365 2596 il-

1311 2614 1349 2657 la
1380 2630 1429 2658 ex
1462 2612 1720 2661 institutione
1741 2611 1964 2657 conflatam
1997 2610 2199 2666 suscepere
2232 2625 2357 2654 men·

2237 2679 2323 2713 tem
2347 2684 2358 2710 2

1308 2784 1415 2827 gnitas
1445 2784 1610 2822 vertitur,
1648 2784 1753 2817 veluti
1786 2782 1948 2822 donatio,
1977 2782 2110 2816 heredis
2150 2780 2317 2814 institutio
2346 2803 2359 2822 ,

1309 2830 1477 2872 legatum,
1503 2829 1788 2863 fideicommiffum
1807 2852 1818 2864 ,
1858 2827 1920 2860 nisi
1947 2827 2034 2871 quod
2061 2828 2094 2860 in
2121 2826 2364 2870 posterioribus

1310 2875 1473 2918 reciproca
1503 2875 1664 2917 praestatio
1696 2872 1851 2908 defuncto
1880 2885 1919 2906 ne
1946 2873 2079 2915 quidem
2112 2870 2203 2906 reddi
2240 2873 2365 2913 potest,

1307 2919 1447 2962 adeoque
1474 2930 1491 2951 a
1521 2920 1769 2962 permutatione
1809 2918 1990 2961 longissime
2022 2915 2148 2950 recedit
2168 2938 2178 2955 ‚
2212 2928 2288 2949 cum
2319 2917 2358 2950 sx-

1308 2976 1346 2997 ne.
1375 2964 1497 2997 mutuis
1523 2965 1784 3006 praestationibus
1810 2962 2015 3006 permutatio
2033 2973 2099 2995 non
2124 2961 2355 3003 intelligatur.

1309 3014 1554 3044 Annumeretur
1592 3008 1692 3053 ergo*
1717 3010 1748 3041 δε
1789 3008 1878 3049 hoc,
1917 3019 1972 3046 per
2002 3017 2061 3040 nos
2096 3007 2199 3041 licet.
2233 3006 2360 3039 lusibus

1307 3055 1454 3135 ἓῃῗεέιὶὶὶ,
1494 3055 1614 3098 quibus
1652 3053 1775 3090 exustor
1815 3052 1983 3089 interdum
2026 3053 2064 3086 in
2089 3050 2355 3096 philosophando

1330 3112 1345 3135 e
1362 3112 1377 3135 e
1415 3109 1510 3136 atur.
