2596 3479
261 72 371 143 305

999 82 1141 134 DE
1221 81 1818 157 LEG1BUS‚

257 160 365 191 tores
402 145 511 204 pacis
553 147 649 194 huic
694 151 846 204 judicio
892 153 1054 205 subjecit
1088 187 1101 208 ‚
1148 154 1210 199 sed
1258 155 1302 199 ὃς
1352 160 1695 216 putacreditoris,
1730 161 1939 216 velalius‚
1973 161 2037 207 cui
2059 163 2148 220 quis
2164 165 2386 212 nocuisset.

256 221 354 259 cOS,
387 207 457 262 qui
491 208 799 263 Magistratibus
834 213 1014 256 muneris
1056 212 1302 257 exercitium
1351 215 1473 260 Unde
1507 220 1818 272 permittebatur
1832 221 2076 277 confugium
2102 235 2269 268 tantum
2302 225 2351 268 iis
2377 256 2390 280 ‚

260 264 545 320 impedissent,
580 280 648 310 aut
672 268 839 312 ducibus
870 269 1071 325 hostium,
1104 270 1168 316 vel
1204 287 1302 326 prae-
1351 274 1420 329 qui
1453 275 1576 318 velin
1591 278 1790 332 custodia,
1823 280 1890 322 vel
1923 280 1965 323 in
1995 281 2171 323 vinculis
2196 298 2218 324 a
2244 297 2391 337 poten-

259 323 419 366 donum
462 325 590 379 captis
619 325 865 377 ignovissent
889 359 901 381 ,
924 328 967 372 &
1017 329 1124 385 quod
1181 328 1299 373 Verri

257 380 428 424 Tullius
443 383 507 432 (a)
522 382 699 435 objicit,
732 397 976 439 eosaccepta
993 386 1167 441 pecunia
1199 386 1301 431 libe-

262 439 410 482 rassent
433 454 445 491 3
465 438 613 481 &cum
644 452 831 494 praeterea
851 443 921 497 qui
937 444 1174 498 potestatem
1191 445 1300 488 suam

257 495 459 547 abjecisset
474 526 485 548 ‚
509 511 680 552 eamque
696 498 909 543 defendere
924 501 1186 557 neglexisset:
1205 518 1299 546 cum

293 554 429 596 ublico
455 568 625 597 munere
644 555 904 611 fungeretur.
927 559 991 610 (b)
1005 560 1199 603 Tandem
1231 560 1299 611 Ju-

255 569 339 654 iius
363 610 497 652 Caesar
520 642 532 664 ,
559 612 674 663 (*)&
701 614 784 667 post
810 630 903 658 eum
935 617 1162 671 Augustus,
1196 618 1300 661 unde

257 668 356 711 huic
374 667 453 723 legi
469 683 651 723 nomen,
676 671 817 722 fidia,
847 688 994 728 nempe
1019 673 1255 728 Maiestatis
1287 691 1299 729 3

253 726 333 768 alia
350 726 577 769 criminum
598 727 731 782 capita
754 728 1022 783 superioribus
1035 729 1270 782 adjecerunt
1288 764 1300 786 ‚

253 798 342 838 quae
363 799 385 825 a
402 783 703 830 jurisconsultis
725 787 866 829 nostris
897 787 1128 831 referuntur
1154 821 1162 831 .
1196 791 1299 834 Ete-

252 841 345 883 nim
375 841 779 898 priscistemporibus
806 843 1021 895 majestatis
1048 861 1200 889 nomen
1235 846 1298 889 in-

253 909 316 940 tra
346 898 669 952 perduellionem
703 901 996 945 continebatur
1024 918 1037 956 ς,
1078 903 1185 957 quod
1217 903 1296 948 cri-

257 970 359 999 men
398 969 484 999 erat
515 956 689 1000 hostium
723 958 862 1012 patriae
889 990 901 1011 ‚
929 960 1007 1002 five
1039 960 1207 1004 illorum
1240 961 1296 1005 ci-

259 1013 406 1065 vium,
437 1014 506 1069 qui
524 1030 672 1069 opera,
699 1015 796 1059 dolo
827 1048 840 1070 ,
871 1017 1040 1060 consilio
1066 1050 1079 1072 ‚
1111 1030 1180 1061 aut
1212 1034 1300 1062 ma-

253 1070 492 1114 chinatione
506 1072 642 1127 aliqua
658 1104 670 1126 ‚
696 1074 825 1117 etiarn
846 1074 926 1118 sine
950 1074 1035 1118 ullo
1050 1075 1191 1118 effeStu
1213 1108 1224 1128 ‚
1243 1077 1295 1119 se·

251 1127 455 1170 ditionem
478 1144 770 1185 commovere,
803 1131 867 1174 vel
898 1145 1118 1176 externum
1143 1132 1299 1176 hostem

253 1184 440 1228 suscitare
458 1185 715 1230 studuiffent:
747 1188 879 1232 aliave
896 1190 1050 1233 ratione
1076 1191 1301 1244 rempubli—

253 1257 347 1284 cam
379 1244 668 1297 perturbassent
697 1276 709 1298 ,
741 1258 811 1290 aut
856 1260 1012 1301 partem
1059 1248 1297 1291 discidiffent

253 1298 365 1341 illius
392 1330 401 1341 .
437 1300 622 1344 PorreEta
656 1302 801 1348 deinde
836 1304 1051 1355 majestatis
1083 1303 1147 1348 lex
1174 1304 1251 1348 fuit
1277 1323 1297 1348 a

253 1358 302 1400 I..
328 1355 440 1410 Sylla
471 1389 483 1411 ‚
511 1358 721 1415 posteaque
746 1376 769 1403 a
805 1361 916 1411 Julio
958 1362 1114 1405 Caesare
1141 1394 1153 1413 ‚
1180 1375 1297 1418 atque

251 1414 439 1469 Augusto
457 1445 469 1466 ‚
503 1414 674 1471 aliisque
692 1416 941 1471 principibus
967 1419 1013 1460 ad
1028 1419 1206 1462 crimina
1241 1419 1296 1463 le-

252 1472 370 1514 viora
391 1502 403 1523 ,
437 1471 493 1514 ita
521 1484 564 1515 ut
578 1474 624 1515 ad
641 1473 868 1518 criminum
883 1490 1032 1529 genera
1046 1476 1293 1531 distinguen-

257 1528 306 1571 da
347 1529 514 1571 nomina
543 1545 705 1585 quoque
743 1532 988 1584 distinguere
1023 1534 1253 1587 oportuerit
1287 1566 1295 1576 .

265 1585 389 1628 Unde
431 1586 651 1640 perduelles
696 1587 960 1643 dicebantur,
993 1591 1062 1646 qui
1089 1603 1157 1633 aut
1190 1606 1276 1633 rem

255 1643 465 1699 publicam
511 1645 742 1688 universam
761 1679 771 1699 ‚
803 1659 871 1690 aut
898 1647 1091 1702 principis
1116 1647 1294 1703 dignita-

254 1713 341 1742 tern
383 1700 712 1754 laesiffent:(**)
737 1703 806 1759 qui
841 1720 937 1748 vero
969 1704 1096 1748 levius
1144 1705 1296 1761 aliquid

257 1757 339 1800 hoc
375 1756 418 1799 in
447 1772 593 1811 genere
632 1761 918 1814 perpetrassent
945 1793 957 1814 ‚
990 1761 1044 1805 rei
1083 1761 1297 1813 majestatis

264 1815 539 1859 vocabantur.
567 1818 629 1859 Eo
657 1818 772 1861 enim
806 1819 889 1862 suas
914 1819 1020 1862 vires
1034 1818 1118 1863 haec
1133 1819 1196 1863 lex
1227 1835 1296 1863 ex-

260 1872 421 1925 tendit,
452 1885 496 1915 ut
530 1872 623 1916 illos
647 1874 773 1918 etiam
789 1876 985 1930 arriperet
1005 1909 1017 1929 ‚
1051 1876 1119 1932 qui
1138 1877 1296 1920 Princi-

256 1944 358 1985 pum
391 1929 591 1984 imagines
611 1931 656 1974 in
687 1948 957 1979 communem
990 1934 1147 1988 argenti
1181 1934 1296 1978 usum

255 1999 471 2030 verterant
488 2019 500 2039 ‚
522 2001 590 2031 aut
624 1989 739 2033 urina
763 1991 906 2034 statuas
929 2007 1073 2035 eorum
1101 1992 1295 2047 adsperse-

260 2057 353 2087 rant
381 2076 394 2097 ,
443 2044 576 2089 aliave
621 2047 779 2092 ratione
827 2048 1136 2092 dehonestarant
1163 2080 1171 2090 .
1225 2050 1296 2092 Per

258 2104 299 2145 S.
331 2103 384 2144 C.
431 2115 572 2146 tamen
617 2105 810 2161 supplicio
852 2107 1108 2153 eximebatur
1134 2107 1193 2158 is,
1227 2107 1295 2162 qui

258 2159 466 2203 conflasset
517 2162 659 2205 statuas
709 2164 976 2219 Imperatoris
1019 2166 1251 2216 reprobatas
1283 2196 1295 2217 ‚

258 2217 338 2260 hoc
370 2219 423 2259 est
445 2248 457 2270 ,
490 2218 570 2261 fine
604 2219 721 2273 ipsius
768 2221 956 2275 permissu
999 2221 1144 2264 saffias.
1185 2223 1248 2268 (c
1279 2223 1296 2274 )

259 2280 326 2318 Ac
353 2289 403 2316 ne
440 2274 642 2326 majestate
693 2278 912 2321 statuarum
965 2278 1163 2333 Principis
1196 2278 1294 2322 alie-

257 2346 312 2375 na
345 2329 481 2385 fraus,
514 2332 576 2375 vel
622 2332 824 2377 violentia
873 2348 1155 2391 protegeretur
1183 2368 1194 2379 .
1227 2337 1293 2378 Se-

257 2401 378 2432 natus
423 2389 552 2433 vetuit
605 2391 824 2448 confugere
879 2393 926 2435 ad
978 2394 1123 2437 statuas
1179 2393 1293 2436 Prin-

258 2447 362 2504 cipis
395 2447 437 2491 in
478 2447 673 2492 iniuriam
731 2449 934 2504 alterius,
978 2464 1048 2494 aut
1094 2451 1293 2494 damnum

257 2581 472 2592 *σι-ι...-

579 2583 1186 2596 ,ρᾳ--α--ῄ-
1192 2587 1295 2595 σ--η-

304 2616 366 2655 (a)
414 2618 530 2650 Cicero
555 2618 591 2650 ίη
617 2621 701 2651 Verr.

300 2660 358 2700 (b)
384 2662 492 2695 Cicer.
532 2660 570 2695 (3)·
612 2663 731 2696 Ascon.
772 2663 860 2707 apud
884 2663 994 2709 Sigon.
1022 2663 1117 2698 lib.2.
1144 2664 1183 2698 de
1222 2662 1290 2705 jud.

254 2715 292 2742 50
319 2730 324 2737 .
343 2717 399 2746 29.
1046 2739 1053 2744 .

294 2714 352 2792 Ξ*
378 2764 381 2785 ι
422 2750 512 2793 Julio
552 2752 667 2786 Caesari
693 2753 861 2796 sigillatim
900 2755 983 2789 hanc
1008 2755 1113 2797 legem
1140 2755 1290 2789 vindicat

258 2797 419 2833 Nicolaus
450 2797 672 2836 Hieronymus
698 2799 920 2846 Gundlinggis
949 2801 983 2833 in
1004 2800 1228 2844 singularibus
1252 2803 1295 2835 ad

303 2848 409 2886 legem
426 2839 612 2882 Maicssarir
630 2853 688 2875 τη-
709 2845 795 2885 §.16.

300 2891 322 2932 ζ
340 2889 412 2928 ”)
439 2888 491 2921 Sic
519 2883 663 2920 mediam
691 2888 783 2920 viam
809 2888 871 2921 init
910 2890 995 2923 inter
1021 2900 1088 2929 ,eos
1115 2913 1126 2929 ‚
1152 2892 1207 2934 qui
1232 2892 1294 2925 cri-

262 2947 339 2971 men
365 2933 552 2973 Maiestatis
575 2944 594 2965 a
631 2932 770 2975 erImine
809 2933 1044 2976 perduellionis
1068 2934 1124 2970 sub
1150 2934 1296 2980 Impera-

261 2980 430 3016 tatoribus
455 2979 589 3012 demum
625 2977 808 3020 separatum
841 2976 900 3011 effe
926 2981 1155 3020 contendunt,
1186 2984 1215 3015 ἃ
1241 2986 1294 3024 Ja-

263 3028 385 3061 cobum
411 3023 638 3062 Menardum,
665 3021 722 3066 qui
747 3021 778 3055 id
802 3021 975 3059 discrimen
1001 3025 1068 3064 jam
1105 3028 1207 3061 libera
1232 3033 1293 3062 Re-

254 3072 386 3117 publica
411 3072 444 3104 in
471 3069 529 3106 usu
552 3068 642 3104 ruisse
680 3069 817 3111 putabat
833 3092 844 3109 ‚
869 3081 968 3114 quem
1006 3070 1133 3114 plenius
1170 3071 1294 3110 resutat

253 3117 478 3160 Gundlingius
507 3119 533 3159 §.
558 3121 611 3156 23.
871 3156 879 3159 V
914 3157 917 3161 .
1026 3157 1033 3168 ⁴

301 3164 349 3206 [c]
376 3166 415 3196 L.
443 3162 595 3207 cujusque
618 3173 650 3203 4·
674 3158 714 3207 ff·
739 3157 782 3198 ad
806 3158 830 3198 l·
848 3161 930 3206 Jul.
956 3163 1044 3204 May.

1351 331 1522 375 tioribus
1537 336 1810 380 retinerentur
1826 369 1834 379 .
1850 337 1914 390 [d]
1934 337 2052 380 Unde
2074 337 2246 388 majores
2293 355 2390 395 opes

1350 387 1448 432 hinc
1475 390 1518 433 in
1534 391 1673 436 fiscum
1701 393 1924 447 cadebant,
1956 411 2078 450 quam
2106 411 2154 438 ex
2189 396 2391 440 vicesimis

1347 445 1391 488 &
1421 448 1602 492 caducis.
1637 450 1821 505 Quilibet
1843 452 1956 496 enim
1995 451 2235 496 vaferrimus
2262 452 2390 496 assen-

1351 515 1486 558 tator3
1517 521 1691 562 quorum
1712 508 1935 552 hominum
1964 509 2119 565 semper
2152 511 2218 554 sub
2249 511 2392 554 domi-

1351 561 1517 607 natione
1542 564 1661 608 unius
1686 565 1741 608 est
1768 566 1978 623 plusquam
2010 567 2099 611 satis
2125 599 2137 619 ‚
2167 566 2387 611 dilatandis

1350 618 1530 664 faucibus
1564 621 1680 673 hujus
1694 624 1911 667 teterrimae
1959 623 2088 679 legis,
2121 625 2295 680 gratiam
2322 641 2390 668 ca-

1350 677 1489 731 ptabat
1523 679 1748 736 Principis,
1769 680 1812 723 &
1843 682 2076 724 evertendis
2109 682 2266 724 civibus
2300 697 2388 725 rem

1350 733 1723 781 suamfamiliarem
1750 739 1946 793 augebat.
1979 737 2150 792 Singula
2181 753 2276 780 vero
2311 739 2389 782 five

1350 791 1638 845 perduellionis
1683 795 1816 848 capita
1841 826 1852 845 ‚
1908 794 1986 837 sive
2046 793 2262 845 majestatis
2310 795 2392 849 peti

1347 849 1504 893 abunde
1520 850 1712 905 possunta
1738 850 2069 903 Jurisconsultis‚
2101 853 2234 907 quiea
2269 851 2394 894 diser-

1349 917 1386 948 te
1428 922 1475 949 ac
1501 907 1665 951 studiose
1699 909 1986 952 recensuerunt
2014 909 2056 950 in
2093 908 2296 964 Digestis,
2330 909 2391 952 uti

1346 962 1388 1006 &
1412 964 1738 1019 Imperatoresin
1756 966 1908 1009 Codice
1924 966 1978 1019 [e]
1999 967 2061 1009 Ex
2077 967 2220 1022 quibus
2234 999 2245 1018 ‚
2263 967 2396 1009 item-

1347 1035 1424 1075 que
1442 1037 1491 1065 ex
1512 1022 1795 1074 Tacitoliba,
1824 1025 1960 1066 annal.
1989 1023 2201 1079 colligitur
2217 1056 2230 1076 ‚
2254 1023 2392 1066 famo-

1349 1077 1481 1121 sorum
1495 1095 1654 1136 quoque
1679 1080 1914 1124 libellorum
1944 1081 2100 1123 crimen
2130 1080 2242 1124 fuisse
2277 1081 2394 1142 reda·

1346 1134 1517 1179 &cumin
1546 1138 1651 1180 hanc
1671 1137 1802 1193 legem
1833 1140 1882 1180 ab
1904 1140 2110 1193 Augusto:
2141 1140 2204 1180 cui
2250 1137 2386 1180 forsan

1346 1193 1475 1244 (we)
1500 1194 1656 1249 praeivit
1680 1196 1819 1249 Sylla,
1849 1198 1894 1238 de
1907 1212 1987 1251 quo
2005 1197 2059 1238 ita
2076 1196 2227 1238 Cicero
2241 1197 2294 1237 ad
2309 1196 2392 1237 At-

1347 1250 1495 1292 ticum:
1532 1250 1602 1306 Est
1628 1252 1837 1308 majestas,
1868 1265 1911 1295 ut
1942 1254 2055 1309 Sylla
2071 1255 2228 1303 volutt,
2265 1269 2310 1295 ne
2343 1252 2387 1294 in

1346 1310 1529 1362 quemvis
1560 1311 1717 1365 impune
1741 1311 1959 1353 declamare
1984 1311 2114 1352 liceret
2136 1326 2155 1361 ,-
2187 1308 2266 1362 (f)
2309 1311 2388 1352 cri·

1349 1379 1443 1407 men
1486 1382 1645 1422 quoque
1691 1367 1794 1410 fali‘ae
1838 1381 2011 1410 monetae
2065 1367 2155 1409 fusae
2199 1368 2241 1409 in
2276 1366 2385 1409 hanc

1348 1419 1479 1476 legem
1507 1424 1711 1478 Principes
1743 1424 2017 1467 incluserunt.
2066 1424 2081 1476 [
2110 1439 2137 1478 g
2169 1423 2185 1476 ]
2235 1424 2290 1465 Et
2337 1438 2389 1466 ne

1328 1479 1440 1533 quid
1477 1492 1620 1522 contra
1665 1480 1914 1531 majestatem
1961 1481 2068 1522 clam
2121 1497 2143 1522 a
2203 1479 2384 1534 pluribus

1348 1550 1430 1577 non
1465 1539 1638 1587 probatae
1670 1539 1758 1580 fidei
1795 1538 2032 1580 hominibus
2072 1537 2315 1588 strueretur,
2346 1539 2387 1580 S.

1347 1592 1399 1634 C.
1432 1593 1580 1647 prodiit
1611 1595 1792 1637 adversus
1844 1595 1990 1637 illicita
2036 1593 2234 1644 collegia.
2281 1593 2388 1645 (h')

1347 1650 1548 1702 Quamvis
1590 1665 1729 1694 autem
1775 1651 2003 1695 differentia
2044 1650 2110 1713 ‘sit
2155 1651 2261 1693 inter
2308 1650 2388 1693 cri-

1347 1707 1460 1749 mina
1506 1707 1796 1762 perduellionis
1827 1742 1840 1763 ,
1883 1710 1924 1752 8<
1968 1708 2188 1759 majestans
2225 1723 2237 1760 ς
2270 1723 2386 1771 Ἕω·
2450 1728 2454 1733 »

1348 1779 1491 1806 narum
1538 1778 1677 1808 tamen
1722 1765 1826 1811 haud
1877 1767 1994 1819 scio,
2050 1781 2099 1809 an
2164 1765 2385 1808 discrimen

1347 1821 1579 1865 inveniatur
1610 1823 1743 1866 ullum
1782 1855 1791 1866 .
1840 1823 2049 1879 Siquidem
2092 1835 2186 1865 ante
2244 1823 2389 1875 Impe-

1347 1890 1495 1922 ratores
1529 1895 1657 1923 unum
1703 1893 1788 1923 erat
1832 1882 1989 1940 crimen
2036 1878 2250 1941 majestatis
2296 1894 2385 1932 per-

1345 1934 1496 1979 duellio
1523 1968 1534 1988 ,
1582 1937 1732 1980 ultimo
1784 1937 1976 1981 damnata
2026 1935 2223 1998 supplicio
2253 1951 2265 1989 3
2297 1951 2385 1991 quae

1347 1992 1430 2048 lege
1502 1994 1702 2038 Cornelia
1754 1995 1797 2037 δε
1857 1992 2245 2047 Julia·interd1&1o
2296 2008 2384 2036 erat

1343 2065 1453 2104 aquae
1512 2051 1555 2094 ὃς
1605 2051 1711 2106 ignis
1739 2067 1750 2104 3
1783 2054 1838 2102 (i
1865 2054 1882 2103 )
1913 2067 2084 2107 eamque
2131 2065 2295 2106 poenam
2338 2066 2388 2113 o-

1345 2108 1464 2151 nibus
1519 2108 1674 2153 deliffis
1717 2108 1934 2160 majestatis
1990 2108 2225 2161 impositam
2289 2105 2384 2150 fuis-

1346 2165 1407 2217 se,
1437 2166 1633 2210 docemur
1664 2182 1685 2209 a
1720 2166 1863 2210 Paullo
1896 2165 2189 2218 Jurisconsulto
2222 2196 2255 2226 ,ι
2279 2164 2371 2226 (k)

1343 2238 1365 2264 a
1409 2238 1489 2277 quo
1545 2223 1776 2278 accepimus
1803 2256 1815 2277 ,
1876 2224 1982 2266 hanc
2028 2222 2138 2265 fuiffe
2171 2234 2380 2284 antiquio-

1345 2294 1430 2322 rem
1488 2294 1654 2334 poenam
1713 2280 1822 2323 hisce
1878 2281 2157 2323 criminibus:
2217 2290 2256 2319 at
2303 2277 2378 2339 suis

1344 2336 1595 2391 temporibus
1642 2336 1878 2388 invaluisse,
1909 2350 1954 2379 ut
2007 2335 2245 2379 humiliores
2288 2349 2379 2389 qui-

1342 2393 1433 2436 dem
1467 2392 1739 2445 objicerentur
1771 2394 1899 2437 bestiis
1916 2400 1937 2446 '‚
1981 2408 2049 2437 aut
2099 2393 2187 2449 igni
2234 2406 2380 2454 escure-

1343 2465 1531 2504 rentur3
1574 2451 1819 2495 honestiores
1864 2466 1960 2495 vero
2003 2450 2132 2506 capite
2184 2463 2381 2505 punlren·

2292 2518 2380 2548 tur.

1345 2585 1664 2597 nn—-u-n--n
2049 2584 2384 2596 --u———s——-—-

1386 2621 1449 2659 (d)
1474 2624 1511 2652 L.
1530 2622 1723 2662 capitalium
1743 2625 1794 2654 28.
1816 2623 1833 2664 §
1864 2622 1906 2653 ad
1922 2621 2043 2654 {laeuas
2057 2619 2092 2664 ff.
2110 2622 2148 2653 de
2162 2621 2262 2661 poem‘s
2279 2638 2287 2647 ·

1390 2664 1434 2706 [θ]
1458 2664 1497 2709 ff
1515 2665 1553 2698 Θ·
1570 2669 1604 2699 C.
1628 2668 1670 2698 ad
1682 2668 1796 2708 l.Jul.
1831 2665 1959 2707 Majess.
1980 2665 2095 2704 Cujac.
2123 2667 2164 2699 ad
2179 2665 2241 2703 lib·
2267 2661 2381 2694 Paull-

1337 2708 1457 2751 finwz-
1476 2717 1533 2752 cap
1550 2711 1655 2751 29.<9⁴
1676 2712 1710 2743 in
1731 2715 1765 2744 C.
1789 2713 1840 2743 hoc
1857 2713 1916 2744 tit.

1393 2756 1498 2795 (⁸”l
1527 2757 1580 2788 Est
1594 2757 1684 2788 enim
1710 2756 1757 2788 ita
1782 2764 1962 2791 corruptus
1990 2755 2082 2788 locus
2113 2754 2280 2789 Ciceronis
2305 2771 2316 2789 ³
2343 2758 2381 2786 ut

1342 2798 1414 2838 ejus
1428 2800 1620 2833 testimonio
1633 2802 1680 2834 uti
1697 2801 1842 2833 noluerit
1879 2800 2014 2840 Baylius
2041 2801 2074 2831 in
2102 2801 2137 2832 in
2165 2798 2246 2831 libro
2264 2799 2381 2841 singu-

1345 2846 1408 2879 lari
1421 2846 1457 2879 tle
1474 2844 1596 2879 libellis
1606 2845 1738 2886 famosis
1757 2868 1768 2882 ,
1807 2844 1939 2880 Gallico
1970 2844 2118 2877 sermone
2153 2853 2290 2877 exarato
2308 2865 2317 2884 ‚
2346 2842 2377 2874 8<

1344 2901 1403 2935 pro
1420 2901 1460 2923 ne
1475 2912 1486 2929 ‚
1502 2899 1540 2922 ut
1552 2890 1632 2932 legit
1651 2890 1828 2922 Lambinus
1850 2912 1858 2920 .

1390 2936 1460 2978 [f]
1488 2938 1626 2968 Manut.
1641 2935 1678 2967 de
1692 2937 1753 2977 leg.
1768 2936 1881 2977 p.858.
1901 2929 1968 2976 post
1983 2933 2091 2968 Rofin.
2121 2933 2248 2970 Matth.
2263 2935 2302 2970 de
2315 2931 2381 2970 cr?-

1342 2982 1423 3014 min.
1439 2990 1515 3021 pag.
1534 2989 1607 3019 505.

1390 3023 1465 3067 [g]
1484 3028 1556 3058 L.2.
1574 3024 1741 3066 C-slesals
1760 3034 1842 3058 mon.

1389 3071 1441 3111 [h]
1468 3074 1505 3103 L.
1530 3069 1605 3114 1.]Ῑῖ
1625 3072 1660 3102 de
1674 3072 1785 3113 colleg.
1802 3070 1840 3103 <9⁶
1853 3076 1936 3111 corp.

1386 3115 1406 3156 ζ
1421 3115 1466 3155 ι’)
1489 3116 1593 3150 Cicer.
1611 3116 1772 3157 Philipa.
1786 3116 1898 3160 Sigon.
1912 3115 1978 3152 loco
1992 3115 2054 3148 cit·

1384 3159 1446 3203 (k)
1472 3160 1510 3194 Ι..
1529 3161 1718 3205 5.sem·29.
