2596 3479
259 58 363 126 138
665 55 765 106 DE
812 55 1003 127 JURE
1046 52 1502 123 NATURALI,
1544 55 1973 125 GENTIUM‚·

249 148 317 175 ves
340 128 579 183 abstulisset,
614 127 722 172 fame
750 142 891 173 necata
919 128 996 172 fuit
1028 144 1050 171 a
1082 126 1156 171 suis
1179 160 1190 171 .
1234 132 1298 173 Ac
1355 130 1460 185 apud
1494 133 1706 176 Romanos
1740 135 1799 177 uti
1833 132 2091 189 mancipium
2122 134 2393 193 habebantur,

247 206 300 233 ne
324 205 405 245 quo
431 186 546 243 paCm
573 187 866 231 sceminae·vini
902 198 1045 242 potum
1085 185 1298 240 celarent,
1355 187 1399 231 &
1434 188 1553 245 longe
1586 190 1787 242 majorem
1814 225 1825 246 ‚
1859 207 1982 249 quam
2017 192 2092 235 viri
2124 194 2394 248 pudicitiam,

215 248 358 290 ‚Cato
382 238 537 290 leverus
568 261 707 290 earum
730 244 998 299 adversarius,
1031 243 1187 287 censuit
1208 260 1299 287 mu·
1349 245 1393 287 δι
1426 245 1548 290 fidem
1595 248 1772 302 praestare
1805 251 2055 305 cogebantur
2099 251 2190 302 (e).
2233 255 2397 297 Verum

244 304 364 349 lieres
391 303 626 359 propinquis
657 302 844 346 osculum
877 302 1004 355 ferre,
1035 315 1080 345 ut
1113 301 1295 345 fraudem
1354 313 1398 344 ut
1430 303 1616 348 virorum
1650 305 1771 350 initio
1805 319 1889 350 tota
1921 307 2046 350 fuerit
2080 307 2243 352 libertas
2269 311 2310 353 in
2332 308 2394 352 di-

243 362 368 411 odore
399 361 641 416 proderent.
667 361 949 414 Quamobrem
982 360 1067 403 vini
1092 373 1210 415 potus
1231 359 1294 403 in·
1350 359 1492 403 vortiis
1521 394 1534 415 ,
1580 362 1639 412 jus
1671 375 1808 407 tamen
1843 365 1964 408 civile
1996 365 2138 409 deinde
2173 366 2350 411 mutavit
2381 396 2393 410 .

249 431 310 463 ter
331 419 447 471 justas
482 418 638 475 repudii
673 419 807 463 causas
841 419 1156 463 numerabatur.

403 536 846 579 CAPUT
964 536 1130 580 XXIX.

610 653 679 695 De
708 651 916 696 Divortiis
927 682 938 695 .

329 767 435 809 Orto
465 764 619 819 legibus
643 768 747 811 XII.
774 766 897 811 tabul.
920 766 998 809 fuit
1017 765 1059 808 8(
1084 766 1131 810 de
1152 766 1283 810 divor-

358 824 423 867 tiis
465 837 630 868 cautum
670 857 680 877 ‚
730 841 814 868 non
847 825 893 868 de
933 824 1064 867 forma
1104 825 1285 881 repudii,

241 895 364 937 quarn
389 897 609 937 concepere
631 882 846 935 prudentes
879 897 900 925 e
931 882 1129 925 sententia
1158 882 1284 939 legis,

240 952 383 980 contra
409 940 446 982 id
471 941 577 995 quod
614 940 738 994 aliqui
774 939 1051 982 tradiderunt.
1083 942 1174 991 (a)
1213 944 1283 984 Di-

243 996 431 1038 vortendi
460 1013 554 1039 vero
583 996 752 1040 facultas
783 1012 865 1039 non
898 1013 918 1039 e
953 997 1124 1040 Romuli
1156 998 1282 1043 solum

241 1051 424 1106 legibus3
453 1055 517 1105 (b)
543 1070 682 1097 verum
704 1054 827 1097 etiam
855 1070 904 1097 ex
938 1054 1080 1097 Attico
1106 1054 1190 1106 jure
1212 1072 1262 1100 na

240 1108 390 1152 scitur:
420 1124 463 1153 ut
487 1110 546 1162 jus
569 1112 842 1156 divortiorum
868 1113 1107 1155 Decemviri
1129 1114 1282 1168 duplici

235 1167 280 1209 de
309 1165 422 1215 fonte
454 1167 719 1213 deduxerint.
754 1171 877 1225 Apud
917 1170 1188 1214 Athenienses
1214 1189 1283 1215 au-

237 1236 322 1267 tem
343 1226 456 1268 uxori
496 1227 645 1280 pariter
674 1240 793 1283 atque
815 1227 905 1270 viro
927 1226 1054 1270 libera
1075 1243 1158 1272 erat
1178 1245 1281 1283 nup-

233 1284 382 1325 tiarum
408 1282 636 1337 dissolutio,
663 1284 886 1327 dummodo
913 1285 1176 1329 Archontem
1203 1287 1266 1330 adi

233 1351 351 1391 rent,
384 1351 472 1382 tum
498 1352 540 1383 ut
564 1340 601 1383 ei
627 1340 771 1384 dissidii
804 1342 1006 1385 rationem
1036 1344 1281 1397 probarent3

229 1407 347 1448 tum,
381 1397 524 1450 credo,
559 1410 602 1440 ut
636 1397 662 1440 si
688 1398 905 1441 levioribus
937 1400 1058 1441 caulis
1088 1400 1278 1445 distrahe-

231 1465 374 1496 rentur
393 1454 551 1507 animi,
584 1454 826 1498 auctoritate
850 1469 970 1511 atque
997 1457 1165 1499 consilio
1194 1475 1280 1501 ma-

239 1510 449 1564 gistratus,
484 1512 525 1554 in
562 1513 738 1567 gratiam
767 1513 967 1556 redirent.
1003 1515 1280 1559 Memorabile

242 1579 380 1610 autem
400 1570 452 1610 est
472 1569 571 1611 illud
599 1568 847 1623 Alcibiadis,
881 1571 950 1627 qui
975 1587 1145 1614 uxorem
1174 1574 1279 1626 apud

251 1625 505 1668 Areliontem
528 1626 574 1669 de
597 1626 774 1669 divortio
797 1627 862 1670 suo
892 1642 1083 1684 agentem
1100 1629 1279 1687 ‚virique

239 1680 408 1732 injurias
454 1683 497 1726 ἃ
530 1684 731 1728 maritalis
774 1685 879 1728 thori
913 1699 1159 1730 contentum
1183 1705 1280 1732 con·

235 1754 501 1794 querentem,
545 1756 566 1785 e
600 1741 733 1784 medio
766 1741 852 1785 foro
885 1755 1043 1792 raptam
1077 1746 1279 1788 transtulit

236 1795 405 1839 domum
433 1830 445 1850 ,
489 1814 658 1853 eamque
684 1797 969 1852 conjugalibus
994 1800 1280 1846 delenimentis

237 1852 467 1907 placatam,
499 1871 520 1897 a
559 1855 756 1898 sententia
791 1857 989 1900 dimovit.
1023 1859 1080 1909 (c)
1107 1859 1187 1902 Vir
1210 1876 1277 1902 au-

236 1921 319 1952 tem
343 1911 568 1963 ἀποπέμπειν
584 1912 788 1956 dicebatur
809 1947 819 1966 ,
851 1909 946 1970 quia
970 1916 1139 1959 domum
1174 1917 1275 1961 olim

237 1966 472 2020 decianam,
500 1969 627 2019 postea
645 1970 856 2027 exigebat:
893 1988 995 2015 uxor
1024 1988 1120 2015 vero
1135 1975 1273 2014 mmi-

235 2039 309 2062 πειν
331 2056 341 2076 ,
374 2025 468 2080 quia
492 2024 694 2070 deserebat
720 2028 881 2082 virum,
900 2029 942 2072 ὃς
971 2029 1073 2072 uncle
1099 2029 1271 2074 discesse-

232 2090 291 2121 rat
307 2113 319 2134 ‚
353 2080 623 2137 remigrabat:
660 2084 757 2129 hinc
780 2085 981 2136 ἀπσπομπή
1002 2087 1045 2129 &
1069 2085 1275 2132 απόλειὲζις.

234 2138 354 2190 Apud
386 2141 596 2184 Romanos
625 2158 721 2185 vero
750 2141 1070 2186 dirimendarum
1115 2144 1272 2195 nuptia-

234 2207 324 2236 rum
352 2195 587 2241 facultatem
614 2199 734 2243 initio
755 2199 874 2241 solius
895 2199 968 2242 viri
998 2199 1133 2253 fuisse,
1171 2201 1274 2245 haud

235 2251 391 2305 prorsus
433 2264 583 2297 temere
607 2257 695 2310 quis
725 2256 1016 2299 existimaverit
1045 2292 1056 2309 ‚
1089 2260 1157 2314 qui
1187 2275 1276 2303 mos

234 2308 360 2352 etiam
391 2321 475 2354 erat
508 2312 776 2356 Hebraeorum
804 2345 812 2355 .
846 2314 912 2365 (d)
943 2313 1143 2359 Mulieres
1161 2317 1274 2361 enim

229 2485 337 2496 μ...-

563 2487 711 2501 -ῌ--ι
717 2492 785 2500 αι-.-
792 2493 820 2500 .-

284 2516 344 2553 (a)
370 2516 470 2549 Goth.
497 2519 540 2549 ed
569 2519 632 2551 tab.
665 2522 692 2550 6.
727 2521 761 2550 in
786 2518 838 2560 fio
864 2520 898 2551 in
930 2529 1000 2551 not.

276 2560 335 2599 (b)
363 2562 524 2595 Plutarch.
556 2565 590 2595 in
621 2566 783 2597 Romulo.
812 2564 946 2606 Dionys.
971 2563 1082 2598 lib-2.

276 2609 328 2641 ic)
356 2606 516 2640 Plutarch.
540 2611 574 2639 in
605 2609 804 2642 Alcibiade-

278 2649 340 2687 (ὁ)
366 2653 467 2681 Deur.
496 2660 563 2693 cap.
598 2665 653 2691 24·

275 2696 295 2732 (
309 2704 323 2724 e
338 2693 357 2730 3
383 2698 465 2726 Cato
480 2698 565 2737 apud
579 2698 666 2729 (3:211.
684 2698 740 2730 lib.
765 2709 812 2731 ro.
832 2710 856 2730 e.
873 2709 927 2736 24·

273 2738 354 2779 (f)
381 2741 416 2770 L.
450 2742 597 2778 consensu
613 2747 645 2773 C.
673 2744 709 2774 de
722 2745 830 2786 repud.
846 2746 939 2783 l·43.
962 2743 1059 2788 fflad
1092 2747 1202 2788 LJut.
1234 2748 1274 2781 de

230 2784 337 2818 adt-³12.
357 2784 472 2816 Cicero
490 2787 665 2827 Philippic.
686 2798 716 2819 2.

275 2830 294 2869 (
308 2840 329 2870 g
345 2827 362 2867 3
390 2831 415 2860 L
438 2828 466 2869 J?
481 2828 639 2870 constante
659 2855 669 2871 ,
699 2836 733 2863 C.
749 2833 788 2864 de
801 2833 910 2875 repud.

282 2873 358 2911 (b)
383 2875 516 2906 Novell.
538 2886 615 2915 117.
633 2884 699 2917 cap.
721 2887 769 2908 xo.

280 2917 353 2960 [i]
376 2920 418 2951 ad
432 2921 565 2953 Navem.
592 2932 646 2952 22.
661 2921 700 2953 Θ·
721 2933 792 2964 5¹7·

275 2963 358 3004 (⁴³)
408 2965 508 2997 Aliud
546 2966 739 3008 exemplum
783 2966 972 3010 Sempronii
1010 2967 1108 3009 Sophi
1156 2971 1270 3013 praesto

232 3009 276 3042 est
304 3008 390 3051 apud
417 3011 522 3041 Valer.
554 3012 648 3042 Max.
676 3015 713 3044 L.
732 3015 788 3044 VI.
816 3024 831 3044 c
874 3024 903 3051 3.
933 3023 999 3055 quo
1025 3023 1133 3047 motus
1159 3017 1266 3050 Celeb-

231 3058 318 3086 Otto
334 3056 426 3098 Praef.
446 3057 487 3086 Τ.
505 3058 560 3087 IV.
586 3058 647 3088 Th.
663 3056 723 3096 jur.
741 3065 772 3099 p.
798 3068 848 3089 10.
866 3058 1036 3091 Valerium
1053 3059 1241 3093 Maximum
1258 3083 1268 3100 ‚

236 3099 407 3142 Gellium,
433 3100 463 3133 δι
492 3101 734 3136 Tertullianum
761 3125 774 3145 ,
813 3102 928 3145 primis
957 3103 1120 3142 sexcentis
1145 3105 1188 3141 ab
1218 3117 1268 3141 ur—

943 2490 1275 2510 -P--m

1349 418 1441 461 Nec
1470 418 1585 462 enim
1619 434 1687 463 aut
1720 422 1782 465 vir
1815 438 1990 466 uxorem
2026 424 2234 466 dimittere
2263 455 2278 478 ‚
2320 435 2391 467 aut

1348 491 1450 518 uxor
1483 479 1681 521 maritum
1713 479 1885 523 deserere
1923 493 2079 534 poterat
2107 484 2133 533 ‚'
2164 481 2235 524 nisi
2269 483 2391 529 certis

1340 548 1389 576 ex
1416 533 1564 588 causis,
1598 550 1694 592 quas
1718 538 1867 590 partim
1891 553 1940 580 ex
1963 540 2068 581 XlI.
2091 539 2216 582 tabul.
2238 539 2391 594 partim

1341 606 1390 633 ex
1422 592 1601 635 moribus
1633 593 1822 637 colledff‘cas
1843 626 1854 643 ,
1891 596 2038 649 partim
2076 609 2259 638 recenter
2293 613 2394 641 con-

1340 648 1493 692 stitutas
1537 666 1750 694 enumerat
1783 664 1903 705 atque
1934 651 2079 694 definit
2107 653 2389 711 Theodosius,

1338 705 1379 748 δί
1416 707 1730 751 Valentinianus
1752 740 1760 750 .
1791 708 1869 760 (f)
1897 707 2133 762 Aliquando
2177 725 2272 752 vero
2310 712 2391 757 sine

1339 764 1451 807 causa
1482 765 1750 809 matrimonia
1772 765 2117 816 diffolvebanrur,
2150 764 2174 807 si
2197 766 2391 822 conjuges

1336 821 1459 866 ambo
1506 823 1820 876 consentirent3
1854 839 1898 865 ac
1942 835 2031 866 tum
2070 823 2278 866 dicebatur
2303 841 2390 869 ma-

1337 880 1583 924 trimonium
1608 881 1749 925 dirimi
1775 881 1875 922 born
1901 881 2061 936 gratia.
2093 882 2155 936 (g)
2185 882 2303 934 Quod
2328 883 2390 927 su·

1337 936 1445 980 stulit
1467 936 1730 989 justinianus
1761 969 1773 991 ,
1818 938 1882 990 (h)
1920 937 1989 994 qui
2033 939 2230 982 ambobus
2261 940 2390 985 etiam

1334 994 1531 1038 discedere
1557 995 1791 1039 volentibus
1827 994 1961 1037 causas
1987 994 2260 1048 adjungendas
2287 1014 2388 1042 con-

1336 1051 1486 1094 stituit:
1522 1068 1620 1108 quas
1642 1052 1718 1094 sive
1739 1067 1787 1094 ex
1810 1051 1939 1094 veteri
1961 1082 1974 1104 ‚
2008 1051 2085 1094 five
2105 1067 2154 1094 ex
2182 1068 2291 1097 novo
2317 1056 2389 1106 Ju-

1335 1109 1499 1153 stiniani
1524 1109 1609 1162 jure
1637 1108 1849 1152 venientes
1871 1123 1883 1161 3
1906 1108 2079 1162 exponit
2103 1107 2298 1160 Cujacius
2325 1110 2390 1156 lu-

1334 1167 1543 1211 culenter.
1573 1167 1628 1219 (i)
1650 1165 1854 1222 Quamvis
1877 1178 2017 1209 aurem
2041 1164 2296 1222 antiquiores
2326 1169 2388 1213 di-

1336 1224 1546 1269 mittendae
1572 1225 1708 1268 uxoris
1734 1224 1972 1278 potestatem
1995 1222 2217 1278 haberent3
2246 1238 2387 1270 tamen

1335 1282 1422 1335 lege
1448 1283 1612 1337 pudoris
1635 1282 1678 1324 δι
1705 1279 1958 1335 nuptialium
1988 1280 2191 1325 sacrorum
2217 1283 2384 1339 religio-

1335 1355 1384 1382 ne
1436 1353 1558 1394 atque
1592 1338 1866 1393 auspiciorum
1901 1337 2168 1390 auetoritate‚
2202 1339 2268 1382 diu
2301 1339 2387 1392 ejus

1335 1396 1538 1439 facultatis
1573 1395 1643 1439 usu
1666 1393 1946 1438 abstinuerunt
1974 1426 1986 1448 ‚
2034 1394 2286 1451 initiumque
2326 1398 2384 1442 fa-

1331 1454 1443 1496 t‘Jtum
1475 1470 1498 1496 a
1529 1454 1596 1507 Sp.
1635 1452 1825 1495 Carvilio
1859 1454 1980 1507 Ruga
2000 1483 2012 1504 ‚
2043 1453 2103 1505 (⁸)
2128 1453 2202 1508 -qui
2238 1455 2385 1499 sterili-

1331 1511 1426 1553 tatis
1458 1510 1572 1554 causa
1599 1525 1771 1553 uxorem
1794 1508 2046 1564 repudiavit.
2079 1510 2146 1560 (k)
2172 1510 2379 1567 Deinceps

1332 1580 1447 1610 tanta
1475 1582 1638 1610 morum
1664 1565 1868 1609 dissolutio
1899 1577 1993 1608 nata
2017 1565 2100 1618 est,
2136 1578 2180 1608 ut
2209 1574 2386 1622 quotan-

1332 1624 1393 1667 nis
1439 1640 1561 1680 prope
1605 1638 1753 1667 uxores
1800 1633 2010 1666 mutarent
2055 1623 2228 1676 virum,
2261 1639 2385 1683 atque

1330 1697 1458 1725 annos
1504 1681 1755 1737 frequentius
1796 1696 1819 1723 a
1863 1680 2148 1731 maritorum,
2200 1697 2324 1736 quarn
2357 1700 2381 1728 a

1330 1738 1561 1782 Consulum
1595 1738 1692 1781 serie
1724 1750 1990 1781 numerarent
2011 1769 2020 1780 .
2072 1739 2151 1788 (⁸³⁴⁸)
2184 1739 2261 1782 Sed
2291 1739 2378 1792 jain

1331 1795 1520 1852 reliquias
1553 1795 1691 1850 legum
1723 1794 1974 1849 nuptialium
2006 1810 2027 1837 e
2059 1794 2271 1840 dofi‘torum
2317 1798 2379 1842 vi-

1329 1869 1470 1896 rorum
1502 1852 1733 1904 conjes‘cura
1765 1866 2027 1906 promamus.

1408 1911 1646 1966 Patribus
1706 1929 1826 1965 cum
1892 1911 2085 1984 plebeis
2150 1913 2377 1970 connubi

1329 1988 1406 2059 jus
1450 2008 1544 2043 nec
1588 1987 1694 2042 esto
1723 2027 1738 2042 .

1411 2063 1651 2120 Mulieris
1677 2106 1694 2135 ,
1736 2083 1847 2137 quae
1874 2084 2069 2120 annum
2109 2068 2378 2125 matrimo-

1325 2143 1398 2197 nii
1455 2163 1580 2216 ergo
1616 2143 1749 2217 apud
1781 2143 1954 2197 virum
1988 2146 2231 2199 remansit
2258 2186 2274 2214 ‚
2321 2149 2375 2202 ni

1326 2221 1627 2275 trinoffium
1683 2221 1745 2274 ab
1799 2238 1863 2274 eo
1917 2220 2188 2293 usurpandi
2245 2241 2372 2297 ergo

1325 2297 1516 2353 abescit
1542 2337 1558 2367 ‚
1598 2297 1707 2351 usus
1749 2295 1853 2352 esto
1877 2335 1890 2349 .
2290 2322 2298 2328 ·

2328 2376 2371 2420 Si

1913 2489 2022 2500 —
2134 2491 2373 2505 .———i—.

1323 2521 1361 2555 be
1392 2522 1525 2555 condita
1548 2521 1642 2554 annis
1670 2520 1796 2553 nullum
1829 2519 2018 2552 divortium
2060 2519 2184 2554 faustum
2228 2533 2369 2556 narran-

1321 2574 1370 2601 tes
1397 2567 1438 2601 de
1469 2567 1621 2600 divortio
1647 2566 1804 2609 intelligit
1839 2576 1878 2598 ex
1907 2564 2003 2597 causa
2033 2565 2159 2608 legibus
2191 2577 2257 2599 non
2291 2578 2364 2610 per-

1323 2613 1413 2645 missa
1446 2611 1533 2644 fasto
1569 2635 1578 2643 .
1615 2610 1755 2646 Absciffe
1783 2619 1895 2644 tamen
1922 2610 2051 2643 Gellius
2077 2632 2090 2651 ,
2117 2614 2160 2644 L.
2188 2613 2246 2643 Its:
2273 2621 2299 2644 c.
2331 2621 2362 2649 3.

1320 2657 1507 2700 quingentis
1536 2654 1602 2689 fere
1642 2657 1735 2689 annis
1767 2656 1834 2697 post
1860 2659 2003 2688 Romam
2044 2654 2212 2688 conditam
2239 2676 2249 2693 ‚
2286 2658 2363 2687 nul-

1320 2704 1370 2735 las
1388 2702 1433 2735 rei
1450 2701 1572 2735 uxoriae
1588 2700 1731 2734 actiones
1745 2699 1833 2733 fuisse
1848 2701 1894 2732 ait
1912 2721 1922 2736 ‚
1951 2699 2026 2742 quia
2041 2708 2106 2730 non
2136 2698 2362 2732 desideraban-

1320 2756 1399 2783 tur,
1425 2746 1528 2779 nullis
1554 2746 1649 2787 plane
1683 2755 1760 2778 tunc
1784 2744 2006 2776 matrimoniis
2031 2742 2273 2777 divertentibus
2289 2767 2297 2775 .

1365 2792 1425 2832 (k)
1453 2789 1621 2824 Plutarch.
1654 2790 1689 2821 in
1723 2791 1849 2822 Romul.
1877 2786 1981 2828 infin.
2000 2787 2109 2820 Valer-
2139 2787 2235 2821 liba.
2253 2796 2361 2832 cap.r.

1321 2836 1395 2873 Gell
1427 2834 1594 2876 lib-441³?
1613 2845 1647 2872 3.
1662 2832 1798 2871 Dionys·
1815 2830 1907 2863 liba.

1363 2881 1438 2923 θ’)
1465 2878 1561 2921 Quod
1603 2889 1659 2920 per
1700 2877 1888 2919 profligatos
1923 2875 2016 2909 sexus
2061 2876 2216 2919 sequioris
2252 2888 2360 2912 mores

1322 2925 1451 2967 Augusti
1487 2926 1521 2957 in
1539 2924 1655 2966 primis
1671 2921 1879 2964 temporibus
1921 2920 2090 2954 invaluisse
2114 2919 2234 2959 ajunt.
2265 2922 2361 2964 Apud

1321 2966 1473 3003 Plautum
1498 2977 1584 3002 certe
1605 2971 1686 3007 Syra
1713 2966 1925 3009 conqueritur
1939 2988 1949 3002 ‚
1976 2965 2109 3008 impune
2128 2968 2249 3000 marito
2265 2968 2359 3004 adul-

1319 3015 1440 3050 terium
1467 3013 1528 3048 effe
1546 3037 1555 3050 ,
1582 3012 1676 3045 uxori
1711 3022 1776 3044 non
1802 3011 1884 3045 effe.
1912 3011 2079 3052 Juvenalis
2105 3021 2221 3046 contra

1499 3059 1557 3091 sic
1575 3057 1691 3099 fiunt,
1720 3056 1854 3100 inquit,
1883 3055 1949 3088 0530
1974 3057 2089 3088 marien·
2206 3082 2212 3087 .

1319 3105 1471 3151 Quinque
1483 3110 1541 3148 per
1553 3113 1725 3139 autumnos
1739 3103 1840 3138 rieule
1866 3112 1914 3136 res
1929 3101 2030 3144 digna
2043 3101 2209 3145 sepulchri
2223 3122 2234 3136 .
