2596 3479
517 115 643 169 ET
725 99 1913 165 SENATUSCONSULTIS.

202 187 404 244 quendam
435 189 604 245 gradum
639 188 745 231 inter
777 185 1007 228 libertatem
1037 215 1048 236 ‚
1080 182 1123 225 Se
1158 181 1235 224 ser-

211 247 386 290 vitutem
420 246 656 299 interjecit,
689 243 812 298 iisque
848 241 1032 297 paravit,
1065 239 1134 295 qui
1169 253 1238 280 ne-

205 318 282 361 que
314 304 494 348 vindi&
517 338 530 359 ,
586 316 713 356 neque
745 299 866 342 censu
901 330 912 352 ‚
965 313 1092 354 neque
1126 297 1239 339 testa—

206 373 351 404 mento
375 393 387 415 ,
423 362 484 404 sed
517 375 586 413 per
617 356 828 412 epistolam
857 387 869 409 ‚
901 369 970 398 aut
1002 357 1107 398 inter
1138 353 1243 397 ami-

210 434 278 462 cos
303 450 316 472 ,
358 430 426 461 aut
457 414 711 460 adhibitione
742 414 789 456 ad
822 413 1063 457 convivium
1098 426 1242 454 manu-

209 475 473 518 mitterentur
511 505 519 515 .
569 471 779 527 Siquidem
808 503 819 524 ,
864 470 933 525 qui
966 469 1145 525 aliquem
1180 468 1244 510 sua

211 531 351 576 mensa
383 528 654 583 participasset
674 560 687 581 ,
722 529 753 570 is
782 528 940 582 propria
971 528 1239 581 quodammo-

209 590 261 632 do
294 586 415 630 illum
448 587 648 642 dignitate
683 585 895 641 impertire
930 584 1166 635 videbatur,
1201 596 1245 624 ut

208 644 410 700 fignificat
442 646 737 698 Agamemnon
770 674 781 694 ‚
824 642 923 684 dum
968 641 1245 683 Idomenaeum

210 702 259 745 ad
305 716 484 756 pugnam
529 701 632 756 apud
677 702 909 742 Homerum
954 698 1189 740 adhortatur
1237 728 1245 736 .

213 760 322 813 (ad.)
370 760 525 801 Verum
576 758 631 800 ita
663 756 831 800 demum
863 754 1116 799 adhibitione
1148 768 1243 796 con·

216 815 328 858 vivii
366 846 378 868 ‚
425 816 557 858 servus
592 814 826 857 libertatem
859 813 1132 868 assequebatur
1166 843 1178 864 ,
1222 809 1248 851 fi

213 887 263 916 eo
306 871 475 916 consilio
518 872 566 913 ad
617 870 798 913 mensam
833 888 853 913 a
886 869 1055 912 domino
1086 880 1251 911 vocatus

216 932 459 982 appareret.
492 928 580 979 (b)
613 929 669 970 Et
700 930 897 984 quoniam
932 928 973 969 in
1007 925 1212 969 conviviis
1239 956 1249 975 ,

216 998 286 1028 aut
317 985 745 1041 congratulationibus
784 1017 795 1038 ‚
839 998 960 1040 atque
995 983 1117 1026 hilari
1151 997 1246 1025 cun-

218 1042 426 1086 suetudine
480 1043 710 1085 amicorum
766 1042 955 1086 homines
1007 1040 1150 1083 animo
1195 1039 1253 1081 so-

219 1098 306 1142 luto
375 1100 466 1142 sunt
525 1100 569 1141 &
626 1099 787 1143 remisso
819 1131 831 1152 ,
874 1098 1122 1152 consilioque
1168 1095 1254 1137 lan-

217 1156 470 1212 guentiori3
516 1169 725 1210 propterea
770 1156 834 1200 lex
879 1156 1016 1199 minus
1047 1153 1253 1205 hujusmo-

219 1214 258 1256 di
292 1213 674 1258 manumissionibus
706 1213 849 1258 tribuit
883 1245 892 1255 .
936 1215 993 1255 Et
1036 1227 1131 1256 cum
1167 1226 1255 1263 pro-

223 1269 289 1314 cul
350 1271 487 1313 sumus
541 1286 616 1314 nec
673 1270 773 1314 servi
818 1270 1041 1313 utilitatem
1087 1267 1250 1324 praesen-

222 1339 307 1369 tem
362 1326 558 1370 habemus
591 1359 602 1379 ‚
652 1325 813 1370 facilius
868 1325 1206 1369 manumittimus
1240 1338 1254 1362 .-

221 1383 312 1426 ideo
341 1383 504 1426 libertas
533 1385 624 1426 data
652 1399 720 1438 per
742 1383 956 1439 epistolam
986 1415 997 1436 ,
1034 1383 1170 1424 minor
1202 1380 1255 1423 est

225 1440 412 1483 libertate
442 1439 534 1483 data
573 1440 841 1484 solemniter:
881 1441 1017 1496 Igitur
1049 1440 1111 1481 his
1137 1437 1257 1480 ratio-

224 1498 343 1540 nibus
367 1497 630 1540 manumissos
658 1497 721 1541 lex
747 1498 923 1553 aequavit
944 1530 955 1549 ,
988 1497 1058 1553 qui
1087 1496 1259 1538 nomina

225 1555 377 1597 dabant
411 1554 550 1598 latinis
575 1554 751 1613 coloniis
776 1555 1016 1598 deducendis
1048 1586 1060 1607 ‚
1104 1555 1183 1605 (c)
1216 1551 1258 1593 in

227 1612 373 1668 quibus
404 1611 477 1654 esse
510 1611 679 1667 impune
708 1612 855 1655 licebat
879 1612 1007 1654 etiam
1034 1609 1261 1654 interdif’tis

229 1684 333 1726 aqua
354 1700 365 1721 ‚
398 1668 555 1724 &igni
581 1684 592 1721 3
639 1681 726 1711 tum
754 1681 892 1712 autem
920 1669 961 1711 hi
989 1699 1001 1721 ,
1035 1683 1129 1711 cum
1162 1666 1223 1709 illi
1250 1697 1261 1718 ,

228 1726 297 1782 qui
337 1726 474 1781 sponte
503 1726 677 1768 nomina
703 1726 853 1768 dabant
873 1758 885 1778 ,
920 1726 962 1768 in
986 1725 1125 1782 easque
1152 1723 1259 1768 colo-

226 1784 318 1826 nias
345 1783 605 1826 confluebant
635 1783 752 1826 latini
782 1783 876 1826 faeti
904 1785 1138 1827 Romanam
1162 1780 1263 1825 civi-

230 1853 361 1884 tatem
387 1840 632 1882 amittebant
654 1872 666 1894 ,
700 1852 744 1882 ut
770 1855 900 1896 neque
925 1838 1121 1884 connubii
1148 1869 1160 1890 ‚
1195 1853 1264 1881 ne-

231 1913 309 1954 que
335 1897 565 1941 testamenti
598 1929 610 1951 ‚
646 1913 775 1953 neque
802 1912 929 1940 nexus
955 1895 1232 1951 mancipiique
1253 1926 1266 1947 ,

231 1969 363 2011 neque
389 1956 527 2009 patriae
559 1955 761 2008 potestatis
786 1953 846 2006 jus
860 1954 1110 2005 retinerent,
1143 1968 1189 1995 ac
1206 1951 1263 1993 di-

238 2012 435 2055 cebantur
459 2011 599 2054 Latini
630 2011 828 2055 colonarii
862 2044 872 2053 .
911 2012 1024 2054 Cum
1049 2021 1185 2053 autem
1211 2007 1264 2051 le-

234 2084 283 2123 ge
304 2099 315 2121 ‚
349 2080 391 2110 ut
415 2068 566 2110 Cicero
600 2068 763 2111 testatur
786 2099 798 2121 ‚
839 2069 905 2120 (d)
932 2067 1041 2119 Julia
1061 2099 1073 2119 ‚
1106 2064 1266 2108 fortasse

234 2125 317 2167 lata
341 2140 364 2167 a
388 2124 557 2175 L.Julio
580 2124 736 2167 Caesare
760 2156 770 2176 ‚
802 2125 869 2179 qui
897 2125 1031 2178 primo
1054 2138 1165 2166 anno
1188 2123 1266 2164 Ita-

233 2181 304 2225 lici
335 2180 430 2224 belli
460 2213 471 2234 ‚
504 2181 660 2224 Consul
688 2197 782 2224 curn
812 2184 856 2224 L.
885 2180 1044 2225 Martio
1076 2178 1269 2234 Philippo

238 2238 318 2282 fuit
342 2270 354 2292 ‚
405 2237 547 2284 latinis
578 2238 772 2281 omnibus
805 2238 947 2281 civitas
979 2238 1070 2280 data
1101 2236 1223 2280 fuerit
1257 2251 1268 2290 3

236 2294 421 2340 conditio
457 2308 643 2338 veterum
680 2295 904 2339 latinorum
931 2295 1087 2338 transiit
1115 2294 1163 2336 ad
1196 2293 1270 2336 ho-

235 2353 297 2398 sce
324 2352 488 2397 libertos
520 2384 532 2407 ‚
582 2354 661 2406 (e)
683 2353 752 2409 qui
778 2369 874 2397 cum
901 2353 1089 2396 viverent
1117 2350 1233 2394 liberi
1260 2383 1272 2405 ‚

558 2487 681 2500 ,—

237 2519 262 2553 si
287 2529 386 2561 porro
409 2517 572 2555 Traianus
604 2518 772 2553 hominem
791 2521 901 2553 invito
915 2541 926 2556 v
954 2520 1007 2553 vel
1027 2520 1200 2561 ignorante
1216 2528 1268 2559 pa-

244 2571 355 2603 trono,
369 2563 530 2597 beneficio
545 2564 702 2606 princ÷pis
719 2564 760 2597 ad
775 2565 962 2598 libertatem
977 2563 1200 2601 festinantem,
1215 2562 1272 2596 etsi

243 2609 359 2642 vivum
376 2609 438 2641 effe
453 2608 534 2641 sinat
550 2610 657 2641 civem
675 2614 863 2643 Romanum
878 2633 888 2648 ‚
914 2618 1027 2642 tamen
1044 2609 1201 2641 Larinum
1216 2607 1268 2649 f:-

245 2654 294 2687 cie
310 2654 497 2686 morientem
513 2675 523 2692 ‚
552 2655 582 2686 ὃς
612 2653 728 2686 Latina
743 2655 939 2688 libertorum
954 2653 1104 2687 conditio
1118 2652 1274 2694 justinia-

240 2699 274 2731 ni
291 2706 441 2739 tempore
460 2698 606 2731 nondum
621 2698 746 2732 abolita
759 2708 831 2732 erat
844 2720 854 2736 ‚
873 2701 983 2732 minus
1000 2699 1166 2731 mirabilis
1182 2696 1273 2730 vide-

241 2743 333 2778 bitur
353 2743 491 2777 libertus
505 2744 627 2776 Latino
644 2751 791 2786 tempore
808 2745 937 2778 Tiberii
950 2743 1141 2777 affimixams
1162 2766 1169 2773 .
1190 2740 1274 2775 Illud

240 2788 390 2822 notabile
414 2810 424 2828 ‚
453 2789 591 2822 libertos
620 2789 780 2830 Junianos
795 2798 944 2833 tempore
958 2789 1080 2822 mortis
1097 2799 1156 2829 pro
1178 2787 1275 2819 servis

244 2833 376 2867 habitos
401 2831 518 2872 fuisse,
545 2834 635 2876 quod
661 2834 772 2877 utique
802 2845 867 2867 non
891 2835 1032 2878 contigit
1058 2833 1186 2866 Latinis
1212 2836 1276 2865 Co-

243 2878 381 2911 lonariis
408 2901 418 2917 ‚
444 2878 529 2913 unde
554 2887 689 2923 apparet
714 2902 724 2920 ‚
755 2891 858 2923 neque
884 2879 934 2913 his
959 2890 1016 2913 eos
1041 2878 1166 2911 similes
1188 2876 1277 2910 fuiffe

241 2923 437 2956 omnimodo
451 2947 460 2956 .

292 2968 351 3005 (a)
376 2970 477 3020 Iliagi.
494 2971 535 3001 Δ.
584 2967 645 3009 (b)
672 2970 750 3003 'Vide
765 2974 868 3003 Iioon.
886 2973 998 3004 Ele-ur.
1020 2982 1045 3004 e.
1066 2981 1096 3011 4.
1114 2967 1171 3002 lib.
1191 2977 1221 2999 2-

289 3010 344 3050 (τ)
367 3016 419 3044 De
433 3014 547 3055 quibus
561 3015 677 3048 Cicero
693 3023 747 3056 pro
769 3017 881 3049 Caecin.
899 3017 937 3048 Θ·
952 3018 989 3049 in
1003 3026 1085 3050 orat.
1100 3022 1156 3057 pro
1175 3014 1278 3046 domo·

288 3056 340 3095 (di
369 3057 410 3087 In
435 3069 514 3090 orat.
532 3067 587 3099 pro
604 3059 710 3091 Balbo
726 3083 734 3091 .

286 3101 336 3139 (e)
365 3103 449 3150 Hac*
461 3103 498 3133 de
530 3114 561 3134 re
585 3105 811 3147 fragmentum
846 3114 936 3140 extu
951 3106 1074 3141 veteris
1086 3106 1126 3138 -5'-
1143 3106 1178 3136 C·
1196 3100 1282 3145 ῬΜ

250 3145 389 3178 Petrum
415 3145 581 3179 Pithoeum
597 3169 606 3179 .

2230 112 2345 163 243

1289 191 1430 222 tamen
1475 176 1631 221 mortui
1677 172 1864 218 servilem
1911 170 1951 213 in
1987 170 2130 214 statum
2168 169 2328 215 relabe-

1291 238 1437 279 bantur
1465 252 1477 289 3
1511 234 1584 278 nisi
1604 233 1652 276 ad
1673 232 1839 289 plenam
1862 229 2092 272 libertatem
2117 229 2328 271 testamen-

1290 306 1332 336 to
1353 326 1365 347 ,
1398 305 1467 337 aut
1497 292 1617 336 censu
1639 322 1651 344 ‚
1694 302 1764 333 aut
1797 286 1976 331 vindicta
2011 285 2282 341 pervenissent
2315 321 2324 331 ,

1290 351 1331 394 Si
1365 366 1462 394 vero
1495 351 1537 392 in
1572 350 1647 392 hac
1680 346 1815 391 media
1845 345 2034 388 libertate
2068 342 2325 398 mansissent,

1291 423 1435 451 eorum
1467 407 1574 449 bona
1605 405 1797 448 dominus
1827 403 2055 457 occupa¹>at
2086 399 2171 452 jure
2206 415 2325 456 pecu-

1293 465 1370 508 lii:
1408 480 1502 508 cum
1536 463 1618 518 ipse
1647 494 1658 515 ‚
1692 474 1781 504 tum
1815 459 1930 502 liberi
1964 458 2072 515 ejus,
2104 457 2175 515 qui
2207 459 2333 501 exhe-

1297 522 1418 565 redati
1458 535 1541 563 non
1576 518 1737 563 fuissent
1765 550 1774 560 .
1808 518 1922 560 Nam
1959 515 2123 559 heredes
2155 515 2331 560 instituti

1298 580 1361 622 vel
1393 579 1464 621 soli
1497 609 1510 630 ,
1554 576 1618 619 vel
1662 591 1758 620 curn
1791 575 1995 617 extraneis
2025 574 2068 616 in
2101 573 2249 617 horum
2284 573 2334 616 14-

1297 638 1506 679 bertorum
1539 634 1657 677 bonis
1690 630 2005 686 praeferebantur
2037 631 2181 674 ceteris
2213 646 2261 674 ex
2295 632 2334 673 S.

1298 695 1352 737 C.
1385 693 1613 748 Largiano.
1647 689 1726 744 (f)
1759 690 1817 743 (Ἠ
1853 691 1984 732 Erant
2013 688 2057 730 &
2088 687 2177 731 aliae
2212 688 2337 731 ratio-

1299 767 1367 795 nes
1400 751 1537 793 latinae
1568 748 1768 791 libertatis
1792 745 2086 801 adipiscendae:
2120 761 2208 801 quae
2229 761 2339 789 nunc

1299 807 1513 861 Justiniani
1559 805 1850 850 constitutione
1891 805 1939 846 ad
1975 818 2114 845 veram
2149 803 2338 857 plenam-

1298 881 1375 921 que
1406 865 1639 909 libertatem
1665 862 1890 918 perducunt
1912 892 1920 902 .
1957 862 2100 916 Itaque
2122 860 2253 904 servus
2276 861 2343 904 in-

1299 925 1415 966 firma
1450 921 1687 965 valetudine
1717 951 1729 971 ,
1759 934 1883 974 quern
1914 918 2107 960 dominus
2138 918 2339 972 exposuit,

1300 979 1521 1034 habuitque
1554 995 1625 1035 pro
1655 976 1849 1020 derelicto
1876 1006 1889 1028 ‚
1923 975 1988 1017 ubi
2022 974 2340 1027 convalesceret,

1299 1053 1347 1080 ex
1393 1035 1525 1079 edifi‘m
1570 1033 1735 1078 Claudii
1770 1033 1945 1075 latinam
1980 1032 2215 1075 libertatem
2248 1031 2341 1075 affe:-

1301 1094 1496 1149 quebatur
1522 1125 1532 1136 .
1575 1094 1661 1149 (g)
1698 1094 1804 1135 Item
1837 1090 1877 1130 ἃ
1911 1089 1981 1145 qui
2013 1089 2192 1132 defuncii
2225 1121 2238 1142 ,
2273 1090 2344 1132 he-

1303 1150 1454 1194 redisve
1489 1149 1707 1193 voluntate
1746 1179 1758 1200 ‚
1809 1158 1853 1190 ut
1885 1162 2078 1201 pompam
2114 1158 2341 1202 augerent,

1304 1208 1425 1251 funus
1458 1207 1596 1262 pileati
1629 1204 1898 1262 praecederent
1918 1235 1930 1255 ‚
1976 1217 2047 1247 aut
2081 1203 2231 1247 Iccium
2265 1204 2344 1246 cir-

1303 1265 1582 1308 cumsisterent
1619 1295 1631 1315 ,
1677 1272 1747 1304 aut
1792 1273 1962 1303 ventum
2008 1261 2192 1304 cadaveri
2238 1259 2346 1303 face-

1307 1335 1395 1364 rent
1425 1353 1438 1373 ,
1469 1320 1575 1376 quod
1606 1319 1787 1362 officium
1820 1316 2008 1359 Achilles
2042 1317 2226 1360 Patroclo
2248 1332 2347 1372 prae-

1306 1379 1430 1422 stabat
1458 1394 1471 1432 3
1504 1376 1567 1420 vel
1600 1376 1743 1431 quibus
1773 1389 1822 1416 ex
1855 1374 2097 1417 testamento
2132 1374 2262 1417 latina
2295 1373 2345 1415 li-

1308 1438 1438 1479 bertas
1471 1433 1749 1484 obveniebat,
1782 1431 1932 1487 quippe
1964 1430 2164 1485 pendente
2199 1430 2343 1473 condi-

1308 1494 1420 1536 tione
1464 1490 1661 1536 libertatis
1703 1489 1945 1531 testamento
1987 1488 2088 1531 data:
2120 1488 2169 1530 ab
2204 1488 2345 1530 herede

1310 1549 1489 1594 vindi&
1520 1546 1963 1597 manumittebantur3
2016 1545 2078 1588 vel
2129 1561 2229 1602 quos
2272 1545 2345 1587 do·

1311 1608 1447 1651 minus
1475 1638 1487 1659 ‚
1530 1617 1696 1660 accepto
1727 1618 1772 1645 ea
1804 1601 1919 1645 causa
1953 1602 2082 1657 pretio
2115 1602 2345 1646 manumit-

1313 1679 1394 1708 tere
1427 1664 1660 1715 abnueret3
1694 1659 1756 1702 vel
1790 1658 1942 1702 ancilla
1966 1691 1978 1711 ‚
2012 1674 2099 1714 quae
2131 1659 2262 1703 fuisset
2295 1660 2342 1701 in

1313 1721 1631 1765 matrimonium
1691 1717 1820 1760 libero
1873 1716 2037 1760 homini
2091 1732 2114 1758 a
2170 1716 2342 1759 domina

1312 1779 1552 1830 collocata3
1599 1774 1663 1819 vel
1708 1774 1740 1816 is
1770 1805 1782 1826 ‚
1832 1789 1954 1829 quem
1998 1773 2188 1816 dominus
2230 1774 2339 1816 inter

1313 1836 1400 1879 ats‘ca
1447 1833 1584 1886 judicii
1627 1831 1760 1875 filiurn
1805 1830 2071 1886 appellasset,
2122 1832 2238 1873 cuive
2282 1830 2352 1872 do-

1316 1894 1453 1935 minus
1513 1891 1831 1934 instrumentum
1892 1887 2086 1931 emtionis
2145 1888 2188 1930 &
2233 1887 2354 1930 servi-

1315 1951 1415 1993 tutis
1460 1946 1683 1992 reddidisset
1716 1977 1726 1988 .
1771 1944 1853 2000 Qui
1895 1960 2040 1988 ornnes
2083 1944 2132 1987 ad
2180 1943 2353 1986 latinam

1319 2018 1482 2050 tantum
1514 2005 1749 2048 libertatem
1782 2002 2072 2056 vocabantur3
2123 2017 2231 2045 nunc
2264 2002 2353 2044 sub-

1318 2064 1398 2107 lata
1441 2078 1490 2107 ex
1534 2058 1753 2114 Justiniani
1788 2059 2077 2102 constitutione
2109 2074 2192 2101 non
2227 2058 2348 2101 modo

1317 2121 1444 2164 latina
1479 2119 1665 2163 libertate
1686 2149 1698 2170 ‚
1733 2116 1792 2159 sed
1825 2115 2059 2160 diferimine
2090 2116 2208 2159 omni
2231 2115 2352 2159 liber-

1318 2191 1377 2221 tos
1426 2177 1532 2220 inter
1571 2175 1616 2220 δε
1658 2174 1860 2230 ingenuos
1900 2205 1912 2227 ,
1962 2189 2106 2216 omnes
2151 2189 2260 2229 aeque
2307 2174 2354 2215 ad

1319 2236 1483 2291 plenam
1514 2234 1558 2276 δι
1583 2232 1791 2287 integram
1824 2229 2058 2274 libertatem
2077 2231 2351 2286 perveniunt.

1319 2294 1401 2343 (h)
1432 2293 1546 2334 Cum
1580 2301 1675 2333 ante
1706 2288 1981 2339 Justinianum
2015 2287 2132 2331 latini
2168 2288 2302 2331 liberti
2338 2319 2350 2340 ,

1323 2362 1412 2394 tum
1467 2350 1636 2392 demum
1693 2349 1929 2389 Romanam
1986 2346 2204 2389 civitatem
2257 2344 2357 2387 asse⁴

1841 2402 2015 2446 th

1540 2479 1781 2493 -.—-—-->

1369 2518 1389 2556 (
1404 2516 1452 2555 f)
1478 2518 1516 2548 L.
1538 2515 1634 2547 unica
1655 2517 1688 2546 C.
1706 2515 1743 2546 de
1769 2516 1830 2546 lat.
1846 2512 1957 2545 libert.
1974 2515 2048 2546 toll.

1369 2561 1426 2602 ζ’)
1454 2564 1576 2593 vocem
1591 2558 1708 2592 ceteris
1723 2558 1762 2590 de
1778 2557 1949 2590 heredibus
1962 2557 2114 2599 intelligo
2130 2556 2260 2589 liberti.
2275 2555 2356 2588 Visi-

1325 2605 1396 2638 nitxs
1425 2605 1458 2638 in
1476 2608 1599 2637 eon-m.
1615 2602 1654 2635 ad
1675 2605 1703 2646 §.
1717 2604 1802 2644 4.J.
1819 2601 1997 2644 desucceff.
2015 2602 2072 2634 tib.
2089 2602 2222 2634 heredes
2243 2612 2360 2634 mam:-

1325 2651 1464 2684 missoris
1484 2648 1594 2681 vocari
1611 2647 1764 2682 censebat
1779 2669 1788 2677 .
1803 2645 1862 2680 Sed
1885 2647 1926 2679 sic
1941 2647 2171 2680 Tribonianus
2186 2647 2358 2679 extraneis

1324 2695 1496 2728 heredibus
1528 2693 1599 2732 eius
1625 2704 1690 2726 non
1730 2703 1835 2724 eorum
1862 2690 1969 2724 dicere
1984 2691 2140 2725 debuisset
2155 2716 2162 2724 .
2190 2696 2289 2725 Nunc
2314 2692 2361 2723 ita

1324 2740 1448 2783 scripsit
1463 2752 1474 2773 .-
1505 2737 1613 2778 Poſsm
1646 2748 1720 2769 vero
1734 2740 1879 2769 Senatus
1892 2737 2035 2777 consulto
2050 2739 2214 2779 Largiana
2228 2746 2358 2769 cautum

1320 2787 1433 2828 fuerat
1445 2805 1455 2822 ‚
1473 2795 1511 2817 ue
1527 2783 1638 2816 Liberi
1652 2779 1892 2824 manumifforis
1904 2793 1965 2814 non
1981 2783 2180 2815 nominatim
2196 2782 2360 2815 exhereda-

1322 2832 1356 2863 ri
1370 2830 1456 2873 falb*
1474 2853 1485 2871 ,
1515 2829 1676 2861 extraneis
1701 2826 1864 2860 heredibus
1890 2837 1996 2860 corum
2018 2828 2051 2860 in
2067 2827 2155 2860 banis
2172 2829 2361 2859 Latinorum

1325 2884 1574 2918 praeponerentur
1589 2897 1598 2905 .
1629 2875 1795 2905 Vocantur
1822 2881 1934 2904 autem
1965 2873 2061 2905 liberi
2076 2883 2140 2904 non
2155 2872 2355 2904 nominatim

1325 2920 1513 2953 exheredati
1530 2918 1606 2952 faffi
1625 2939 1635 2956 ‚
1663 2917 1747 2950 unde
1762 2917 1969 2950 manifestum
1985 2939 1993 2955 ‚
2022 2917 2154 2950 heredes
2171 2916 2284 2949 liberti
2299 2927 2357 2947 ex-

1327 2974 1459 2998 traneos
1476 2988 1485 3003 ,
1501 2975 1566 2997 non
1582 2964 1623 2996 ab
1638 2963 1797 2995 institutis
1814 2970 1944 2995 tantum
1961 2988 1969 3001 ,
1991 2973 2108 2995 verum
2123 2962 2223 2993 ec‘am
2239 2962 2279 2993 ab
2299 2970 2356 2992 ex-

1328 3009 1494 3043 heredatis
1521 3011 1610 3042 inter
1634 3017 1762 3041 ceteros
1790 3008 1938 3040 exclusos
1966 3007 2052 3039 suus:
2072 3029 2081 3044 ,
2108 3005 2253 3049 adeoque
2269 3009 2300 3039 S.
2319 3007 2356 3038 C.

1330 3063 1401 3088 tum
1416 3055 1451 3087 in
1463 3054 1613 3087 favorem
1627 3051 1760 3085 familiae
1777 3053 1906 3094 patroni
1928 3054 2030 3084 latium
2046 3052 2104 3083 eise
2119 3075 2127 3082 .

1376 3101 1436 3142 (g)
1464 3103 1490 3132 L
1520 3112 1536 3131 2
1564 3098 1600 3141 ff.
1618 3100 1672 3141 qui
1686 3097 1749 3134 sine
1765 3095 1946 3138 manumiss.
1964 3097 2005 3128 ,vl
2018 3095 2161 3128 liberat.
2176 3103 2306 3139 perven-

1376 3145 1439 3186 (b)
1467 3149 1501 3178 C.
1519 3145 1555 3178 de
1566 3147 1627 3177 lat.
1644 3142 1702 3179 lib.
1720 3144 1790 3176 toll.
1808 3143 1941 3176 Novell.
1962 3144 2016 3181 73.
2035 3149 2102 3183 cap.
2130 3152 2157 3173 1.

2259 2418 2364 2457 que·
