2524 3479
214 129 284 184 50

216 203 333 245 quit:
366 189 855 233 Pat»·1husauc70›itatem
880 191 936 232 cri
933 190 1158 245 piendam;
1178 208 1242 234 ne-

217 264 292 301 que
312 248 377 299 jus
396 248 461 290 illi
487 245 557 303 effe
574 248 798 290 remittendt
828 264 892 290 eas
914 249 1115 313 injurias,
1145 267 1246 304 quas

212 306 481 362 Κυ[ριιί)ίι’,σα
502 306 793 362 lcsopiimipe,
811 323 892 348 acc
890 303 1045 361 piffet.
1065 309 1126 349 Ac
1160 323 1244 350 non

217 366 408 407 modom
432 368 608 420 rebusgr
612 364 780 416 avibus,
799 365 1084 407 verumetiam
1114 365 1156 408 in
1190 364 1247 408 le-

217 423 398 465 vioribus
431 423 649 477 quibusque
678 422 855 477 gratiam
893 423 1090 478 Principis
1120 439 1245 467 aucu-

218 480 360 523 batur.
397 480 539 523 Veluti
567 496 662 523 cum
684 480 876 523 siberius
913 481 1035 524 vellet
1070 483 1242 525 verbum

217 539 269 580 ab
290 538 421 581 edidio
455 538 519 580 suo
551 553 782 601 expungere
810 551 878 581 aut
907 540 952 581 ad
982 539 1246 583 Grammati-

215 611 360 640 corum
384 595 580 648 judicium
613 595 758 639 referre
784 597 889 652 quod
919 597 985 639 sibi
1010 614 1152 652 parum
1187 598 1240 640 la-

216 653 355 697 tinum
383 654 586 696 videretur
613 669 625 706 ;
660 653 822 718 Attejus
844 655 1021 698 minime
1056 671 1156 710 opus
1182 655 1241 699 es-

218 712 254 754 se
281 711 510 766 respondit·,
542 727 652 754 novo
683 712 801 755 enim
852 714 975 793 verbo
1009 713 1146 756 usuros
1184 713 1242 756 ci-

214 784 310 819 ves
345 769 553 823 postquam
579 768 761 824 Principi
793 769 1026 813 excidisset.
1058 773 1121 822 (a)
1151 773 1242 826 Qua

215 826 472 891 responsione
500 826 775 870 stomachatus
802 828 1062 893 Pomponius
1085 830 1243 872 Gram-

216 885 397 927 maticus
420 917 431 935 ,
464 885 509 926 ad
538 885 627 926 Caei‘
614 888 737 928 sarem
768 891 1010 928 convzerlus
1046 888 1149 939 imo,
1178 888 1241 929 in-

217 942 334 997 quit,
366 943 588 985 hominibns
612 943 771 998 quidem
792 943 940 985 δι”.υῑῐτ
927 955 979 984 te
985 960 1020 984 n
1046 945 1239 988 [ἰανεΰμσ

211 1000 283 1053 sar
310 1011 419 1055 potes
442 1017 458 1051 ‚·
493 990 625 1042 v-x'cibi'
651 1017 724 1041 non
753 1011 864 1054 potes
893 1032 902 1042 .
938 1003 1039 1054 Quae
1076 1001 1240 1045 libertas

217 1056 382 1100 homini
411 1057 522 1099 fuit
514 1072 710 1111 impune
742 1057 1015 1101 Curationem
1042 1076 1238 1114 aquarum

215 1116 252 1158 ei
278 1114 436 1167 Caesar‚
454 1127 616 1157 mortio
643 1115 903 1168 Maecenate,
923 1117 1152 1171 delegavit:
1177 1119 1240 1169 (b)

212 1172 472 1227 eundemque
505 1172 854 1226 triennio‚quam
872 1174 1040 1217 Tiberis
1064 1175 1237 1224 inunda-

214 1242 301 1283 rat‚
330 1231 558 1273 coercendo
592 1229 754 1272 flumini
780 1229 956 1283 praesecit
991 1232 1107 1275 simul
1143 1250 1236 1277 cum

213 1289 261 1331 L.
290 1262 499 1331 Arruntio
531 1320 535 1324 .
573 1288 666 1341 Quo
707 1286 748 1329 in
777 1302 947 1331 munere
983 1291 1238 1344 graviffimus

215 1344 294 1389 fuit
319 1344 589 1400 municipiiS‚
620 1344 664 1387 δε
692 1344 910 1388 coloniis:
944 1363 1118 1402 quarum
1141 1365 1234 1404 que-

215 1403 310 1446 relis
347 1403 518 1453 auditis,
549 1401 697 1453 abjecit
736 1392 965 1446 consilium
996 1395 1237 1449 axerteiido-

210 1476 302 1504 rum
330 1460 580 1513 fluminum,
598 1460 641 1503 δι.
663 1458 826 1502 lacuum
845 1477 959 1516 ,quae
984 1479 1026 1505 in
1041 1464 1234 1507 Tiberim

212 1518 477 1562 influebant:
520 1518 627 1573 quod
668 1516 1016 1572 prohibendarum
1063 1521 1235 1564 inunda-

214 1577 374 1620 tionum
404 1575 634 1619 remedium
675 1575 923 1618 ducebatur.
956 1578 1233 1622 Consulatum

213 1637 327 1689 gessit
350 1650 444 1677 curn
477 1630 758 1677 Germanico.
789 1634 892 1675 Sunt
919 1635 987 1690 qui
1018 1652 1087 1689 pro
1114 1640 1234 1679 Atte-

214 1709 254 1745 Jo
281 1691 499 1743 Fonteium
539 1690 713 1734 scribant
746 1690 787 1732 in
816 1707 865 1734 eo
892 1693 1102 1737 consulatu
1127 1727 1139 1747 ,
1176 1695 1234 1737 sed

217 1766 291 1801 pro
316 1749 430 1801 Arte}
422 1767 458 1792 o
482 1749 657 1792 Tacitus
692 1764 769 1801 pug
777 1763 868 1835 τηρεε.
901 1752 983 1800 (*)
1015 1752 1134 1815 Obiit
1168 1752 1234 1794 sub

213 1807 412 1861 Tiberio,
439 1806 543 1860 Cajo
563 1805 738 1859 Sulpitio
755 1838 765 1858 ,
787 1807 829 1849 Sc
856 1809 908 1849 D.
926 1809 1098 1852 Haterio
1123 1809 1232 1874 Coss.

212 1865 356 1909 Libros
393 1864 526 1920 plures
555 1864 681 1909 edidit
721 1863 1069 1910 colle&1neorum
1100 1883 1108 1908 ε
1145 1867 1232 1923 qui-

213 1924 284 1966 bus
310 1922 418 1966 haud
456 1939 583 1977 pauca
619 1923 790 1964 Senatus
817 1954 827 1974 ‚
861 1923 1229 1988 Tribunorumque

214 1985 398 2034 decreta,
429 1980 637 2036 edi&aque
661 1980 862 2034 Augusti,
896 1982 1138 2043 Tiberiique
1169 1999 1231 2024 in-

220 2038 366 2082 seruit.
388 2039 446 2089 (c)
472 2038 614 2080 Multa
639 2052 800 2099 quoque
833 2038 878 2080 de
899 2055 983 2089 Jire
1013 2040 1228 2083 Pontificio

217 2096 396 2151 scripsit,
431 2095 474 2138 δε
500 2095 546 2138 de
573 2093 746 2150 publicis
781 2092 941 2143 judiciis
974 2111 1232 2141 commenta-

219 2170 357 2206 rium,
384 2153 543 2216 aliaque
571 2153 687 2208 plura
707 2152 771 2202 (d)
794 2152 962 2207 Gellio,
983 2156 1121 2209 Festo,
1136 2157 1232 2199 Ma-

216 2211 383 2263 crobio,
413 2209 588 2264 Nonio,
621 2209 822 2253 Frontino
853 2226 1103 2255 memorata.

356 2296 396 2338 C
458 2297 495 2338 A
560 2296 590 2338 P
650 2297 694 2337 U
756 2296 799 2337 T
917 2300 1096 2342 LXXV.

416 2354 483 2397 De
496 2354 640 2397 Nerva
653 2354 804 2408 Pati-‚e
827 2354 883 2398 (9²
905 2357 1026 2398 Filio.

335 2412 447 2455 Erva
482 2423 596 2467 pater
645 2409 826 2455 scholam
877 2413 1043 2467 suscepit
1076 2415 1228 2458 Labeo—

364 2469 427 2512 nis
453 2500 466 2524 ,
510 2485 683 2526 eamque
725 2469 895 2526 ingenio
924 2503 936 2525 ,
979 2471 1024 2515 ὅ(
1055 2472 1231 2528 disputa-

209 2623 653 2644 Ψ--ᾷ-υ-ι

259 2655 332 2695 [a]
361 2656 459 2687 Dion
495 2655 552 2688 lib.
579 2666 630 2697 37

261 2698 311 2739 [b
334 2701 346 2738 ]
374 2701 483 2732 Tacit.
512 2700 568 2733 lib.
589 2713 610 2732 ι.
640 2705 750 2735 annal.
772 2710 840 2745 cap.
855 2706 910 2744 76.
926 2702 1033 2745 infin.
1050 2702 1168 2745 &cap
1174 2714 1229 2744 79

263 2746 309 2785 [⁴²
326 2744 340 2782 ]
374 2747 446 2777 lmo
474 2745 557 2787 apud
583 2741 662 2778 ‘I'aci
657 2756 738 2778 ·turn
765 2761 801 2780 in
826 2749 965 2790 optimis
991 2748 1159 2781 codicibus
1185 2750 1230 2781 le·

213 2789 308 2834 gitur
329 2787 510 2826 Fonteius.
539 2790 652 2822 Litera
677 2793 717 2822 Τ.
748 2801 859 2825 autem
889 2792 924 2824 in
950 2793 1084 2826 nomine
1115 2792 1231 2831 Ateius

214 2835 377 2878 geminari
409 2844 475 2866 non
507 2833 604 2868 debet
623 2857 634 2874 ,
662 2843 698 2867 ut
725 2835 844 2869 docent
866 2837 1097 2879 inscriptiones
1126 2840 1154 2871 8(
1171 2843 1229 2872 Fa-

216 2882 279 2914 sti.
305 2883 352 2913 De
380 2880 530 2913 Labeone
565 2881 771 2922 &Capitone
798 2892 978 2924 eorumque
1004 2883 1229 2918 seftatoribus.

217 2925 287 2959 dixi
315 2927 350 2957 in
360 2923 520 2958 diatriba
552 2926 589 2957 de
616 2925 724 2958 scc'lis
747 2927 1090 2968 jurisconsultorum.

263 2971 332 3012 [c]
360 2971 447 3003 Geli.
474 2973 498 3003 Ι
517 2981 547 3001 2
576 2983 600 3002 c.
623 2982 675 3010 24.
702 2970 808 3010 libuit.
844 2983 868 3003 c.
891 2982 941 3011 ¹4·

263 3016 336 3057 [A]
365 3018 435 3048 Get.
451 3015 508 3049 lib.
530 3027 581 3047 10.
610 3024 683 3057 cap·
700 3020 734 3048 6.
768 3017 874 3050 Festus
906 3020 941 3050 in
974 3016 1060 3051 verb.
1079 3020 1228 3053 mundus.

258 3062 329 3103 [e]
358 3061 468 3094 Tacit.
486 3063 509 3094 Ι.
526 3072 547 3099 4
575 3063 685 3093 amm!
709 3065 759 3100 58.

255 3108 331 3149 (Γ)
379 3106 492 3140 Tacit·
521 3108 632 3138 annul.
663 3108 687 3138 l
704 3111 733 3139 6.
763 3118 787 3139 c.
810 3109 862 3139 26.

263 3151 316 3194 [g]
346 3149 666 3195 Paul-1.penusr.ffin
681 3164 736 3194 qu:
726 3151 796 3185 ibus
818 3152 916 3194 causis
933 3154 1024 3204 pign.
1030 3156 1082 3186 vel
1099 3156 1230 3196 hypoth-

260 3196 338 3239 [h]
366 3200 403 3230 1.-
420 3206 472 3239 47.
490 3195 529 3241 ff·
548 3198 584 3230 de
599 3200 718 3240 acquir.
732 3197 854 3242 poffll.
874 3209 909 3231 2.
927 3197 966 3244 ff.
986 3200 1088 3234 dehis
1106 3200 1231 3243 quino-

767 2627 1116 2639 .————-———-
1130 2629 1229 2638 -ιι

565 113 689 165 DE
757 113 1047 167 ORTU
1113 115 1257 168 ET
1326 117 1935 174 PROGRESSU

1296 192 1477 236 tionibus
1503 194 1693 238 dilatavit
1720 227 1729 237 .
1761 194 1919 238 Consul
1956 192 2068 239 fuisse
2094 193 2218 239 fertur
2243 193 2311 239 sub

1295 249 1468 295 'liberio
1496 269 1505 294 :
1541 254 1622 305 (e)
1656 251 1720 297 cui
1761 253 1906 296 Nerva
1940 263 2029 297 erat
2058 254 2156 297 adeo
2189 252 2313 297 fami-

1314 307 1407 351 iaris
1433 341 1445 362 ,
1477 322 1520 353 ut
1553 312 1605 354 ab
1638 327 1686 354 eo
1717 311 1849 354 secum
1877 312 2055 367 Capreas
2092 311 2213 355 fuerit
2245 312 2313 354 de·

1294 365 1436 409 duRus
1467 399 1478 420 ‚
1525 369 1592 411 ubi
1630 369 1837 425 flagitiosae
1888 369 2069 412 libidinis
2119 369 2314 424 spefi‘tator

1295 425 1511 480 proximus
1550 440 1676 481 erat,
1719 429 1763 470 ὅς
1805 427 1995 481 invitus,
2045 427 2315 491 oppressaeque

1297 482 1495 526 libertatis
1527 458 1696 528 assidu-is
1732 485 2064 541 contemplator,
2099 498 2212 528 tanta
2247 501 2315 528 in-

1294 540 1532 595 dignatione
1565 543 1729 596 animi,
1773 556 1817 586 ut
1854 559 1976 600 quern
2014 543 2213 587 orationis
2244 558 2316 586 au-

1292 597 1391 641 Stori
1385 611 1480 642 'tate
1504 601 1777 655 comprimere
1800 617 1882 643 non
1904 601 2075 644 audebat
2096 633 2108 653 ,
2144 599 2315 656 propriae

1293 669 1438 699 mortis
1451 660 1644 711 exemplo
1658 659 1878 722 admonere.
1900 658 2092 701 voluerit.
2107 657 2169 712 (f)
2182 660 2316 701 Cum-

1292 729 1368 769 que
1390 730 1539 770 angore
1565 716 1695 759 animi
1719 747 1730 767 ,
1765 729 1885 771 atque
1914 716 2011 758 tristi
2037 716 2315 779 desperatione

1292 770 1399 814 haud
1421 773 1586 817 obscure
1616 774 1864 828 significaret
1887 805 1898 824 ,
1931 788 2051 828 grave
2084 771 2277 827 aliquid
2266 788 2315 816 in

1294 829 1327 871 se
1354 829 1484 884 ipsum
1510 832 1748 884 consulere;
1769 830 1991 884 Tiberius,
2011 845 2200 887 quamvis
2221 845 2316 873 cau-

1293 887 1338 929 sae
1375 888 1585 931 noscendae
1624 890 1791 945 cupidus
1814 921 1825 940 ,
1860 905 1934 932 nec
1967 905 2058 931 eam
2092 904 2231 931 eruere
2264 888 2314 931 ab

1290 961 1338 989 eo
1367 947 1529 1000 potuit·
1521 979 1532 1001 ‚
1577 963 1706 1004 neque
1740 946 1931 990 animum
1958 945 2070 989 iliius
2101 946 2316 990 absterrere

1292 1019 1313 1045 a
1341 1017 1500 1058 morte,
1533 1021 1656 1060 quam
1679 1005 1978 1048 obstinaverat.
2013 1003 2171 1048 Maluit
2196 1003 2314 1047 enirn

1291 1059 1361 1104 ille
1395 1060 1608 1104 honestum
1642 1064 1837 1113 exitum,
1869 1077 1994 1117 quarn
2017 1075 2179 1117 turpem
2215 1061 2310 1113 vita:

1290 1134 1385 1161 curn
1424 1120 1630 1183 Tyranno
1668 1119 2010 1171 ευηῇυηξῖἰοηεῑη
2046 1151 2055 1160 .
2100 1111 2313 1174 Quoniam

1288 1176 1401 1219 enirn
1430 1176 1662 1219 amicitiam
1697 1176 1808 1220 illius
1840 1175 2047 1220 declinare
2083 1191 2167 1219 nori
2201 1188 2315 1232 pote·

1292 1247 1350 1276 rat
1383 1233 1464 1277 fine
1494 1235 1701 1288 periculo:
1739 1237 1868 1278 vitam
1905 1234 1975 1277 sibi
2001 1233 2154 1277 ademit
2182 1266 2193 1286 ‚
2227 1249 2315 1290 quae

1290 1291 1353 1334 vel
1389 1292 1667 1347 ignominiose
1701 1292 1945 1336 traducenda
1990 1305 2112 1344 erat,
2161 1291 2185 1334 i'i
2222 1293 2314 1346 Ty-

1290 1365 1419 1392 ranno
1452 1365 1566 1393 carus
1597 1349 1671 1393 else
1703 1351 1891 1405 cupiebat
1919 1366 1929 1402 ς
1967 1349 2030 1392 vel
2063 1348 2175 1392 illius
2216 1365 2314 1393 cru-

1287 1406 1454 1469 delitate
1482 1407 1720 1461 deponenda
1742 1441 1752 1460 ‚
1790 1407 1812 1450 si
1838 1408 1993 1461 placere
2018 1407 2217 1450 studuisset
2243 1407 2313 1450 bo-

1290 1464 1374 1507 nis.
1406 1467 1544 1521 [taque
1572 1465 1816 1508 abstinentia
1845 1464 1924 1508 cibi
1957 1464 2215 1520 semetipsum
2243 1465 2314 1508 ab·

1290 1522 1449 1585 sumsit:
1486 1540 1614 1578 eoque
1643 1523 1748 1566 faeio
1777 1535 1990 1577 corruptos
2023 1538 2158 1565 mores
2182 1521 2313 1565 Tibe<

1289 1579 1349 1623 rio
1374 1581 1670 1635 exprobravit,
1704 1596 1815 1623 anno
1850 1584 1900 1623 A.
1924 1581 1977 1622 C.
1995 1581 2051 1622 N.
2096 1581 2308 1623 XXXIV.

1289 1638 1560 1694 Reliquitque
1584 1639 1771 1681 Nervam
1803 1637 1935 1680 filium
1969 1653 2012 1680 ea
2047 1637 2204 1691 ingenii
2228 1635 2314 1680 ala-

1285 1696 1429 1739 critate
1452 1727 1463 1747 ,
1499 1708 1541 1738 ut
1563 1711 1673 1738 anno
1703 1695 1831 1739 aetatis
1853 1695 2020 1738 decimo
2051 1695 2225 1751 septimo
2254 1695 2309 1738 se-

1287 1753 1320 1796 se
1354 1752 1514 1808 publice
1541 1753 1849 1797 consulentibus
1874 1752 2074 1796 obtulerit
2106 1785 2114 1794 .
2150 1755 2243 1808 Quo
2265 1752 2308 1795 in

1285 1827 1454 1854 munere
1483 1827 1577 1854 curn
1607 1811 1775 1854 liberius
1816 1811 2037 1865 aliquando
2079 1810 2311 1867 indulgeret

1285 1867 1481 1923 ingenio,
1503 1868 1716 1912 videbatur
1741 1868 1953 1923 aliquanto
1982 1868 2189 1923 argutior.
2222 1869 2307 1924 (g)

1283 1926 1426 1969 Libros
1447 1925 1572 1969 edidit
1597 1927 1642 1969 de
1672 1926 2014 1977 usucapionibus,
2047 1925 2088 1968 ὃ(
2115 1925 2217 1967 alios
2244 1940 2306 1968 re-

1285 1983 1517 2038 sponsorum
1539 2015 1550 2036 ‚
1575 1999 1752 2040 quorum
1784 1984 2055 2038 Papinianus,
2088 1981 2131 2025 ὃς
2156 1981 2304 2037 Ulpia-

1284 2058 1356 2084 nus
1378 2041 1482 2083 haud
1504 2057 1592 2084 raro
1620 2042 1928 2084 meminerunt.
1949 2042 2012 2092 (h)
2033 2042 2095 2083 Ex
2113 2040 2191 2084 hoc
2211 2055 2305 2096 pro-

1280 2111 1452 2155 gnatum
1479 2098 1614 2142 ferunt
1639 2101 1829 2142 Nervam
1859 2102 2186 2154 Imperatorem.

1407 2187 1447 2229 C
1509 2187 1547 2228 A
1610 2185 1640 2228 P
1701 2188 1744 2228 U
1806 2183 1850 2224 T
1968 2187 2173 2230 LXXVI.

1645 2245 1713 2288 De
1744 2245 1935 2286 Proculo.

1406 2302 1524 2343 Ervae
1561 2301 1684 2355 patris
1721 2300 1984 2354 disciplinam
2034 2302 2196 2356 excepit
2231 2303 2300 2347 Li-

1289 2396 1291 2398 .
1432 2357 1563 2401 cinius
1598 2357 1822 2400 Proculus·
1870 2359 1975 2409 (⁸⁷⁴)
2006 2357 2052 2400 de
2080 2374 2161 2414 quo
2201 2377 2299 2405 cum

1282 2413 1387 2457 nihil
1415 2415 1513 2459 certi
1542 2414 1733 2458 traditum
1762 2415 2010 2469 reperiatur,
2032 2414 2156 2471 aliqui
2180 2450 2192 2471 ‚
2225 2418 2297 2462 etsi

1281 2471 1362 2516 leui
1401 2471 1633 2525 conje&ura
1657 2504 1670 2527 ,
1699 2488 1798 2516 eum
1828 2472 1903 2516 effe
1945 2486 2141 2529 putarunt
2170 2507 2182 2530 ‚
2226 2476 2296 2532 qui

2228 2534 2296 2578 sub

1949 2625 2299 2639 *On——

1280 2670 1366 2693 tam
1385 2661 1500 2701 infam.
1530 2664 1552 2694 1.
1572 2671 1601 2699 3.
1626 2659 1665 2704 ff.
1687 2662 1724 2693 de
1737 2661 1821 2701 usus.
1841 2658 1879 2691 (9·
1896 2657 1991 2691 alibi.

1327 2705 1419 2745 [⁴⁴⁴¹]
1449 2707 1523 2737 Irno
1549 2706 1635 2738 hunc
1673 2706 1847 2738 Proculum
1863 2703 2097 2746 Sempronium
2124 2700 2192 2734 dici
2221 2702 2293 2735 col-

1281 2750 1323 2781 iio
1308 2757 1387 2788 gunt
1407 2761 1448 2781 ex
1465 2752 1500 2781 L.
1517 2761 1571 2791 47,
1601 2755 1645 2783 D.
1667 2751 1704 2783 de
1721 2751 1855 2793 Legatis
1872 2752 1922 2781 II.
1953 2751 1989 2780 Se
1974 2747 2011 2779 ..d
2040 2747 2094 2779 hic
2126 2747 2292 2788 Quaesitor

1283 2794 1438 2828 Proculus
1450 2795 1663 2837 Sempronius
1681 2801 1726 2830 Re
1730 2794 1861 2846 sponsor
1874 2815 1885 2832 ‚
1908 2792 2060 2824 Proculus
2078 2791 2144 2823 fine
2162 2802 2290 2834 praeno-

1280 2840 1394 2879 mine,
1421 2838 1565 2872 dicitur.
1597 2843 1677 2873 Ecce
1696 2840 1785 2872 enim
1805 2837 2047 2886 praemittitur:
2075 2839 2302 2878 sempronius

1281 2887 1461 2923 Proculus,
1488 2885 1617 2920 Nepoti
1626 2886 1685 2925 suo
1699 2886 1870 2925 salutem.
1899 2879 2106 2920 subiicitur,
2136 2883 2289 2918 Proculus

1277 2931 1466 2973 respondit
1495 2941 1551 2963 nec
1576 2928 1736 2962 confundi
1769 2927 1892 2961 debent
1911 2927 2055 2978 personae
2069 2928 2119 2959 avi
2143 2929 2171 2960 8(
2189 2939 2290 2971 nepo-

1279 2977 1344 3009 tis.
1371 2975 1519 3008 Forfitan
1536 2986 1594 3008 nec
1610 2972 1851 3017 Sempronius,
1873 2983 1932 3005 nec
1950 2972 2093 3005 Licinius
2109 2972 2215 3007 difius
2230 2974 2288 3008 est.

1281 3021 1403 3054 Licinii
1429 3021 1480 3053 eni
1485 3032 1519 3053 m
1549 3031 1672 3053 nomen
1701 3019 1792 3052 nulla
1827 3018 1892 3050 alia
1906 3017 1935 3049 ei
1951 3017 2080 3051 ratione
2099 3018 2261 3052 tribuitur
2274 3042 2286 3059 ‚

1303 3077 1381 3098 uarn
1393 3065 1479 3109 quod
1495 3076 1549 3107 per
1563 3065 1677 3098 eadem
1693 3072 1843 3114 tempora
1862 3063 2011 3096 Licinius
2032 3063 2186 3097 Proculus
2203 3067 2287 3096 Prae

1278 3077 1381 3144 ζΓιεὲἲιις
1398 3111 1555 3144 Praetorio
1569 3109 1644 3148 fuit,
1661 3120 1732 3152 quae
1748 3109 1835 3141 ratio
1850 3119 1916 3140 non
1930 3109 1975 3140 est
1993 3107 2102 3150 magni
2121 3107 2286 3149 ponderis.

1281 3156 1463 3189 Sec‘htores
1493 3153 1565 3192 ejus
1594 3153 1828 3192 Proculeianos
1855 3165 1920 3186 non
1949 3153 2160 3186 Proculianos
2189 3153 2286 3187 scribi

2040 3222 2049 3232 .
2063 3197 2176 3242 influe
2190 3198 2229 3229 (9‘
2243 3201 2283 3232 1..

1277 3201 1395 3236 debere
1408 3224 1420 3243 ,
1446 3199 1601 3239 cujacius
1625 3207 1741 3236 monet
1755 3199 1795 3234 ad
1811 3201 1891 3234 Tit.
1905 3199 1942 3233 de
1958 3200 2037 3242 0.]
2135 3244 2290 3276 XXVII}
