2596 3479
189 87 293 141 188

181 161 423 206 creabantur
439 187 451 208 ,
483 153 552 210 qui
574 165 811 198 exercerent
839 154 882 194 in
903 145 1068 203 singulis
1099 146 1225 189 causis

654 78 756 132 DE
795 75 984 150 JURE
1028 71 1476 141 NATURAL1,
1516 72 1925 141 GENTIUM,

1347 152 1509 203 Nexo
1538 149 1705 204 soluto
1731 150 1752 218 )
1784 167 1862 212 hoc
1891 168 1947 213 est
1988 166 2147 235 dimijro
2192 168 2306 215 debi-

184 214 404 262 criminale
426 212 648 265 judicium·
679 210 754 255 Sed
790 209 873 261 jam
900 206 1036 262 legem
1070 201 1223 247 ‘'df‘m'
1273 235 1358 268 tore
1388 240 1409 267 e
1443 225 1634 278 potestate
1666 226 1876 270 creditoris
1905 258 1914 268 .

237 289 280 317 US
303 290 312 314 :

185 290 228 319 m
263 337 346 388 De
373 328 542 404 capite
571 328 694 382 civis
723 320 987 389 Romani,
1020 321 1108 374 nifi
1135 337 1225 392 per

1347 285 1495 363 forti
1520 283 1541 352 )
1566 303 1644 347 hoc
1672 304 1727 347 est
1755 306 1862 348 bono
1889 336 1901 348 .
1935 306 2049 348 Nam
2082 317 2127 350 ut
2173 306 2307 350 festus

1273 359 1419 412 tradit,
1450 358 1492 401 δε
1519 374 1591 403 nos
1619 361 1729 415 supra
1767 362 2009 414 innuimus,
2045 377 2196 407 veteres
2224 365 2310 407 hor-

184 411 481 466 maximum
520 402 852 461 comitiatum
880 419 944 455 ne
971 398 1180 453 ferunto
1209 437 1223 451 ·
1270 415 1372 459 Hurn
1406 431 1477 468 pro
1514 417 1609 460 bono
1639 419 1853 473 dicebant,
1884 436 1932 464 ex
1960 420 2129 463 hon-{snm
2156 433 2305 464 natum

328 557 368 601 C
428 559 467 600 A
530 555 561 599 P
619 555 664 596 U
724 553 769 595 T
886 550 1091 594 LXXVI.

406 672 474 716 De
504 667 759 724 Indulgentia
791 666 834 710 in
863 662 984 720 hostes
1007 693 1018 706 .

315 823 479 879 Enique
525 822 573 866 ad
620 837 711 866 eam
758 817 907 876 publici
957 816 1056 870 juris
1087 815 1220 880 legem

336 882 549 924 veniamus
571 911 583 932 ‚
616 894 704 936 quae
733 880 787 920 ob
829 876 1054 937 utilitatem
1089 889 1216 928 reipu-

189 938 244 982 bl‘.
278 951 398 994 atque
431 936 700 980 humanitatis
733 934 1120 977 laudem-omnibus
1149 947 1220 973 an-

190 995 345 1038 tecellit
378 1027 388 1037 .
422 995 490 1037 Est
521 1006 656 1036 autem
691 991 762 1034 illa
787 1021 800 1043 ,
843 1004 932 1044 quae
965 990 1074 1042 paria
1106 988 1219 1040 jura,

187 1052 230 1095 ἂ
264 1067 417 1107 :equam
446 1051 537 1092 vitae
561 1048 816 1103 civitatisque
841 1046 1122 1089 conditionem
1149 1046 1217 1088 ssa-

188 1109 323 1151 tuebat
350 1111 455 1149 inter
477 1109 601 1148 bonos
627 1105 737 1148 cives
760 1103 990 1159 amicosque
1020 1105 1114 1157 Pop.
1138 1105 1220 1145 Ro-

194 1165 337 1217 mani,
369 1165 436 1219 qui
482 1163 635 1217 semper
670 1162 715 1205 in
756 1161 832 1204 fide
867 1160 1099 1203 mansissent
1133 1191 1145 1213 ,
1177 1160 1217 1203 &

187 1237 250 1264 eos
271 1254 282 1275 ‚
313 1222 381 1276 qui
423 1220 646 1274 aliquando
681 1218 940 1269 deficientes,
973 1217 1103 1271 postea
1129 1217 1214 1261 resi-

187 1279 357 1331 puis‘s'ent
415 1277 697 1332 rediiisentque
756 1275 799 1317 in
853 1274 993 1328 Populi
1035 1274 1217 1316 Romani

185 1335 388 1388 gratiam.
409 1335 473 1385 (a)
506 1334 565 1376 Ea
589 1332 681 1385 lex,
712 1347 800 1388 quae
825 1331 933 1387 spem
961 1330 1118 1385 pristini
1146 1332 1217 1373 sta-

182 1406 248 1434 tus
281 1390 458 1433 minime
489 1389 727 1441 adimebat,
761 1388 992 1431 maximum
1026 1387 1218 1451 Rei-publ.
1255 1408 1259 1412 ·

182 1447 262 1491 fuit
302 1447 604 1490 incrementum
627 1478 640 1499 ,
673 1446 767 1501 quia
792 1445 859 1501 qui
895 1444 1003 1498 spem
1028 1445 1220 1487 amicitiae

185 1505 379 1549 retineret
400 1535 411 1556 ‚
445 1518 654 1559 nunquam
689 1502 736 1544 ad
767 1515 1002 1545 extremum
1033 1501 1213 1544 inimici-

186 1561 252 1604 tiae
285 1561 486 1604 ferebatur
509 1591 517 1601 .
553 1560 648 1601 Ideo
680 1558 746 1612 qui
781 1574 803 1601 a
836 1557 992 1611 Populo
1025 1559 1219 1600 Romano

184 1618 434 1661 desciverant
461 1648 474 1670 ‚
516 1615 636 1659 facile
671 1615 854 1658 redibant
879 1615 931 1656 in'
949 1614 1095 1666 fidem,
1123 1615 1179 1666 ζ*
1203 1617 1219 1664 )

185 1691 278 1719 curn
306 1674 587 1729 intelligerent
620 1685 800 1727 paratam
827 1672 980 1726 semper
1016 1669 1100 1714 fore
1127 1687 1218 1727 gra-

183 1731 287 1774 tiam
319 1749 328 1772 :
364 1731 490 1786 iisque
522 1728 851 1773 accededcntibus
881 1728 973 1771 urbs
1003 1729 1046 1770 ἃ
1077 1728 1217 1782 Popul.

187 1790 368 1832 Roman.
388 1787 429 1830 &
451 1786 643 1842 Respubl.
662 1786 812 1842 oppido
831 1787 1052 1840 augebatur
1067 1817 1075 1827 .
1097 1787 1216 1839 Quod

185 1845 245 1896 jus
272 1860 354 1888 non
393 1845 640 1899 discrepabat
675 1844 725 1885 ab
763 1842 1080 1885 Atheniensium
1115 1842 1217 1898 lege,

185 1901 348 1944 Theseo
380 1900 602 1954 adscripta,
636 1913 678 1943 ut
718 1899 867 1942 scilicet
892 1899 1085 1942 omnibus
1115 1899 1214 1942 civi-

188 1959 258 2001 bus
284 1957 458 2008 ejusdem
491 1958 582 2000 esset
615 1970 725 2012 aequa
749 1957 990 2000 communio
1013 1955 1123 2006 juris.
1154 1957 1218 2007 (b)

187 2017 280 2058 Hac
305 2015 442 2057 eadem
472 2014 752 2057 Decemvirali
785 2014 873 2069 lege
911 2014 1216 2066 continebatur,

186 2085 230 2115 ut
268 2071 387 2123 nexi,
421 2070 499 2114 five
530 2070 678 2128 addiffi
713 2070 1004 2124 creditoribus3
1038 2069 1063 2112 si
1099 2070 1216 2114 soluti

184 2128 335 2181 essent,
370 2127 447 2171 sive
478 2143 500 2171 e
533 2128 722 2183 potestate
748 2127 991 2171 creditorum
1017 2126 1216 2182 exiissent,

182 2186 324 2228 eodem
357 2184 439 2236 jure
478 2200 572 2228 cum
607 2184 774 2240 reliquis
805 2185 962 2228 civibus
991 2197 1215 2228 uterentur.

183 2244 306 2285 Hanc
340 2257 437 2284 vero
476 2242 611 2295 legem
644 2244 880 2297 abrogatam
920 2255 1034 2296 putat
1061 2243 1211 2286 Hotto-

184 2313 364 2342 mannus
383 2298 469 2351 lege
494 2298 673 2341 Aebutia
704 2299 756 2341 ob
789 2299 826 2340 id
853 2298 957 2350 lata,
991 2312 1034 2342 ut
1060 2299 1213 2342 obsole-

183 2368 234 2398 tae
268 2357 373 2399 ΧΗ.
413 2354 539 2398 tabul.
584 2356 688 2410 leges
731 2370 859 2411 neque
900 2355 982 2407 jam
1024 2356 1215 2410 Reipubl.

184 2426 454 2468 congruentes
486 2413 799 2467 abrogarentur.
834 2415 934 2456 Erat
960 2426 1097 2456 autem
1132 2413 1215 2458 haec

182 2472 288 2515 XII.
311 2469 440 2513 tabul.
468 2469 530 2512 lex
560 2468 621 2511 his
646 2469 727 2512 fere
748 2483 941 2525 concepta
969 2471 1125 2514 verbis:

186 2604 198 2614 ·
260 2532 423 2659 NsiXO
463 2528 631 2584 soluto
658 2528 779 2584 forti
821 2528 982 2584 sanati
1007 2531 1217 2606 siremps

181 2625 259 2679 jus
285 2626 307 2659 e
356 2626 388 2660 o
414 2647 428 2660 .

508 2811 1216 2826 Qssfflffl-*Q—

228 2842 289 2881 (a)
318 2843 425 2875 astus
455 2844 489 2873 in
514 2842 606 2874 verbo
631 2844 776 2876 sanates.
803 2844 890 2875 Gell.
917 2846 939 2876 1.
963 2848 1010 2876 16.

229 2888 287 2925 (⁴)
314 2885 435 2918 Eadem
461 2895 572 2919 tamen
598 2888 666 2929 spes
693 2889 721 2920 8<
757 2887 900 2920 facilitas
927 2888 1043 2921 suturae
1069 2890 1213 2922 reconci-

183 2930 332 2964 liationis
359 2940 472 2971 potens
510 2931 548 2963 ad
576 2942 626 2964 res
653 2944 754 2964 novas
792 2932 974 2965 moliendas
1020 2934 1214 2967 incitamen-

182 2984 255 3010 tum
284 2999 292 3007 .
320 2978 430 3016 Quare
456 2976 643 3009 accedimus
671 2980 898 3010 Hottnmanno
923 2999 933 3014 .,
961 2977 1024 3010 hoc
1047 2988 1144 3020 caput
1170 2980 1211 3012 le-

183 3032 222 3063 ge
249 3020 389 3054 Aebutia
414 3023 619 3064 antiquarum
646 3022 703 3054 ess*
723 3022 864 3055 censenti
880 3044 888 3054 .
915 3026 1067 3056 ceterum
1088 3025 1214 3056 nullum

179 3065 400 3102 frumentum
430 3067 512 3102 legis
537 3066 598 3099 hoc
624 3067 788 3099 obscurius
816 3071 940 3100 Forte‘.
969 3071 1102 3100 §anates
1120 3069 1213 3101 Valc-

181 3109 235 3146 tio
260 3111 406 3147 Meffalae
429 3111 515 3156 apud
558 3111 686 3146 Festum
709 3120 824 3158 gentes
847 3112 931 3148 binae
957 3113 1118 3150 Romanis
1140 3113 1214 3149 fini·

1266 471 1436 526 forHum
1464 503 1477 526 ‚
1507 474 1619 517 verso
1651 476 1674 518 h
1704 475 1746 518 in
1779 473 1815 530 f.
1842 477 2050 532 digamma
2087 476 2302 521 aeolicum:

1273 530 1376 592 quod
1407 529 1616 583 asperioris
1641 532 1920 587 adspirationis
1947 549 2044 576 nota
2069 548 2178 577 erat.
2214 535 2310 577 Un-

1272 587 1319 629 de
1351 602 1395 628 ιη
1421 587 1602 642 pluribus
1627 590 1793 634 vocibus
1822 607 1894 646 pro
1919 592 1944 634 h
1977 591 2230 634 substitutum
2256 589 2312 633 est

1265 641 1301 696 f.
1336 657 1379 686 ut
1404 644 1553 688 Felena
1573 662 1644 700 pro
1670 648 1848 690 Helena.
1885 647 2106 691 Priscianus
2131 649 2245 690 liba.
2267 646 2312 691 &

1271 716 1319 743 ex
1343 702 1513 757 antiquo
1539 704 1641 746 haba
1666 701 1817 747 faStum
1837 703 1966 757 faba,
2000 717 2042 747 ut
2071 705 2203 747 scribit
2226 704 2314 747 Ve-

1272 757 1348 800 lius
1373 760 1536 812 Longus
1555 793 1567 813 ‚
1600 761 1643 804 &
1665 762 1836 803 Scaurus
1865 761 1979 802 lib.r.
2005 762 2052 802 de
2083 761 2306 815 ortograph,

1272 815 1436 860 tandem
1455 814 1624 869 sorc‘iurn
1667 816 1821 872 peperit
1852 815 2018 870 fort-714,
2049 816 2092 860 ἃ
2127 817 2208 872 post
2227 815 2313 870 for·

1270 872 1344 915 tis:
1379 874 1483 928 quod
1509 874 1610 926 apud
1639 888 1791 917 veteres
1818 890 1899 916 non
1935 874 2062 918 solum
2100 873 2311 927 validum,

1270 929 1329 973 sed
1355 928 1571 974 hominem
1599 931 1768 986 integrae
1791 931 1880 974 fidei
1910 930 2161 987 fi5nificabar
2192 962 2204 974 .

1347 989 1565 1057 Sanan)
1602 1010 1768 1053 Sanates
1801 1040 1814 1062 ,
1870 1009 2004 1065 inquit
2042 1009 2204 1053 Paullus
2257 1024 2309 1053 ex

1269 1063 1407 1115 Festo,
1437 1063 1700 1117 dicebantur,
1733 1067 1802 1121 qui
1838 1066 1976 1119 supra,
2011 1065 2196 1122 infraque
2226 1069 2310 1109 Ro-

1269 1136 1380 1164 mam
1414 1119 1670 1164 habitarent:
1703 1131 1809 1177 qum
1843 1137 1996 1165 nornen
2019 1122 2081 1165 his
2103 1122 2181 1166 fuit
2203 1154 2215 1173 ,
2238 1122 2309 1178 qui

1268 1193 1363 1220 cum
1407 1177 1640 1222 defecissent
1683 1195 1706 1221 a
1742 1177 1896 1233 Populo
1950 1184 2141 1223 Romano
2175 1179 2309 1233 postea

1267 1234 1374 1289 quasi
1409 1250 1549 1290 pacata
1593 1248 1732 1279 mente
1758 1267 1771 1286 ‚
1817 1237 1860 1279 in
1903 1236 2135 1280 amicitiam
2183 1236 2314 1279 redie-

1269 1305 1394 1334 runt.
1442 1293 1525 1335 Hic
1568 1291 1679 1343 juvat
1722 1292 1944 1336 adscribere
1985 1292 2161 1344 ejusdem
2203 1291 2305 1336 Festi

1270 1348 1511 1392 sententiam
1543 1365 1592 1392 ex
1639 1349 1893 1392 restitutione
1926 1350 2087 1402 Jusephi
2120 1349 2311 1405 Scalige-

1269 1405 1325 1455 τί,
1357 1405 1425 1460 qui
1456 1422 1477 1448 e
1510 1407 1810 1461 corruptissimo
1839 1405 1930 1450 loco
1951 1407 2060 1451 hunc
2085 1408 2191 1450 eruit
2219 1407 2309 1449 sen-

1272 1463 1354 1504 sum
1382 1479 1391 1503 :
1425 1463 1627 1517 sulpitius
1662 1476 1794 1505 autem
1827 1465 1997 1506 sanates
2018 1496 2031 1517 ,
2061 1463 2116 1507 Θ
2154 1464 2309 1518 Opilios

1267 1520 1381 1569 ajunt
1402 1519 1484 1560 dici
1514 1518 1711 1572 inferioris
1740 1522 1813 1561 loci
1832 1533 1991 1576 gentes,
2025 1534 2067 1562 ut
2099 1522 2306 1572 Tiburtes,

1266 1574 1321 1617 &¹
1344 1577 1467 1623 alios,
1500 1578 1572 1629 qui
1601 1593 1687 1618 cum
1704 1578 1844 1629 populo
1873 1578 2037 1619 Tiburt.
2077 1577 2307 1619 habitarent

1268 1633 1310 1674 in
1333 1648 1424 1687 agro
1446 1633 1614 1676 Tiburti
1642 1664 1654 1686 ‚
1699 1634 1741 1674 id
1760 1632 1811 1686 est
1835 1649 1966 1675 omnes
1987 1635 2210 1689 peregrinos
2241 1634 2309 1675 in-

1261 1687 1496 1744 ferior-tsque
1530 1691 1629 1733 loci.
1661 1690 1718 1732 Et
1747 1688 1856 1742 infra
1891 1690 2013 1743 sunt,
2045 1692 2117 1746 qui
2152 1691 2310 1732 intelli-

1264 1759 1362 1797 gunt
1397 1748 1592 1800 colonias,
1625 1764 1708 1802 qua:
1746 1747 1913 1789 dedaste
1940 1748 2038 1800 fiant
2073 1749 2117 1790 in
2156 1748 2308 1802 priscos

1265 1804 1432 1846 Latinos
1462 1821 1489 1846 a
1524 1804 1750 1859 Tarquinio
1788 1803 1926 1856 Prisco
1961 1835 1973 1856 ‚
2005 1821 2108 1859 quas
2135 1805 2306 1860 inegerit

1258 1860 1472 1912 secundum
1497 1877 1599 1902 mare
1619 1859 1726 1911 infra
1745 1861 1851 1904 Rom
1861 1877 1918 1902 tm
1943 1878 1985 1902 m
2008 1862 2196 1904 civitates
2221 1862 2306 1904 La-

1266 1920 1456 1959 tinorum:
1491 1917 1627 1972 eosque
1650 1919 1818 1960 sanates
1837 1929 2039 1971 propterea
2055 1920 2186 1971 ,quod
2201 1929 2303 1972 ρω-

1265 1987 1321 2016 ter
1361 1975 1577 2029 opinionem
1611 1991 1673 2017 eos
1699 1973 1918 2029 pacaviffet
1962 1972 2266 2029 sarzavifferque
2287 2004 2302 2027 ,

1264 2044 1307 2074 ut
1329 2032 1502 2074 missores
1533 2031 1623 2082 sunt
1647 2033 1823 2075 Cincius
1853 2032 1968 2074 lib.2.
2008 2031 2056 2074 de
2082 2028 2207 2087 officio
2232 2032 2303 2084 iu-

1264 2089 1481 2143 rzsconsult.
1512 2088 1556 2131 ἃ
1581 2103 1668 2144 quae
1695 2088 1913 2145 sequuntur
1929 2120 1940 2131 .

1342 2145 1600 2220 SirempS)
1627 2167 1800 2221 priscum
1835 2167 1878 2211 δί
1913 2166 2093 2211 solemne
2123 2166 2298 2211 verbum

1266 2222 1308 2266 in
1346 2222 1521 2266 serendis
1552 2222 1731 2278 legibus,
1764 2223 1872 2276 quod
1904 2224 2132 2278 explicatur
2152 2222 2300 2276 fimilis

1264 2297 1302 2380 he
1326 2279 1437 2334 ipsa:
1460 2295 1509 2324 ex
1535 2280 1680 2335 quibus
1704 2281 1872 2324 vocibus
1897 2282 2185 2336 componitur.
2221 2281 2294 2325 Fe·

1297 2352 1340 2381 us
1371 2353 1381 2378 z

1392 2451 1587 2507 Sirempse
1605 2452 1725 2509 legem
1753 2451 1863 2509 iuffit
1880 2451 1950 2508 effe
1959 2453 2170 2510 Iuppiter.

1265 2568 1430 2611 Plautus
1460 2565 1553 2609 ait.
1597 2567 1722 2611 Unde
1762 2567 1957 2621 Cujacius
2001 2566 2140 2613 locum
2172 2565 2295 2613 illum

1263 2627 1424 2670 Senecae
1453 2625 1594 2668 XCII.
1620 2624 1729 2682 epist.
2188 2682 2294 2724 Am-

1262 2810 1652 2824 ·——fi-—-—-
1655 2810 1917 2824 *m—
2169 2815 2183 2823 ο
2186 2810 2294 2823 —

1262 2845 1352 2877 timae
1377 2842 1551 2875 videntur·
1582 2842 1645 2874 alii
1671 2841 1792 2875 fortem
1809 2863 1820 2880 ,
1843 2842 1966 2874 bonum
1994 2841 2023 2873 δι
2049 2841 2253 2873 constantem
2276 2861 2290 2880 ‚

1260 2889 1314 2932 qui
1342 2898 1507 2931 nunquam
1531 2886 1713 2923 defecerit,
1741 2887 1886 2919 (anatem
1903 2908 1912 2923 ‚
1941 2886 2097 2918 rebellem
2125 2886 2288 2926 interpre-

1261 2941 1377 2967 tantur
1405 2956 1415 2972 ‚
1452 2933 1508 2976 qui
1532 2932 1641 2964 sanata
1666 2931 1771 2964 veluti
1808 2939 1920 2963 mente
1945 2929 1986 2962 ad
2024 2929 2214 2973 obsequium
2240 2940 2291 2963 re.

1261 2979 1395 3012 verterit
1410 3001 1418 3009 .
1447 2981 1511 3010 Pro
1533 2977 1667 3017 siremps
1693 2976 1830 3010 Ursinus
1851 2974 1985 3008 exhibet
1999 2997 2010 3013 ‚
2038 2977 2125 3007 Idem
2140 2976 2193 3014 jus
2210 2973 2288 3014 esto.

1261 3035 1299 3057 ne
1324 3023 1421 3054 nimis
1445 3032 1520 3055 eum
1549 3020 1688 3052 Evandri
1715 3029 1819 3053 matre
1845 3020 1934 3062 loqui
1953 3020 2139 3052 Decemviri
2157 3020 2289 3053 videan-

1260 3077 1314 3103 tur
1331 3092 1340 3101 ,
1367 3066 1417 3100 sed
1446 3065 1530 3100 nihil
1557 3065 1753 3098 mutandum
1778 3067 1814 3098 in
1838 3065 1982 3098 carmine
2007 3063 2248 3098 decemvirali.

1305 3112 1360 3156 (ὁ)
1387 3113 1511 3147 Nutar-
1536 3113 1575 3146 in
1600 3111 1697 3154 Thes.
1725 3111 1824 3146 Perit.
1849 3111 1893 3146 ad
1915 3112 1981 3154 leg,
2011 3113 2087 3145 Au.
2108 3111 2136 3144 5.
2155 3120 2184 3144 ι.
2209 3120 2235 3145 c.
2251 3112 2287 3150 3·-
