2596 3479
541 92 670 146 ET
731 52 1920 155 SENAiruscoNSULTts.

146 181 237 220 tur.
269 167 356 221 (a)
387 165 586 210 ConviPti
613 176 755 212 autem
784 161 934 219 viginti
959 157 1090 206 aureis
1119 160 1187 204 da-

143 239 343 270 mnantur
371 241 383 279 3
414 238 483 268 aut
516 223 542 266 fi
568 220 840 277 negotiatores
865 221 971 273 lint,
1003 219 1184 275 negotia·

142 285 254 328 tione
287 282 493 328 interdurn
518 278 848 322 interdicuntur:
883 276 1103 333 aliquando
1125 292 1183 319 re-

144 341 333 399 legantur
352 371 364 393 ,
394 340 437 382 &
461 338 486 379 si
519 334 763 379 humiliores
795 334 948 378 fuerint
974 366 985 389 ‚
1017 334 1064 377 ad
1083 349 1184 388 opus

142 400 361 456 publicum
387 396 534 437 dantur
569 409 579 434 τ
632 407 833 449 poenaque
874 408 946 449 pro
982 391 1186 449 gravitate

143 452 521 522 delictijariatur.
553 450 638 503 (b)
675 500 686 510 ·

301 567 341 612 C
403 567 440 611 A
505 565 534 609 P
593 564 638 605 U
697 565 741 608 T
830 565 1021 609 XCVII.

901 677 1027 733 ‚five
1057 681 1106 722 de

214 684 285 730 Ad
315 682 436 739 legem
461 681 619 735 Juliam
650 679 870 735 Agrai-iam

500 737 660 781 termine
692 749 791 779 moto
816 767 826 778 .

259 852 848 907 Nimadvertendum'quoque
869 850 1025 895 censuit
1045 851 1096 893 C.
1113 852 1182 902 Ju-

278 913 355 955 lius
380 911 504 954 Cesar
529 910 571 952 in
596 926 662 954 eos
682 942 693 961 ‚
719 911 786 964 qui
812 941 823 960 ,
848 908 1041 952 submotis
1063 923 1182 963 agro-

2166 95 2270 148 327

1237 159 1366 204 ruisset
1406 191 1418 211 ‚
1452 173 1545 201 cum
1579 155 1761 211 pluribus
1794 150 2069 196 fraudulenter
2091 155 2276 196 coeundo

1234 219 1277 262 ὃς
1309 217 1499 260 homines
1531 213 1822 266 conducendo,
1854 222 1898 252 ut
1932 208 2076 260 rejee'to
2108 226 2278 266 compe-

1237 278 1354 319 titore
1389 274 1454 317 suo
1489 272 1768 325 magistratum
1800 266 2088 331 adipisceretur
2124 300 2136 320 ‚
2181 268 2270 324 lege

1236 333 1418 389 primum
1459 329 1703 373 Tribunitia
1739 325 1909 371 Poetilia
1945 356 1957 379 ‚
2007 324 2151 375 deinde
2183 326 2281 370 aliis

1234 391 1347 433 vario
1390 402 1573 442 tempore
1607 387 1678 430 usu
1711 385 1899 442 poscente
1931 382 2226 440 prodeuntibus
2259 416 2273 439 ‚

1234 446 1367 490 meia
1400 461 1546 500 nempe
1574 476 1585 498 ‚
1620 445 1756 487 Maria
1784 475 1796 496 ,
1827 440 1950 486 Fabia
1981 473 1994 495 ‚
2044 440 2242 485 Cornelia
2264 473 2276 496 ,

1233 503 1450 548 Calfurnia
1473 536 1484 555 ‚
1509 501 1656 545 Tullia
1672 533 1683 554 ‚
1706 499 1868 544 Aufidia
1889 531 1902 552 ‚
1924 497 2086 544 Licinia
2109 530 2121 552 ‚
2155 500 2276 543 Porn-

1232 563 1320 619 peja
1347 594 1358 613 ,
1399 562 1480 612 (²⁶)
1512 560 1554 603 ὃ(
1588 560 1788 615 postremo
1821 557 1929 610 Julia
1966 588 1979 610 ‚
2025 555 2275 614 pleE’tebatur

1232 619 1518 664 interdistione
1560 619 1671 670 (d)
1715 630 1828 671 aquae
1858 615 1900 658 δι
1932 615 2041 670 ignis
2082 631 2095 668 3
2142 617 2277 671 primo

1231 678 1396 734 quidem
1431 692 1498 728 per
1531 673 1803 726 decennium,
1832 672 1968 728 'postea
2004 688 2100 716 vero
2133 681 2286 729 perpe·'

1233 747 1302 778 tuo
1339 752 1347 776 τ
1400 734 1442 776 ὃῑ
1487 733 1616 778 honos
1659 732 1708 774 ab
1743 747 1809 778 reo
1843 729 1960 773 simul
1993 745 2089 774 cum
2122 730 2230 774 tribu
2261 763 2274 786 ,

1233 792 1359 835 veluti
1406 790 1623 844 suspicatur
1666 787 1883 831 Pv'I-anutius
1919 820 1931 840 ,
1977 788 2026 830 ad
2068 788 2272 832 accusato-

1233 865 1320 893 rem
1353 848 1670 892 transferebatur
1691 878 1700 888 .
1736 848 1800 889 Ex
1832 847 1977 902 quibus
2007 845 2163 902 legibus
2185 859 2285 890 tan-·

1233 920 1322 949 tum
1354 906 1460 958 Julia
1492 904 1674 955 conjeeia
1706 904 1759 947 est
1792 905 1834 946 in
1869 904 1993 946 libros
2012 902 2109 954 juris
2125 937 2146 969 ,.
2172 905 2279 960 post-

138 986 230 1013 rum
264 969 484 1020 terminis,
516 966 601 1018 jura
628 967 876 1010 conturbant
910 998 921 1019 ‚
966 966 1184 1008 miscentes
1228 980 1353 1020 qnam
1390 963 1503 1006 enim
1549 961 1709 1005 Tiberii
1756 975 1940 1016 tempore
1989 961 2274 1019 suffragiorum

138 1040 260 1082 atque
286 1024 583 1070 confundentes
610 1023 794 1066 dominia
821 1024 1075 1078 privatorum
1094 1055 1105 1075 ‚
1140 1023 1183 1065 fi-

139 1085 284 1140 neltlue
311 1083 571 1126 obscurantes
592 1113 604 1133 ,
648 1081 870 1136 quominus
901 1080 1181 1123 internoscan-

140 1153 206 1185 tur
240 1158 250 1183 :
301 1155 401 1196 quos
429 1138 624 1186 multavit
648 1138 948 1194 quinquaginta
976 1137 1107 1180 aureis
1138 1138 1180 1179 in

138 1196 316 1254 singulos
348 1197 547 1239 terminus
574 1209 707 1239 motos
740 1211 752 1246 3
795 1194 981 1249 permissa
1010 1194 1182 1238 cuilibet

138 1271 187 1299 ex
220 1253 371 1311 populo
394 1253 605 1298 accusandi
635 1252 828 1296 facultate
849 1284 857 1293 .
891 1254 949 1303 (c)
985 1254 1034 1293 In
1064 1251 1183 1295 servis

138 1329 235 1355 vero
265 1314 403 1354 Nerva
430 1326 596 1365 poenam
620 1310 878 1353 exacerbavit
905 1308 1059 1360 adjesto
1087 1309 1182 1352 ulti-

137 1385 208 1419 mo
241 1367 470 1422 supplicio:
507 1368 579 1409 nili
604 1367 795 1409 dominus
821 1366 952 1419 velit,
987 1366 1117 1408 multa
1139 1367 1181 1408 in

140 1427 175 1470 se
208 1425 383 1477 suscepta
400 1456 410 1476 ,
434 1425 589 1466 servum
618 1424 730 1465 suum
751 1423 923 1467 liberare
944 1455 955 1476 ,
991 1423 1016 1465 fi
1043 1423 1183 1466 termi-

140 1498 242 1527 num
266 1480 461 1525 exarasset
482 1513 494 1534 ,
527 1493 597 1524 aut
627 1479 800 1532 ejecisset
824 1512 834 1523 .

287 1596 428 1640 CA
491 1595 519 1636 P
579 1596 622 1636 U
684 1595 728 1635 T
817 1595 1037 1637 XCVIII.

315 1709 386 1753 Ad
418 1709 537 1765 legem
562 1708 720 1762 juliam
751 1709 798 1751 de
829 1710 1007 1751 ambitu.

286 1823 368 1866 lhil
403 1839 497 1866 vero
529 1822 718 1867 fraudum
753 1839 892 1866 earum
915 1855 928 1877 ,
960 1839 1048 1878 quae
1073 1822 1182 1877 supe-

297 1880 469 1923 rioribus
503 1879 656 1935 legibus
680 1894 919 1924 coercentur
945 1913 957 1933 ‚
992 1880 1182 1923 formida-

147 1939 226 1982 turi
257 1939 390 1982 sumus
414 1954 437 1980 a
466 1938 764 1991 magistratibus
799 1969 810 1990 ‚
862 1938 888 1981 si
931 1938 980 1980 ab
1017 1937 1182 1980 illorum

144 1996 350 2039 creatione
377 1994 558 2037 fraudem
584 2011 755 2037 omnem
788 1996 1107 2048 amovebimus3
1138 2011 1184 2036 ac

144 2051 320 2106 reipubl.
353 2051 628 2109 gubernacula
656 2052 883 2094 deferemus
906 2053 953 2094 ad
980 2052 1182 2095 meliores.

143 2109 252 2162 justis
279 2107 414 2151 liberis
434 2139 446 2160 ‚
483 2108 806 2164 incorruptisque
833 2109 1012 2151 comitiis
1041 2141 1050 2151 .
1086 2109 1181 2151 Ideo

146 2166 288 2222 legum
319 2165 513 2208 omniurn
545 2166 764 2209 utiliffimae
798 2166 885 2208 sunt
916 2167 1022 2222 leges
1045 2167 1183 2209 adver-

145 2225 207 2267 sus
238 2222 509 2266 ambitionem
539 2222 659 2265 latae:
696 2240 764 2278 per
787 2239 883 2279 quas
906 2238 1071 2267 cavetur
1091 2256 1102 2277 ,
1136 2231 1208 2268 nef

146 2280 190 2323 in
216 2281 419 2323 bonorum
448 2280 648 2336 petitione
676 2282 804 2323 virtus
827 2297 848 2323 a
872 2282 1070 2336 pecunia,
1094 2297 1185 2335 pro-

143 2338 248 2381 bitas
273 2353 295 2379 a
323 2336 548 2380 calliditate
580 2370 591 2391 ‚
637 2354 682 2380 ac
706 2338 896 2382 meliores
927 2355 948 2380 a
974 2338 1181 2381 deteriori-

145 2395 218 2437 bus
255 2393 302 2436 de
345 2410 459 2437 more
503 2395 738 2449 superentur
769 2428 780 2449 ‚
832 2411 934 2438 neve
965 2385 1208 2451 dignitates}

146 2449 264 2494 donis
289 2450 575 2504 obtemperent
596 2483 608 2503 ,
627 2467 673 2495 ac
700 2469 769 2507 per
800 2452 1038 2506 largitiones
1062 2484 1073 2505 ,
1094 2468 1185 2507 pro-

143 2507 429 2561 miffionesque
457 2507 733 2562 suffragiorum
758 2509 922 2550 libertas
936 2510 1093 2553 civibus
1107 2510 1207 2569 erig

147 2565 283 2620 piatur
304 2594 313 2605 .
346 2564 601 2608 Meritorum
632 2566 747 2608 enim
772 2567 1004 2609 testimonia
1040 2599 1053 2620 ,
1100 2570 1207 2609 non‘

145 2620 425 2664 remuneratio
452 2620 719 2674 largitionum
745 2637 907 2677 oportet
935 2621 1029 2667 effet
1052 2624 1184 2668 suffra-

147 2679 217 2735 gia
252 2709 261 2720 .
311 2678 394 2732 Qui
421 2678 547 2721 tribus
573 2678 697 2733 igitur
720 2679 826 2722 clam
860 2681 987 2723 divisa
1012 2683 1185 2736 pecunia

146 2734 383 2791 corrupifi‘et
407 2767 419 2790 ,
463 2734 694 2793 populiquae
718 2737 976 2782 voluntatem
1003 2740 1119 2784 donis
1144 2755 1182 2783 e-

149 2870 362 2881 -·---——-
368 2867 402 2884 ⁴..
407 2868 421 2875 ·

194 2904 253 2943 (a)
279 2908 316 2936 L.
339 2915 364 2935 1.
381 2902 419 2935 <9⁸
436 2906 497 2937 uls.
510 2903 550 2947 ff.
565 2906 607 2937 ad
616 2907 770 2947 leg-jul.
787 2907 825 2940 de
839 2918 955 2941 annon.

193 2947 253 2987 (b)
280 2952 318 2981 L.
332 2953 365 2981 6.
379 2948 415 2993 ff
432 2951 467 2982 de
481 2951 634 2983 exsraord.
649 2952 778 2984 crimin.

192 2992 242 3031 (c)
268 2996 305 3025 L.
321 2997 383 3027 ult.
397 2994 436 3038 ff
453 2996 489 3028 ds
504 3006 596 3029 term.
609 3006 686 3028 mot.

193 3038 277 3078 (⁸)
318 3041 492 3081 Occupata
531 3041 711 3084 Republica
749 3041 894 3080 judicum
930 3045 1075 3080 ambitus
1111 3056 1186 3078 eva·

149 3084 223 3118 nuit
238 3102 249 3120 ‚
277 3091 348 3115 non
366 3085 459 3133 quod
481 3096 500 3118 a
527 3087 674 3129 principe
697 3088 825 3121 absciffe
848 3089 1027 3132 dignitates
1052 3101 1183 3132 compa-

151 3134 265 3177 rarent
290 3127 464 3168 hommes,
490 3130 541 3163 sed
565 3132 652 3173 quod
675 3133 857 3166 administri
882 3135 1081 3177 eor,um,qui
1107 3135 1185 3178 saepe

149 3168 266 3206 liberti
295 3173 326 3206 δι
350 3174 492 3210 eunuchi
515 3184 610 3211 erant
637 3199 649 3220 ,
674 3177 714 3212 de
742 3179 887 3214 venditis
911 3181 1103 3215 muneribus
1127 3189 1187 3214 ex-

1231 1021 1290 1073 jus
1317 1037 1337 1063 a
1365 1020 1514 1075 populo
1541 1020 1587 1061 ad
1618 1020 1814 1062 Senatum
1841 1019 2035 1074 devenit,
2067 1033 2109 1063 ut
2135 1020 2184 1063 ab
2206 1021 2285 1064 Se--

1233 1092 1329 1121 natu
1374 1077 1531 1121 facilius
1563 1077 1610 1120 acl
1645 1077 1773 1119 {olum
1808 1076 2037 1131 principem
2073 1077 2274 1134 redigere-

1232 1149 1295 1178 tur
1328 1152 1338 1189 ;
1370 1136 1464 1188 (e)
1496 1137 1658 1178 Harum
1694 1134 1832 1190 legum
1867 1135 2084 1178 auetoritas
2117 1136 2273 1191 prorsus

1232 1192 1413 1236 concidit
1440 1209 1452 1245 3
1486 1192 1574 1248 quis
1605 1191 1718 1235 enim
1751 1207 1941 1248 argueret
1975 1192 2134 1249 legibus
2168 1193 2271 1236 fath

1233 1252 1491 1306 principum?
1527 1251 1639 1292 Hinc
1672 1250 1714 1292 δὲ
1742 1250 1788 1293 de
1808 1252 1896 1305 lege
1916 1250 2023 1301 Julia
2048 1251 2135 1294 satis
2159 1267 2276 1294 men-

1232 1308 1289 1351 tio
1321 1308 1374 1350 est
1406 1308 1449 1350 in
1484 1307 1656 1361 Digestis
1687 1337 1697 1347 .
1746 1308 1969 1350 Auctorem
2016 1307 2158 1351 habuit
2193 1324 2276 1351 non

1232 1363 1392 1416 Julium
1425 1364 1626 1407 Caesarem
1663 1362 1792 1406 solum
1815 1395 1826 1416 ‚
1863 1364 1922 1406 sed
1952 1365 1995 1407 Sc
2031 1366 2276 1420 Augustum,

1232 1424 1300 1477 qui
1333 1421 1521 1465 Fabianis
1552 1421 1595 1464 ἃ
1626 1420 1923 1475 Scaptienlibus
1955 1422 2172 1465 tribulibus
2202 1424 2275 1467 suis

1234 1478 1386 1534 lingula
1432 1478 1567 1522 millia
1612 1493 1835 1521 nummum
1895 1495 1916 1521 a
1978 1481 2013 1522 se
2065 1481 2272 1524 dividebat

1233 1537 1501 1580 comitiorum
1535 1536 1594 1578 die
1617 1568 1628 1579 .
1664 1551 1713 1577 ne
1745 1535 1841 1589 quid
1874 1551 1894 1578 a
1928 1536 2152 1580 candidatis
2177 1539 2274 1582 desi-

1232 1595 1416 1637 derarent
1453 1626 1464 1645 ‚
1517 1606 1561 1636 ut
1605 1593 1822 1635 Suetonius
1855 1594 1976 1635 tradit
2005 1611 2022 1635 :-
2049 1593 2129 1648 (f)
2150 1608 2272 1652 atque

1233 1652 1339 1694 inter
1372 1650 1471 1693 alias
1507 1665 1647 1705 peenas
1681 1665 1748 1704 per
1780 1651 2114 1707 quinquennium
2144 1653 2272 1696 inter-

1231 1709 1335 1751 dixit
1369 1709 1622 1762 magistratus
1658 1707 1857 1762 petitione
1892 1709 1966 1751 reis
1993 1708 2108 1760 hujus
2129 1712 2273 1753 crimi-

1234 1767 1293 1808 nis
1327 1797 1336 1808 .
1387 1767 1485 1821 (g)
1516 1765 1613 1807 Ubi
1650 1781 1743 1807 vero
1776 1766 1981 1821 principes
2015 1768 2288 1823 magistratus

1230 1823 1483 1866 creationem
1527 1821 1574 1864 ad
1608 1838 1748 1865 curam
1785 1823 1891 1865 suam
1929 1839 2226 1869 revocaverunt
2257 1859 2269 1880 ‚

1233 1880 1298 1923 lex
1342 1880 1518 1922 ambitus
1561 1879 1602 1922 in
1646 1880 1741 1922 urbe
1786 1880 1950 1923 cessavit
1977 1913 1988 1933 ,
2041 1883 2268 1939 mansitque

1230 1949 1395 1981 tantum
1429 1938 1471 1981 in
1504 1936 1743 1992 municipiis
1774 1938 1817 1980 ὃς
1850 1938 2164 1994 municipalibus
2198 1942 2271 1984 ho-

1234 1995 1431 2047 noribus3
1467 1996 1517 2037 ab
1550 1994 1772 2038 honoribus
1804 2009 1941 2037 autem
1976 1998 2140 2040 urbanis
2173 2031 2184 2051 ,
2231 2011 2274 2042 ut

1229 2053 1310 2108 hoc
1344 2052 1492 2095 vitium
1525 2052 1669 2094 abesset
1696 2083 1708 2104 ,
1757 2052 1849 2094 satis
1882 2052 1960 2095 fuit
1997 2054 2145 2107 pellere
2178 2072 2279 2099 aua-

1232 2110 1373 2153 ritiam
1406 2126 1455 2153 ex
1489 2109 1581 2152 aula
1615 2108 1810 2164 principis
1832 2141 1843 2161 ‚
1876 2110 1980 2165 quod
2006 2125 2177 2155 conatui·
2201 2114 2276 2165 Ju-

1231 2168 1426 2211 stinianus
1459 2168 1500 2212 in
1534 2166 1710 2209 Novella
1734 2169 1771 2208 8.
1808 2169 1916 2210 Loco
1949 2182 2084 2212 autem
2108 2172 2278 2214 interdi-

1229 2225 1380 2268 &ionis
1423 2239 1533 2280 aquae
1577 2224 1619 2266 8(
1656 2224 1763 2280 ignis
1798 2224 1967 2275 subjcua
1999 2228 2051 2269 est
2085 2228 2274 2284 deporta-

1231 2283 1292 2325 tio
1318 2315 1330 2334 ,
1375 2298 1462 2337 quse
1495 2294 1688 2337 tanquam
1721 2298 1770 2325 ex
1805 2282 1891 2337 lege
1921 2283 2031 2334 Julia
2063 2286 2109 2328 de
2141 2288 2274 2330 ambi-

1232 2353 1275 2382 tu
1307 2355 1354 2382 ex
1387 2339 1743 2382 constitutionibus
1779 2341 2011 2391 princigum
2046 2344 2152 2395 (h)
2194 2345 2273 2388 im-

1233 2397 1379 2451 pendet
1412 2396 1458 2439 iis
1485 2429 1497 2449 ‚
1529 2396 1599 2452 qui
1633 2396 1811 2440 defun&
1847 2400 2084 2444 muneribus
2104 2417 2149 2444 ea
2171 2418 2271 2445 con-

1232 2455 1402 2497 tinuant
1433 2466 1501 2496 aut
1533 2467 1722 2509 repetunt
1753 2466 1846 2498 ante
1871 2457 2070 2500 redditam
2092 2460 2277 2503 admini—

1231 2511 1435 2555 strationis
1468 2511 1542 2553 suae
1576 2512 1804 2555 rationem.
1841 2515 1986 2557 Minor
2020 2532 2117 2559 vero
2142 2519 2275 2561 ambi-

1233 2583 1294 2613 tus
1320 2584 1439 2624 poena
1467 2569 1619 2612 minori
1646 2601 1658 2623 ‚
1704 2585 1851 2626 nempe
1880 2573 2111 2625 pecuniaria
2137 2575 2267 2619 multa

1231 2640 1398 2671 centum
1424 2642 1638 2670 aureorum
1665 2659 1677 2679 ,
1710 2643 1805 2671 cum
1834 2628 2005 2674 infamia
2029 2663 2041 2684 ‚
2072 2647 2120 2675 ex
2147 2635 2271 2676 Sena-

1231 2684 1481 2728 tusconsulto
1523 2698 1732 2728 coercetur
1769 2701 1778 2726 τ
1830 2688 1930 2739 (i)
1973 2704 2098 2744 quam
2134 2690 2270 2734 incur-

1233 2743 1285 2786 rit
1318 2742 1375 2795 is,
1408 2741 1476 2798 qui
1509 2756 1650 2785 contra
1683 2742 1816 2799 legem
1848 2745 2026 2790 ambitus
2058 2747 2103 2790 in
2131 2749 2268 2791 muni-

2168 2823 2276 2861 expio

1832 2882 2161 2897 1-——,-.——.--

1233 2919 1284 2944 tra
1311 2910 1463 2943 ordinem
1490 2912 1708 2953 punirentur.

1280 2957 1336 2994 Ιτί)
1363 2957 1460 2989 Dion.
1479 2957 1536 2990 lib.
1552 2969 1608 2997 40.
1623 2966 1697 3000 pag.
1720 2969 1791 2999 143.

1223 3005 1234 3017 ·
1277 3002 1325 3041 (el
1357 3003 1466 3041 Sigon.
1483 3006 1520 3035 de
1532 3003 1632 3043 judic.
1650 3003 1709 3036 lib.
1727 3016 1757 3037 2.
1775 3013 1842 3048 cap.
1862 3017 1914 3045 29.

1279 3047 1355 3088 (f)
1380 3050 1423 3078 In
1440 3052 1524 3090 Aug.
1541 3057 1610 3091 cap.
1624 3060 1681 3088 40.

1279 3093 1364 3132 (g)
1391 3093 1491 3125 Dion.
1508 3093 1566 3126 lib.
1589 3104 1639 3133 54.
1652 3100 1685 3134 p.
1704 3104 1777 3132 531.

1280 3137 1331 3176 [h]
1366 3140 1401 3168 Ι..
1422 3150 1475 3170 an.
1493 3142 1527 3171 C.
1547 3141 1588 3171 ad
1600 3142 1749 3181 leg-sul.
1767 3141 1804 3171 de
1818 3138 1900 3171 amb,
1922 3138 1980 3172 ubi
1995 3139 2106 3178 Ciiiac.

1280 3183 1302 3222 ζ
1315 3181 1359 3222 i>
1388 3185 1424 3215 L.
1440 3195 1497 3216 un.
1513 3186 1544 3227 §·
1566 3195 1590 3217 ι.
1603 3183 1643 3229 ff.
1660 3185 1703 3218 ad
1715 3186 1864 3227 leg.Jul.
1881 3186 1917 3218 dc
1931 3186 2014 3219 amb„
