2524 3479
737 110 1073 192 Jua1s
1153 109 1202 166 c

165 189 374 250 propriam
397 187 667 246 cupiditatem
693 191 913 246 explebant
934 221 946 243 ‚
978 203 1049 234 aut
1081 189 1180 234 alie-

165 263 264 292 nam
296 249 549 305 colligebant
573 247 785 293 ambitiose
811 248 990 304 gratiam
1025 264 1037 302 3
1084 249 1182 292 dum

167 306 217 349 ad
243 307 485 351 beneficium
513 339 525 360 ‚
567 307 631 350 vel
660 305 854 357 injuriam
884 305 1019 361 priora
1044 319 1178 349 muta-

164 376 258 406 rent
283 365 412 408 edicta
432 396 444 418 ‚
475 364 518 407 &
544 363 766 407 conderent
792 379 901 405 nova
923 395 932 405 .
965 365 1050 414 (a)
1084 366 1181 407 Ideo

165 421 221 464 C.
255 422 476 465 Cornelius
503 421 621 464 Trib.
646 420 752 475 pleb.
777 420 913 477 legem
939 420 1036 464 tulit
1069 453 1081 475 ‚
1133 398 1206 501 ut}

162 477 357 523 Praetores
379 494 429 521 ex
453 478 592 521 edistis
618 478 692 521 suis
715 479 946 535 perpetuis,
980 478 1057 521 sive
1085 479 1176 521 fixis

160 533 222 586 jus
242 536 448 579 dicerent:
478 550 608 591 neque
631 536 688 580 eis
716 548 803 578 toto
829 534 1176 591 magistratusan-

161 608 219 636 no
244 593 425 637 recedere
453 592 592 636 liceret
615 592 665 636 ab
686 608 735 636 eo
757 592 844 644 jure
869 623 882 645 ‚
912 608 993 647 quo
1020 593 1054 636 se
1085 593 1176 637 usu-

160 665 229 692 ros
253 649 374 693 initio
402 649 658 705 magistratus
677 650 839 694 civibus
854 649 1174 693 denunciaffent.

161 708 446 761 Quamobrem
477 708 701 764 cogebatur
717 708 869 750 Praetor
896 705 1020 750 initio
1042 708 1175 765 magi-

161 764 306 808 stratus
334 796 346 819 ‚
378 780 620 820 expromere
645 764 841 821 quidquid
867 764 915 807 ad
940 763 1174 808 universam

164 821 276 865 suam
304 822 430 866 totius
454 822 552 865 anni
578 821 898 874 jurisdiffionem
927 821 1170 876 pertineret:

159 879 293 934 postea
318 880 433 923 enim
464 895 591 935 neque
615 880 754 923 addere
788 911 800 932 ‚
833 895 964 935 neque
987 879 1175 923 detrahe-

157 952 201 979 re
228 969 240 989 ,
272 937 315 979 &
341 937 562 980 immutare
589 937 635 980 de
664 936 785 980 semel
815 936 1018 992 proposito
1043 936 1174 980 edisio

160 992 310 1037 licebat
328 1024 337 1036 .
370 995 458 1047 (b)
487 996 629 1049 ltaque
655 994 784 1038 ediS‘ca
811 995 996 1037 Praetoris
1023 994 1067 1036 in
1088 1011 1197 1037 cer·.

157 1062 245 1094 tam
276 1049 374 1102 juris
401 1051 588 1094 reddendi
615 1067 807 1094 normam
834 1051 1106 1095 transierunt.
1129 1052 1174 1094 Id

153 1108 263 1165 quod
299 1110 348 1150 ab
385 1108 587 1164 aliquibus
623 1109 723 1152 adeo
750 1109 938 1164 perplexe
966 1108 1138 1151 traditur
1161 1142 1172 1162 ‚

155 1178 201 1208 ut
227 1164 296 1208 vix
325 1165 596 1208 internoveris
621 1165 839 1209 discrimen
868 1166 976 1208 inter
993 1166 1172 1208 edietum

158 1236 401 1279 perpetuum
430 1221 782 1265 Cornelianorum
808 1234 1044 1276 temporum
1073 1254 1086 1274 ,
1130 1222 1173 1264 ὃ(

156 1278 273 1322 aliud
299 1277 476 1322 edietum
506 1278 679 1322 Adriani
704 1276 803 1330 jussu
829 1277 1024 1332 digestum
1049 1308 1057 1318 .
1089 1278 1171 1320 Sci-

155 1335 256 1380 licet
296 1336 468 1379 Adriani
505 1352 591 1378 aevo
626 1351 675 1379 ex
709 1334 888 1390 pluribus
912 1334 1164 1387 superiorum

151 1394 379 1437 Praetorum
405 1392 571 1446 edffi'cis,
603 1393 750 1435 annuis
775 1391 858 1435 illis
881 1391 1047 1447 quidem
1066 1423 1078 1445 ,
1112 1391 1172 1434 sed

153 1463 319 1507 propter
342 1449 629 1494 au·&oritatem
645 1482 656 1503 ‚
687 1449 731 1492 ὅ(
757 1448 997 1505 aequitatem
1019 1464 1166 1492 eorum

155 1507 417 1552 translatitiis
444 1540 457 1561 ,
499 1520 619 1564 atque
644 1509 687 1551 in
712 1507 905 1551 assiduam
931 1504 1167 1558 jurisditiio-

155 1580 256 1608 nem
283 1565 431 1619 versis3
455 1571 743 1621 proptereaque
769 1563 1164 1616 veterumJuriscon-

157 1621 358 1668 sultorurn
391 1623 730 1678 interpretatione
758 1622 914 1665 ornatis
946 1653 958 1674 ‚
990 1621 1168 1664 edif'turn

153 1696 286 1723 unum
311 1680 582 1736 compositum
608 1680 685 1733 est,
717 1680 761 1723 8<
795 1679 836 1722 in
859 1678 975 1734 plura
1001 1678 1136 1734 capita
1157 1711 1169 1731 ,

152 1736 340 1781 :mirabili
364 1751 449 1781 arte
466 1770 478 1789 ‚
498 1738 698 1781 tributum
714 1770 727 1791 ,
750 1736 926 1780 Adriani
957 1735 1080 1789 jussu,
1101 1752 1170 1791 pei·

151 1794 341 1838 Salvium
380 1794 594 1847 Julianum
638 1793 978 1847 Jurisconsultum
1011 1826 1023 1847 ‚
1063 1795 1168 1848 quod

150 1864 393 1907 perpetuum
419 1868 579 1909 quoque
606 1852 683 1896 fuit
707 1851 959 1907 appellatum
978 1884 989 1904 ,
1010 1852 1067 1902 (c)
1087 1850 1168 1896 alio

150 1909 296 1963 sensu,
329 1911 447 1953 omni
481 1910 632 1955 scilicet
659 1910 814 1966 postero
840 1922 1024 1964 tempore
1055 1909 1169 1952 dura·

152 1978 299 2010 turum
338 1983 348 2008 :
402 1983 450 2012 ex
490 1984 570 2024 quo
605 1971 665 2017 jus
701 1984 724 2011 a
755 1967 902 2011 futuris
931 1966 1170 2010 Praetoribus

153 2025 386 2067 redderetur
417 2041 430 2076 3
472 2023 579 2080 quod
602 2024 646 2067 in
674 2026 877 2068 urbanum
904 2025 1034 2075 postea
1065 2023 1169 2066 divi-

152 2081 242 2123 sum
266 2081 345 2133 est,
377 2081 420 2124 δι
446 2081 701 2136 provinciale
736 2099 751 2122 .·
794 2081 859 2125 cui
889 2080 992 2124 forte
1019 2080 1167 2126 insere-

150 2137 272 2181 batur
297 2170 310 2192 ,
345 2136 370 2179 fi
396 2138 493 2193 quid
518 2139 773 2194 potissimum
799 2139 1048 2194 singularum
1077 2156 1169 2196 pro-

152 2194 391 2239 vinciarum
422 2197 664 2240 conveniret
695 2197 879 2240 moribus
905 2229 917 2250 ,
965 2210 1034 2240 aut
1067 2198 1167 2254 legi-

151 2251 227 2295 bus
251 2284 264 2305 ,
295 2267 392 2308 quas
416 2253 693 2308 provinciales
717 2270 765 2299 ex
794 2253 944 2298 foedere
975 2254 1043 2298 fibi
1074 2256 1168 2299 reti-

147 2308 298 2374 nuisset
318 2342 329 2352 .
361 2309 582 2355 Urbanum
608 2326 754 2357 tamen
770 2346 782 2368 ,
817 2330 888 2369 pro
909 2312 1016 2356 urbis
1029 2313 1189 2387 auno-3

148 2379 273 2410 ritate
298 2398 312 2420 ‚
362 2382 515 2412 nomen
553 2370 673 2414 ediffi
709 2372 885 2428 praetorii
913 2372 1188 2427 praecipuumoe

146 2422 271 2488 tulit.
297 2424 423 2469 Varie
449 2425 576 2481 igitur
598 2428 797 2484 accipitur
821 2445 901 2472 vox
917 2440 1160 2484 perpetuum:
1182 2425 1188 2485 ξ

146 2481 349 2537 fignificat
371 2482 484 2527 enim
515 2485 642 2528 fixum
675 2518 688 2539 ‚
718 2487 762 2530 δε
786 2485 1084 2539 immutabile3
1117 2503 1162 2531 ac

145 2551 342 2595 praeterea
387 2539 514 2584 futuri
562 2544 760 2598 temporis
801 2545 1118 2598 progressionem
1152 2577 1162 2587 .

145 2598 434 2651 Quamobrem
457 2599 635 2643 edif’tuin
662 2599 1019 2645 Cornelianorurn
1054 2614 1156 2645 tem·

144 2658 292 2718 porum
320 2668 559 2710 perpetuum
585 2657 734 2701 dicitur
770 2690 783 2713 ‚
827 2659 933 2715 quod
960 2670 1049 2702 toto
1075 2675 1161 2702 ma-

145 2712 334 2764 gistratus
357 2728 469 2756 anno
495 2714 593 2757 adeo
614 2727 799 2770 teneret,
820 2729 864 2759 ut
885 2716 1038 2760 interea
1057 2728 1159 2761 tem-

147 2769 258 2821 poris
284 2772 436 2814 mutari
464 2770 575 2814 nefas
602 2771 694 2817 esset
714 2805 726 2827 ‚
760 2774 939 2830 sequenti
966 2790 1062 2818 vero
1088 2791 1160 2818 an-

148 2838 206 2886 ns>
244 2841 328 2870 non
363 2828 436 2871 nisi
462 2829 557 2873 novi
587 2830 770 2874 Praetoris
793 2828 1033 2875 au&oritate
1057 2833 1158 2876 revi—

149 2879 315 2926 visceret
343 2917 356 2939 ‚
409 2901 525 2931 more
563 2889 869 2945 pontificiarum
905 2891 1156 2935 constitutio-

148 3010 255 3024 b·

193 3049 214 3088 ζ
229 3048 279 3086 a)
306 3051 420 3085 Ascon-
445 3057 479 3088 in
495 3061 676 3093 Corneliam.

192 3096 212 3132 (
226 3092 274 3131 b>
290 3096 386 3127 Dion.
405 3103 456 3134 36.

193 3147 213 3176 ι,
230 3139 275 3189 ς)
300 3142 372 3189 ‘¹7¹²
401 3144 525 3176 Corne
536 3156 604 3179 vet.
619 3148 681 3186 jur,
698 3153 884 3187 enucleam.
913 3152 953 3188 1..
975 3163 1002 3187 ι.
1017 3153 1094 3189 Cod·
1121 3152 1160 3187 de

146 3182 283 3218 ιοηὸῑὸὶ.
311 3186 414 3220 ιηάεό.
444 3190 581 3233 Eutrop.
598 3193 655 3227 cib.
674 3206 706 3236 9.

730 3023 1160 3036 —d——n——————

1238 114 1666 173 IVILIS.
2188 142 2253 194 29

1232 206 1333 236 num
1347 225 1359 246 ,
1378 210 1475 250 quas
1500 192 1756 238 cancellariae
1784 194 1944 251 regulas
1961 211 2111 241 vocant
2128 217 2139 253 3
2159 217 2248 256 quat

1230 254 1418 304 quamvis
1443 265 1638 294 maneant
1667 252 1824 309 semper
1847 256 1995 298 eaedem
2020 271 2032 308 3
2066 269 2202 301 tamen
2228 276 2250 304 a

1231 309 1329 351 novi
1359 309 1567 353 Pontificis
1592 311 1912 356 confirmatione
1946 313 2148 368 recipiunt
2181 333 2251 360 au-

1228 364 1463 427 &oritatem
1499 398 1511 420 ‚
1557 368 1735 419 proximi
1764 370 1976 413 Pontificis
2001 384 2135 414 morte
2167 371 2250 423 jam

1228 422 1414 465 amissam
1430 454 1439 465 .
1457 422 1647 467 Edielum
1661 437 1799 468 autem
1815 427 1989 470 Adriani
2007 442 2250 484 perpetuum

1226 479 1376 523 dicitur
1391 511 1403 532 ,
1427 480 1522 535 quia
1541 479 1626 532 ejus
1647 483 1817 536 potestas
1840 483 1920 527 sine
1945 486 2042 529 novi
2067 481 2252 531 Praetoris

1225 536 1544 591 adprobatione,
1568 538 1704 594 suopte
1718 541 1861 584 robore
1877 573 1888 594 ,
1912 542 1953 584 in
1971 558 2143 586 omnem
2160 557 2250 588 ten-

1224 595 1341 636 debat
1368 594 1642 648 posteritatem
1677 628 1689 649 ‚
1739 596 1982 655 singulisque
2008 601 2249 646 Praetoribus

1226 652 1529 707 proponebatur
1552 653 1847 699 observandum
1863 688 1872 698 .
1905 658 1970 710 (d)
1993 657 2116 701 Porro
2148 661 2251 702 Prae-

1223 710 1325 751 toris
1350 708 1489 752 album
1520 711 1735 754 Accursius
1759 712 1872 756 fuisse
1905 727 2020 768 putat
2051 716 2248 770 parietem

1222 765 1454 809 dealbatum
1471 799 1483 820 ,
1516 767 1717 824 ediEtique
1745 771 1876 814 verbis
1903 772 2173 828 inscriptum3
2195 791 2248 819 ne

1226 822 1251 885 si
1276 824 1493 887 appensam
1521 825 1703 888 tabulam
1729 829 2039 885 confingamus,
2064 832 2248 877 Praetoris

1222 896 1283 931 ius
1308 880 1462 944 furibus
1485 882 1729 946 objiciamus
1757 917 1771 940 ,
1823 899 1944 943 atque
1977 888 2206 944 raptoribus
2234 921 2247 934 0

1225 939 1428 992 Quamvis
1450 952 1575 982 etiarn
1605 940 1711 985 hanc
1734 942 1926 1000 loquendi
1944 943 2167 989 formulam
2183 947 2249 991 in-

1223 997 1439 1038 veniamus
1464 997 1508 1039 in
1535 996 1647 1041 libris
1670 1000 1776 1051 Juris
1792 1033 1803 1054 ‚
1826 1017 1974 1058 nempe
1996 1004 2132 1046 album
2149 1004 2249 1058 sub-

1222 1053 1346 1095 latum
1374 1069 1385 1105 3
1415 1055 1593 1117 figuram
1619 1068 1759 1101 tamen
1786 1058 2035 1104 elocutionis
2063 1060 2171 1105 hanc
2191 1062 2244 1105 li-

1222 1122 1330 1172 ceret
1358 1112 1588 1155 existimare
1618 1129 1630 1165 3
1682 1115 1871 1173 idemque
1901 1116 2057 1173 pollere
2089 1150 2102 1172 ,
2134 1120 2243 1175 quod

1222 1167 1435 1209 indue‘tmn
1452 1200 1465 1221 ,
1498 1169 1560 1211 vel
1591 1186 1832 1227 corruptum
1848 1205 1858 1216 .
1891 1175 2030 1219 Tollit
2050 1176 2164 1220 enim
2186 1177 2248 1220 al-

1224 1224 1320 1265 bum
1349 1254 1361 1274 ‚
1396 1224 1474 1267 slve
1503 1225 1747 1271 sententiam
1775 1231 1894 1274 edi&
1926 1264 1938 1286 ‚
1969 1233 2077 1289 quod
2101 1233 2245 1279 album

1221 1278 1453 1342 appellatur
1468 1313 1480 1333 ‚
1495 1283 1729 1339 quicunque
1744 1286 1883 1330 album
1900 1290 2151 1344 corrumpit.
2167 1292 2245 1335 Sed

1225 1351 1289 1378 me
1310 1335 1503 1380 aliorsum
1521 1340 1694 1383 trahunt
1712 1343 1831 1385 verba
1850 1345 2131 1395 Jurisconsulti
2148 1380 2160 1402 ‚
2174 1349 2246 1404 qui

1221 1392 1433 1455 distinguit
1457 1396 1595 1438 album
1614 1398 1821 1450 sublatum
1853 1402 1903 1443 ab
1926 1404 2014 1446 albo
2038 1416 2240 1461 corrupto,

1223 1450 1287 1493 his
1318 1451 1475 1494 verbis:
1509 1455 1598 1496 Hoc
1621 1456 1743 1499 edifio
1768 1469 1918 1501 tenetur
1936 1459 1995 1503 <J
2018 1463 2091 1517 qui
2111 1463 2242 1517 tollit,

1220 1510 1411 1562 quamvis
1431 1527 1506 1552 non
1525 1515 1756 1567 corruperit.
1791 1515 1826 1557 L
1855 1532 1894 1569 7.
1913 1515 2029 1573 ffide
2041 1519 2239 1574 jurisdiffl.

1220 1582 1321 1607 omn.
1366 1568 1452 1619 iud·
1491 1568 1687 1619 Cujacius
1720 1587 1838 1625 porro
1863 1573 1990 1619 tradit
2012 1607 2025 1629 ,
2074 1577 2117 1620 in
2150 1577 2243 1621 albo

1223 1638 1448 1687 proponere
1470 1624 1578 1669 aliud
1603 1642 1685 1669 non
1709 1628 1932 1681 significare
1947 1663 1958 1685 ,
1980 1649 2104 1689 quam
2118 1650 2243 1690 expo·

1221 1696 1314 1724 nere
1339 1696 1382 1724 iri
1405 1681 1493 1726 luce
1510 1714 1521 1735 ‚
1554 1682 1711 1728 clarum
1735 1685 1864 1731 facere
1881 1720 1890 1735 2
1924 1689 1970 1732 in
1991 1692 2145 1735 mundo
2168 1708 2240 1747 po-

1221 1753 1315 1781 nere
1335 1770 1346 1780 .
1379 1740 1460 1802 (e)
1495 1740 1644 1783 Praetor
1668 1755 1806 1786 autem
1834 1744 1897 1789 vel
1920 1746 1998 1803 ipse
2019 1750 2240 1807 cognosce-

1221 1797 1286 1838 bat
1304 1827 1314 1847 ,
1346 1795 1371 1838 si
1396 1797 1537 1840 liberet
1559 1831 1570 1851 ,
1603 1811 1672 1841 aut
1705 1814 1892 1856 vacaret,
1924 1818 1994 1848 aut
2014 1807 2237 1863 appellare-

1219 1865 1282 1916 tur
1305 1869 1318 1905 ς
1361 1853 1432 1918 γεΙ-
1454 1854 1572 1918 alteri
1601 1859 1823 1903 mandabat
1849 1860 2047 1912 iudicium
2071 1882 2087 1906 .·
2134 1865 2240 1909 unde

1219 1911 1336 1976 ipsius
1360 1911 1608 1967 jurisdiff'tio5
1642 1916 1705 1960 vel
1744 1918 1784 1960 in
1814 1917 2031 1970 judicando
2059 1953 2070 1976 ,
2104 1923 2169 1967 vel
2191 1922 2238 1966 in

1217 1969 1348 2019 iudice
1374 1970 1506 2014 dando
1524 2004 1535 2024 ‚
1569 1973 1632 2016 vel
1653 1975 1696 2017 in
1715 1976 1990 2029 possessionem
2006 1979 2240 2024 immitten-

1216 2026 1266 2068 do
1296 2027 1740 2093 versabaturttejusque
1761 2035 1931 2087 potestas
1959 2067 1971 2088 ,
2004 2037 2098 2080 teste
2130 2040 2235 2080 Var-

1218 2099 1315 2126 rone
1335 2116 1346 2136 ,
1379 2084 1440 2127 liis
1460 2089 1766 2140 exprimebatur
1785 2091 1940 2134 verbis:
1974 2095 2069 2146 Do,
2100 2096 2234 2149 Dico,

1214 2141 1394 2184 Acidim.
1426 2144 1658 2198 Dicebant,
1691 2163 1785 2191 cum
1816 2148 1997 2204 aliquem
2019 2152 2074 2194 V.
2096 2154 2149 2195 G.
2184 2151 2236 2195 li-

1216 2199 1356 2243 berum
1376 2202 1705 2265 ‚pronunciarent
1734 2222 1741 2246 :
1796 2207 2052 2251 Addicebant
2079 2242 2090 2263 ‚
2136 2226 2233 2254 cum

1217 2272 1302 2321 rem
1330 2258 1511 2314 aliquam
1534 2260 1707 2305 domino
1725 2261 2004 2315 adjudicarent
2026 2268 2238 2323 mancipa-

1214 2327 1356 2379 tione?
1390 2316 1453 2359 vel
1490 2317 1533 2360 in
1560 2317 1644 2369 jure
1665 2322 1836 2365 cessione
1852 2353 1865 2374 ‚
1897 2322 1962 2366 vel
1984 2324 2203 2381 adoptione
2224 2342 2235 2368 t

1212 2372 1258 2415 de
1288 2374 1435 2437 quibus
1460 2374 1565 2418 libro
1590 2377 1761 2421 secundo
1779 2410 1787 2421 .
1808 2381 1979 2424 Dabam
1998 2381 2236 2427 immitten-

1210 2429 1261 2494 do
1292 2447 1334 2494 in
1351 2431 1628 2494 possessionem
1646 2466 1658 2487 ‚
1678 2434 1742 2478 vel
1757 2437 2017 2481 concedendo
2030 2440 2234 2493 Judicem,

1211 2488 1436 2542 vindiciaS,
1468 2489 1511 2532 δὲ
1530 2491 1734 2535 ειξὶὶοηειτι
1761 2523 1771 2534 .
1804 2492 1883 2546 (f)
1911 2496 2229 2549 cognoscebant

1209 2558 1350 2588 autern
1375 2546 1421 2589 de
1451 2547 1642 2591 civilibus
1665 2561 1831 2592 tantum
1859 2551 1984 2594 causis
2008 2584 2020 2605 ‚
2052 2569 2148 2597 cum
2173 2555 2231 2599 eis

1209 2601 1289 2644 alia
1314 2603 1477 2658 quaestio
1505 2619 1588 2646 non
1614 2606 1906 2650 mandabatur.
1939 2609 2005 2653 Ex
2022 2609 2231 2669 hujusigi-

1209 2672 1275 2701 tur
1303 2661 1558 2716 magistratus
1589 2660 1863 2713 jurisdiffione
1885 2667 2123 2720 prodierunt
2148 2671 2231 2714 edi-

1207 2717 1298 2780 ᾃα,
1330 2733 1443 2772 quae,
1477 2718 1612 2762 oblata
1640 2719 1860 2776 facultate,
1893 2722 2072 2780 singulas
2098 2743 2223 2784 prope

1206 2776 1303 2827 iuris
1327 2775 1461 2818 civilis
1489 2791 1621 2831 partes
1659 2810 1671 2832 ‚
1704 2778 1768 2822 vel
1792 2778 2025 2836 explendo,
2059 2784 2124 2827 vel
2157 2787 2228 2828 ad-

1206 2833 1337 2876 dendo
1366 2861 1379 2887 ,
1415 2833 1479 2877 vel
1507 2835 1696 2879 leniendo
1727 2836 1951 2892 attigerunt
1977 2871 1987 2882 .
2019 2841 2139 2895 Quod
2164 2841 2226 2893 jus

1207 2890 1476 2935 honorarium
1520 2891 1597 2936 fuit
1644 2894 1899 2951 appellatum
1942 2912 1968 2941 a
2010 2897 2225 2954 magistra-

2151 2969 2191 3000 tu
2209 2988 2223 3011 2

1251 3060 1335 3146 ἓξὲξ
1358 3064 1403 3138 {in
1416 3073 1508 3140 ἰούς
1524 3105 1628 3147 instit.
1658 3108 1695 3140 de
1709 3107 1890 3143 afflionibus
1917 3113 1946 3154 §.
1962 3115 2090 3154 penult.

1250 3152 1328 3193 (f)
1352 3154 1460 3194 Sigon.
1490 3153 1620 3196 desecti·
1636 3153 1694 3189 lib,
1714 3164 1742 3188 ι.
1774 3166 1798 3189 ιτ,
1815 3167 1847 3198 7.
1863 3157 2057 3191 Gothofred.
2091 3158 2127 3190 in
2143 3166 2214 3190 mae

1207 3199 1299 3233 „ual-
1322 3204 1402 3241 pag.
1422 3207 1494 3238 ¹70·

1469 3060 1509 3105 ff
1537 3063 1574 3094 de
1589 3061 1661 3098 (lat.
1681 3065 1765 3096 bom.
