2596 3479
637 74 685 126 E
728 72 786 124 T
862 70 984 121 XII.

250 146 328 192 fuit
359 147 402 190 in
434 144 701 199 simulatum3
743 162 789 188 ac
821 143 862 186 in
897 157 1076 194 pugnarn
1111 154 1274 184 tantum

247 206 502 248 retinuerunt
534 204 825 260 imaginariam
859 199 1016 241 festucis
1038 198 1273 253 expressam.

247 263 334 311 (a)
374 263 542 304 Etenim
577 262 695 304 initio
729 259 937 312 litigantes
967 258 1012 300 de
1045 257 1274 310 possessione

244 315 362 363 fundi
401 321 617 362 Praetorem
647 316 812 358 adibant
849 346 862 367 ‚
907 325 948 356 ut
979 330 1074 357 eum
1106 314 1277 357 deduce<

246 389 340 417 rent
373 377 413 418 in
449 377 645 425 fundum,
677 373 723 415 de
756 387 836 428 quo
867 371 1139 414 controversia
1159 371 1276 419 esset,

244 446 326 486 quo
358 433 550 483 judicaret
575 462 587 483 ‚
619 430 750 472 utrius
783 427 959 482 possessio
992 428 1124 482 foret,
1159 429 1275 483 idque

243 488 453 533 dicebatur
500 487 637 531 venire
682 489 723 528 in
756 501 833 527 rem
858 486 1115 540 praesentem:
1164 486 1254 528 inde

245 561 323 600 que
356 563 451 589 cum
485 547 656 587 praetore
689 543 872 585 redibant
913 574 924 595 ‚
973 542 1132 597 ejusque
1178 542 1277 593 iudi-

243 604 353 645 cium
374 602 665 656 expe&abant.
699 602 856 642 Verum
882 598 977 654 quia
1005 601 1152 641 Praetor
1174 600 1273 642 mul-

243 659 419 704 titudine
455 662 719 715 negotiorum
755 658 1051 712 impediebatur
1085 674 1163 699 una
1190 673 1279 700 cum

243 713 510 772 litigantibus
542 716 601 759 ire
627 733 639 769 3
672 712 952 767 jurisconsulti
989 714 1190 758 rationem
1211 731 1257 757 ex

244 775 480 829 cogitarunt
514 805 525 826 ‚
570 790 649 829 qua
684 770 947 826 profeffionis
978 772 1163 815 molestia
1197 771 1263 813 sub

244 829 328 874 lata
362 863 374 884 ‚
424 843 615 874 veterum
658 829 904 881 judiciorum
936 830 1061 885 figura
1105 830 1147 871 &
1192 828 1282 871 reli-

242 888 313 943 gio
347 901 531 931 maneret
559 919 568 929 .
615 888 760 941 Itaque
793 885 966 941 priscam
1000 886 1116 929 illam
1150 885 1275 940 prose-

241 946 422 988 &ionem
475 943 727 1000 imaginibus
758 943 964 998 verbisque
998 943 1239 987 simularunt
1272 974 1282 993 ,

241 1001 497 1045 instituentes
521 1034 531 1053 ‚
567 1015 610 1044 ut
642 1002 685 1043 in
718 999 831 1043 fundi
866 1001 982 1055 gleba
1012 1034 1022 1054 ‚
1058 1001 1188 1044 veluti
1225 1000 1264 1042 su

242 1074 312 1115 per
343 1073 433 1103 toto
465 1058 590 1101 fundo
608 1090 620 1110 ,
652 1056 764 1108 cujus
790 1057 905 1112 gleba
927 1057 995 1100 illa
1022 1058 1281 1101 simulacrum

240 1130 325 1159 erat
362 1149 376 1168 ‚
425 1115 623 1167 judicium
655 1129 908 1158 exerceretur
941 1147 948 1157 .
1001 1115 1282 1171 Quamobrem

244 1173 337 1216 satis
369 1186 456 1216 erat
491 1173 708 1217 Praetorem
741 1173 848 1214 adire
876 1204 889 1223 ‚
922 1186 965 1214 ut
986 1173 1088 1226 apud
1110 1169 1283 1221 eumju-

239 1230 394 1273 dicium
429 1230 722 1272 intenderent:
758 1229 909 1270 Prsetor
941 1243 1077 1281 autem
1113 1230 1154 1270 in
1187 1229 1297 1270 urbe⁴

240 1288 435 1331 manebat
463 1319 475 1340 ‚
506 1302 602 1329 cum
638 1285 848 1339 litigantes
882 1285 952 1340 ipsi
985 1302 1033 1328 ex
1060 1285 1172 1337 jure,
1207 1284 1282 1325 sive

237 1359 287 1388 ex
322 1343 413 1386 loco
434 1373 446 1394 ,
480 1343 546 1384 ubi
581 1341 642 1392 jus
675 1342 912 1384 reddebatur
935 1374 948 1394 ‚
982 1342 1261 1395 proficiscerer]

242 1412 308 1444 tur
340 1399 384 1442 in
417 1399 592 1442 fundum
637 1430 649 1450 ‚
701 1399 803 1440 unde
838 1398 1002 1453 glebam
1038 1399 1237 1442 tollebant
1271 1430 1282 1450 ,

238 1472 413 1513 eamque
461 1458 503 1499 in
549 1455 747 1507 judicium
793 1455 1088 1510 adducebant,
1139 1468 1182 1498 ut
1217 1470 1285 1509 per

237 1530 330 1558 earn
352 1546 365 1566 ‚
397 1530 521 1568 quam
553 1513 596 1555 ὃς
629 1512 857 1555 vindiciam
889 1515 1093 1556 vocabant
1118 1545 1130 1566 ,
1175 1524 1284 1555 totus

240 1570 390 1614 fundus
416 1603 429 1624 ‚
460 1572 504 1613 ἃ
539 1569 735 1625 profectio
769 1571 953 1613 Praetoris
988 1571 1032 1613 in
1067 1586 1152 1613 rem
1185 1586 1282 1626 prae-

241 1630 399 1672 sentem
433 1629 740 1671 adumbraretur
775 1644 784 1669 :
838 1645 882 1671 ac
934 1629 989 1671 rei
1022 1627 1112 1671 loco
1146 1628 1282 1683 imago

236 1686 311 1730 'illa
345 1684 602 1736 subjiceretur
628 1717 639 1727 .
670 1686 756 1737 (b)
790 1684 831 1727 Si
865 1686 911 1728 de
943 1686 1172 1741 possessione
1204 1685 1279 1741 igi-

240 1756 309 1787 tur
341 1755 621 1798 quaereretur-3
654 1743 806 1785 Praetor
832 1775 844 1795 ,
894 1744 1025 1798 quoad
1058 1745 1099 1785 in
1132 1742 1282 1794 judicio

235 1801 502 1856 proprietatis
544 1799 660 1842 alteri
709 1816 794 1841 rem
826 1799 1092 1844 addicendam
1126 1800 1273 1843 consta-

238 1869 336 1909 ret,
379 1855 632 1910 possessorem
668 1860 855 1899 tuebatur
888 1888 897 1898 .
944 1861 1002 1900 At
1047 1858 1153 1901 secus
1197 1868 1282 1900 erat

236 1913 281 1956 in
314 1916 432 1956 causa
467 1913 664 1956 libertatis
689 1945 700 1967 ,
737 1915 778 1955 in
810 1931 888 1969 qua
921 1930 1005 1957 non
1040 1915 1282 1970 possessionis

239 1971 382 2014 titulus
416 1972 549 2024 potior
581 1986 691 2022 erat,
726 1972 787 2013 sed
812 1973 1036 2015 libertatis:
1072 1971 1166 2026 quia
1195 1987 1279 2013 ma-

240 2029 306 2085 gis
340 2027 574 2081 reipublicae
607 2028 799 2070 conducit
825 2061 836 2081 ,
869 2027 1007 2071 liberis
1039 2031 1179 2071 urbem
1203 2029 1275 2070 irn-

240 2084 343 2140 pleri
384 2087 568 2139 squam
617 2085 739 2126 servis
776 2116 785 2126 .
830 2087 926 2127 Ideo
971 2088 1012 2128 in
1046 2084 1282 2128 liberalibus

238 2141 364 2185 causis
405 2172 418 2193 ‚
462 2142 530 2183 ubi
563 2139 665 2183 alter
698 2141 741 2183 in
776 2140 1008 2185 libertatem
1048 2174 1060 2194 ‚
1100 2141 1205 2185 alter
1239 2142 1280 2184 in

238 2198 478 2241 servitutem
514 2197 697 2241 assereret
731 2214 846 2251 reum
880 2231 892 2252 ,
937 2198 1118 2242 vindicia
1145 2231 1157 2250 ‚
1204 2199 1280 2242 sive

237 2255 416 2312 possess-io
449 2255 619 2298 duran-:e
652 2256 766 2299 causa
800 2259 919 2299 [brus
950 2257 1118 2299 dabatur
1144 2255 1278 2300 secun-

238 2311 605 2356 dumlibertatem
635 2344 647 2365 ,
679 2326 722 2356 ut
755 2328 941 2356 maneret
974 2314 1076 2357 liber
1097 2346 1110 2366 ,
1153 2315 1281 2357 donec

239 2370 359 2425 plane
395 2368 555 2412 servum
589 2369 662 2412 esse
698 2370 895 2413 constaret
923 2404 936 2413 ..
987 2372 1033 2413 Id
1064 2387 1160 2414 cum
1194 2371 1280 2426 lege

241 2426 307 2468 sua
343 2427 580 2469 Decemviri
605 2427 926 2480 constituissent,
960 2429 1028 2484 qui
1055 2441 1195 2471 tamen
1219 2429 1282 2470 in-

240 2489 302 2524 ter
346 2497 414 2524 eos
446 2484 686 2527 auetoritate
719 2485 925 2539 praestabat
958 2486 1121 2539 Appius
1151 2485 1278 2527 Clau-

242 2539 330 2581 dius
354 2570 365 2591 ,
398 2540 651 2583 calumniosa
684 2541 1024 2597 interpretatione
1059 2541 1188 2584 telam
1221 2558 1279 2585 re-

241 2608 396 2653 texere*
432 2598 656 2641 conabatur
692 2615 703 2640 τ
755 2600 904 2654 quippe
959 2599 1028 2655 qui
1066 2599 1236 2643 senserat
1269 2632 1280 2654 ‚

251 2726 1283 2741 n—fl-—n-v———ss-..n—-n-——v-——n—-ss—

291 2777 342 2816 [a]
371 2777 440 2810 Cic.
457 2785 511 2818 pro
530 2777 657 2810 Muren.

288 2823 346 2861 QZ)
374 2823 508 2854 Brii'son.
540 2825 576 2854 de
599 2825 730 2864 formul.
759 2821 816 2856 lib.
836 2832 864 2863 5.
893 2831 960 2867 cap.
991 2829 1027 2856 6.
1052 2825 1201 2858 Raevard.
1242 2825 1285 2857 ad

245 2867 306 2908 leg.
330 2869 409 2897 ΧΠ·
444 2867 507 2899 tab.
530 2875 595 2910 cap.
615 2871 644 2899 6.
665 2869 773 2901 Rosm.
802 2869 950 2908 Aejudx'c.
968 2870 1024 2903 lib.
1044 2882 1072 2910 9.
1099 2879 1165 2912 cap.
1187 2880 1222 2908 13

292 2915 337 2948 (cv
366 2915 479 2945 Livius
505 2912 551 2943 lib
580 2923 606 2951 3<
636 2924 774 2952 c.·zp.44.
806 2915 941 2955 Dionys,
970 2914 1278 2958 lih.11.pompon.

248 2957 284 2986 L.
303 2964 334 2984 2.
363 2958 389 2997 ξ.
409 2968 452 2994 24
483 2956 518 2998 ff.
539 2958 576 2988 de
590 2970 668 2997 ortg.
683 2957 746 2996 jur.

293 2997 344 3036 [A]
374 3003 399 3030 L
430 3011 442 3031 1
485 3005 517 3032 C.
538 3003 691 3045 Theodofi
707 3003 854 3046 defruH.
881 3004 988 3038 &lia
1005 3006 1127 3049 expaenfi
1144 3007 1181 3037 L.
1202 3017 1228 3037 1.
1251 3007 1269 3048 §

244 3054 281 3076 ex
294 3044 346 3073 die
365 3042 403 3086 ff
423 3048 503 3076 unde
517 3049 553 3077 vi
567 3070 574 3077 .

1064 66 1900 121 T’AEULARUM.

2260 61 2359 113 181

1326 142 1389 185 sua
1445 143 1511 184 fibi
1569 142 1654 197 lege
1699 139 1936 196 praeclusum
1986 135 2187 180 libidinosi
2230 134 2365 179 consi-

1326 198 1371 242 lii
1413 200 1571 243 exitum
1597 229 1607 241 .
1650 199 1814 241 Notum
1858 196 1912 240 est
1953 194 2066 238 enim
2094 226 2106 247 ,
2155 209 2249 236 eum
2284 193 2367 236 sor-

1327 273 1394 299 ma
1457 255 1661 313 Virginiae
1716 253 1886 310 virginis
1937 266 2104 306 captum
2164 251 2366 294 clientem

1327 314 1441 357 suurn
1474 317 1537 356 M.
1571 312 1794 356 Claudium
1822 343 1834 364 ‚
1878 310 2038 361 absente
2073 308 2368 370 Virginiotpa-

1328 384 1385 414 tre
1410 403 1422 424 ‚
1458 370 1656 422 subjecisse
1677 401 1689 423 ‚
1721 369 1790 425 qui
1822 383 1912 412 eam
1946 377 2099 422 peteret
2130 379 2173 406 ιη
2198 363 2369 407 servitu-

1328 443 1412 471 tem
1435 459 1448 481 ,
1493 427 1571 470 sive
1617 426 1917 469 suam‘servam
1949 423 2023 468 esse
2056 420 2322 482 contenderet
2352 450 2367 462 .

1328 488 1439 528 Cum
1482 496 1621 527 autern
1665 481 1947 526 Decemvirali
1981 480 2067 536 lege
2100 479 2271 522 durante
2306 492 2370 527 iu·-

1327 543 1433 586 dicio
1480 541 1608 584 libera
1658 554 1896 595 permanere
1946 538 2110 580 deberet
2146 569 2159 589 ‚
2209 536 2371 598 Appius

1335 600 1416 651 ejus
1451 597 1656 655 potiundae
1694 597 1756 652 spe
1782 595 1962 653 puellam
1988 596 2054 638 M.
2079 593 2261 637 Claudio
2287 603 2372 654 tra-

1348 674 1423 702 iere
1457 658 1498 700 in
1533 656 1769 700 servitutem
1801 653 2006 710 cogitabat
2035 670 2044 694 ε
2097 665 2242 695 verum
2274 662 2372 706 quia

1340 717 1399 758 {ua
1431 714 1551 769 ipsius
1581 712 1668 767 lege
1702 711 1990 768 prohibebatur
2021 742 2033 764 ‚
2084 709 2257 764 negabat
2301 707 2372 748 be-

1339 772 1482 816 neficio
1517 771 1614 828 legis
1645 770 1815 826 gaudere
1839 801 1852 822 ‚
1883 769 1952 825 qui
1985 769 2034 810 ab
2065 766 2149 809 alio
2181 797 2193 819 ‚
2243 777 2372 820 quam

1334 847 1354 872 a
1398 842 1507 884 patre
1552 829 1597 872 in
1641 828 1873 873 libertatem
1906 826 2137 869 assereretur
2164 855 2173 865 .
2225 824 2372 877 Itaque

1337 887 1648 939 pronunciavit,
1681 885 1842 928 absente
1874 897 2013 939 patre,
2047 880 2246 924 vindicias
2269 877 2371 920 dan-

1332 945 1398 986 das
1432 945 1649 988 secundum
1684 943 1916 986 servit'utem
1945 974 1958 994 ‚
2010 940 2086 982 sive
2132 935 2372 1000 tradendam

1335 1002 1540 1056 virginem
1575 1002 1728 1044 interea
1761 1000 1803 1043 in
1824 999 2076 1042 'servit-utem
2104 995 2141 1039 ei
2172 1027 2184 1049 ‚
2218 1009 2287 1050 qui
2322 991 2370 1035 Γι-

1333 1059 1371 1100 bi
1405 1059 1638 1102 dorninium
1670 1058 1852 1101 assereret
1886 1056 2032 1099 illius:
2077 1067 2173 1097 cum
2218 1066 2303 1094 non
2347 1065 2371 1092 a

1333 1127 1443 1170 patre
1476 1149 1488 1169 ‚
1540 1129 1678 1169 utpote
1722 1115 1881 1158 absente
1910 1146 1922 1166 ³
1970 1112 2029 1154 sed
2079 1112 2128 1152 ab
2161 1105 2369 1170 avunculo

1334 1173 1612 1217 vindicaretur
1642 1174 1689 1216 in*
1718 1173 1950 1215 libertatem
1979 1201 1988 1212 .
2036 1170 2137 1224 Qiae
2170 1165 2282 1209 ferox
2311 1164 2370 1228 ‘lt-

1332 1230 1423 1271 bido
1485 1232 1528 1274 δί
1573 1244 1688 1273 atrox
1732 1227 1989 1280 calumnia,
2033 1240 2159 1281 quam
2208 1222 2370 1286 seditio-

1332 1302 1428 1329 nem
1460 1287 1701 1331 excitaverit
1730 1318 1740 1338 ,
1790 1297 2020 1342 quantaque
2063 1282 2109 1324 de
2143 1280 2372 1344 -auSsorrta-

1332 1356 1369 1385 te
1396 1376 1407 1395 ‚
1453 1356 1572 1400 atque
1619 1342 1792 1397 irnperio
1835 1340 2022 1391 dejecerit
2055 1340 2324 1380 Decemviros
2356 1365 2370 1387 ‚

1334 1400 1422 1443 satis
1455 1400 1581 1457 liquet
1613 1417 1661 1444 ex
1696 1399 1872 1442 historiis
1905 1400 2193 1455 Rornanorum
2226 1425 2238 1436 .
2287 1393 2370 1444 (c)

1332 1461 1571 1515 Antequam
1616 1471 1754 1501 tamen
1800 1458 1832 1500 is
1868 1487 1881 1509 ‚
1929 1454 1999 1511 qui
2043 1452 2164 1494 status
2205 1461 2371 1494 contro-

1331 1516 1500 1559 versiam
1534 1516 1760 1572 patiebatur
1790 1547 1802 1568 ‚
1852 1513 1900 1556 ad
1943 1509 2053 1568 quasi
2088 1507 2370 1563 possessionem

1332 1571 1529 1617 libertatis
1579 1574 1724 1617 rediret
1755 1604 1767 1625 ‚
1818 1570 2024 1626 sponsores
2067 1566 2159 1610 dare
2202 1578 2369 1629 oporte-

1330 1631 1397 1672 bat
1427 1664 1442 1684 ,
1492 1630 1561 1688 qui
1605 1647 1700 1674 eum
1746 1629 1895 1681 judicio
1941 1626 2099 1670 stituros
2150 1635 2369 1686 promitte-

1330 1701 1422 1731 rent
1452 1721 1463 1730 .
1514 1691 1651 1744 Atque
1705 1687 1790 1731 haee
1844 1686 1937 1729 sane·
1992 1681 2190 1725 libertatis
2235 1694 2369 1736 gratia

1331 1746 1420 1788 sunt
1454 1746 1672 1789 constituta
1697 1778 1706 1787 .
1750 1747 1949 1788 Ceterum
1994 1739 2243 1795 reliquarum
2277 1737 2369 1793 pos-

1332 1803 1439 1846 sessio
1474 1819 1630 1855 rerum,
1674 1803 1697 1845 si
1731 1818 1805 1846 nec
1838 1802 1877 1843 vi
1903 1833 1915 1853 ‚
1960 1814 2034 1842 nec
2067 1796 2159 1840 dolo
2191 1827 2203 1849 ,
2238 1810 2374 1851 neque

1331 1866 1438 1904 clam
1473 1874 1589 1916 capta
1621 1859 1752 1903 fuisset
1783 1891 1798 1913 ⁷
1844 1857 2000 1910 judicii?
2038 1867 2221 1910 tempore
2264 1852 2370 1907 apud

1332 1918 1461 1971 ipsum
1514 1919 1779 1973 permanebat
1824 1914 2074 1971 possessorem
2109 1943 2120 1956 .
2176 1911 2218 1954 Si
2273 1925 2375 1953 vero

1329 1974 1475 2030 aliquis
1518 1975 1619 2018 falso
1650 1974 1875 2019 vindiciam
1908 1971 2057 2014 tulisset
2091 2001 2102 2021 ,
2153 1967 2369 2030 s1ve3fa1so

1331 2032 1386 2074 rei
1447 2031 1590 2075 alienae
1651 2026 1928 2087 possessionem
1989 2027 2059 2069 sibi
2109 2024 2321 2087 asseruisset
2355 2055 2370 2077 ‚

1332 2089 1410 2131 lioc
1467 2090 1520 2131 est
1578 2089 1604 2132 si
1658 2088 1789 2143 praedo
1828 2087 1921 2130 esset
1969 2085 2014 2127 Se
2061 2082 2179 2125 malae
2228 2082 2371 2134 fide13

1332 2158 1420 2188 tum
1471 2147 1597 2189 tribus
1650 2144 1810 2188 arbitris
1866 2144 1922 2186 rei
1973 2139 2259 2197 cognoscendae
2303 2153 2372 2181 ca-

1332 2203 1410 2258 ptis
1443 2235 1455 2256 ,
1500 2203 1670 2258 duplum
1713 2201 1920 2257 frustuum
1962 2215 2011 2242 ex
2054 2213 2102 2241 ea
2145 2212 2185 2239 re
2231 2210 2371 2258 perce-

1332 2273 1496 2316 ptorum
1554 2260 1713 2303 reddere
1768 2258 2041 2302 damnabatur
2077 2286 2086 2297 .
2139 2253 2259 2309 Quod
2311 2267 2371 2304 jus

1331 2318 1617 2361 conservatum
1661 2318 1703 2360 in
1738 2317 1892 2359 Codice
1924 2311 2213 2356 ‘theodosiano
2247 2309 2324 2354 fuit
2357 2342 2371 2364 ,

1331 2377 1421 2426 (d)
1470 2374 1658 2430 quamvis
1703 2373 1749 2416 in
1782 2372 2000 2426 Justiniani
2031 2370 2159 2413 libros
2193 2367 2372 2411 minime

1331 2432 1558 2474 traduRum
1592 2464 1602 2474 .
1649 2434 1688 2473 Is
1720 2432 1833 2474 enim
1871 2430 1959 2473 satis
1993 2427 2135 2470 habuit
2162 2458 2173 2478 ‚
2220 2426 2373 2489 praeclof

1331 2498 1426 2532 nesn
1459 2488 1610 2532 frus'tus
1640 2504 1784 2531 omnes
1817 2489 1894 2539 (⁴)
1920 2485 2104 2536 reddere,
2139 2485 2254 2525 bOnae
2279 2481 2372 2525 fidet

1332 2559 1426 2589 vero
1461 2545 1711 2600 possessorem
1744 2545 1947 2588 restituere
1980 2541 2237 2603 fruetus-(ss)
2263 2556 2284 2582 a
2307 2539 2371 2583 die

1331 2605 1387 2647 rei
1421 2602 1464 2645 in
1495 2601 1698 2655 judicium
1727 2601 1902 2647 dedustae
1929 2632 1939 2644 .
1983 2600 2040 2654 (e)
2073 2598 2268 2651 Cujacius
2299 2614 2371 2641 au-

2285 2667 2373 2700 tem

2257 2728 2368 2738 ...-

1456 2733 2010 2746 ““-“*-
2017 2732 2027 2737 -

1333 2790 1398 2813 ηοη
1410 2789 1542 2817 tantum
1570 2791 1742 2825 perceptos
1756 2806 1766 2821 ,
1798 2781 1848 2815 sed
1866 2783 1895 2814 δε
1913 2780 2139 2824 percipiendos
2161 2800 2170 2818 ‚
2203 2778 2303 2812 modo
2317 2788 2372 2821 pe·

1336 2825 1420 2858 titor
1444 2827 1498 2859 vel
1517 2827 1665 2869 possessor
1689 2838 1743 2861 eos
1763 2828 1892 2860 honeste
1921 2829 2084 2869 percipere
2107 2825 2281 2869 potuis-fet.

1375 2872 1432 2912 (¹⁸)
1458 2875 1538 2905 Non
1552 2883 1666 2905 omnes
1681 2893 1691 2912 ,
1718 2873 1769 2905 sed
1785 2873 1874 2904 solos.
1889 2873 2050 2905 :xstantes
2065 2896 2074 2911 ‚
2104 2883 2143 2904 ex
2160 2881 2227 2913 quo
2252 2868 2347 2902 scivit
2360 2889 2373 2909 ,

1333 2927 1403 2949 rem
1436 2917 1495 2949 esse
1521 2917 1665 2965 alienam
1685 2940 1697 2958 ‚
1725 2919 1915 2960 plerumque
1939 2929 1957 2950 a
1985 2926 2135 2959 tempore
2162 2917 2232 2948 litis
2258 2922 2373 2947 conte-

1333 2963 1419 2994 statae
1434 2984 1442 2992 .

1376 3007 1431 3047 (ε)
1450 3010 1495 3040 L.
1521 3018 1545 3038 1·
1575 3007 1605 3050 ς.
1621 3019 1657 3040 ex
1683 3005 1737 3039 die

1526 3053 1533 3060 ·
1636 3054 1641 3060 ¹
1760 3006 1799 3060 ff
1817 3008 1854 3040 de
1869 3008 1908 3041 υἱ
1934 3007 2027 3039 &vi
2042 3015 2168 3059 art-,3322
2188 3027 2196 3037 .
2226 3007 2262 3037 L.
2282 3014 2312 3035 2.
2339 3003 2370 3043 §.

1331 3054 1394 3085 ult·
1413 3050 1450 3095 ff
1467 3053 1504 3086 de
1519 3052 1682 3085 mterdrc‘ff.
1698 3055 1909 3086 Lvtdeamus
1925 3056 1977 3091 38.
1993 3053 2020 3093 ᾗ.
2038 3054 2174 3085 Fuman-
2189 3048 2229 3093 ff.
2245 3049 2283 3083 de
2297 3049 2371 3089 usto-

291 3089 335 3129 (ῤ’)
366 3089 444 3120 Non
458 3096 593 3124 tantum-
613 3093 779 3128 exstantes
792 3116 804 3135 ‚
831 3093 888 3128 fied
912 3095 1016 3130 etiarn
1042 3100 1276 3141 consumptos,
1335 3098 1383 3132 ris
1396 3095 1507 3139 Iustis.
1522 3099 1561 3132 de
1574 3096 1658 3140 offic.
1674 3097 1744 3139 jud,
1767 3100 1795 3141 §.
1813 3109 1843 3130 2.
