2548 3483
518 81 650 133 ET
730 75 1911 134 SENATUSCONSULTIS.

2212 99 2317 153 349

191 167 322 202 tumat
349 188 360 209 ‚
403 155 447 198 δί
478 154 632 208 Ulpius
661 152 868 204 Traianus
901 184 911 204 ,
957 151 1136 208 itemque
1171 153 1227 194 A·
1280 152 1442 197 Contra
1473 154 1498 196 fi
1530 152 1656 206 Cajus
1687 169 1840 203 merces
1871 156 2112 212 projecerit,
2143 172 2230 214 quae
2253 176 2319 201 va-

136 256 142 261 .
189 215 353 258 drianus
374 244 386 265 ,
419 212 488 255 sub
511 227 593 267 quo
617 212 656 253 S.
678 211 731 253 C.
765 225 815 253 ne
842 208 996 253 milites
1019 240 1031 262 ,
1060 221 1129 252 aut
1151 209 1231 264 pri·

191 271 295 315 vatis
317 301 330 324 ‚
361 281 430 312 aut
457 268 589 312 servus
608 299 621 320 ,
665 266 880 310 libertusve
906 265 1106 322 Principis
1131 281 1228 309 nau·

190 326 330 384 fragiis
353 324 592 381 colligendis
616 324 910 368 interveniret:
946 339 996 368 ne
1020 339 1091 380 pro
1116 323 1231 367 auxi-

187 384 246 428 lio
262 415 275 439 ,
305 385 506 428 damnum
532 381 715 434 potentia
738 381 782 424 δε
807 381 1024 436 rapacitate
1044 381 1108 425 sua
1128 397 1228 425 nau-

189 442 318 499 fragis
343 439 548 484 adferrent
579 470 588 481 .
639 439 797 493 Quibus
829 439 993 483 tandem
1020 439 1065 482 &
1092 437 1231 482 Severi

188 499 349 544 accessit
373 496 592 541 auetoritas
611 527 621 538 .
667 496 795 538 Poffet
819 496 908 552 quis
934 495 1078 540 referre
1105 495 1148 538 in
1174 495 1230 538 le-

190 571 263 613 ges
308 553 490 598 Rhodias
531 565 652 609 caput
686 551 789 596 illud
822 554 926 607 apud
948 554 1230 617 Ciceronem,

187 612 295 670 quod
339 623 480 655 tamen
523 627 618 655 cum
661 609 947 654 eruditioribus
976 610 1232 655 declamandi

187 669 304 714 causa
334 669 558 713 confi&um
589 667 768 724 putarim
798 667 845 710 de
877 684 990 712 more
1021 685 1044 711 a
1073 667 1230 712 Rheto-

189 727 299 770 ribus
317 757 329 780 ,
362 742 509 781 nempe
529 759 540 779 ‚
571 738 614 768 ut
633 724 668 779 fi
691 742 771 779 qua
791 723 951 778 rostrata
972 727 1118 778 navis,
1151 742 1233 781 quae

189 782 242 839 cst
265 784 386 826 navis
409 784 601 826 militaris
627 815 640 837 ,
683 784 726 825 in
745 794 861 838 portu
886 783 1120 837 deprehensa
1137 782 1231 848 fif)

182 842 408 898 publicetur
431 873 440 882 .
471 841 556 894 [a]
586 842 650 883 Ex
674 839 865 883 omnibus
897 853 1033 882 autem
1058 840 1232 883 Rhodus

188 899 347 955 legibus
362 929 376 952 ,
409 897 528 950 hujus
551 897 599 940 ad
626 912 698 940 nos
721 896 864 951 capitis
889 896 1050 953 integra
1073 897 1230 940 senten-

190 956 248 999 tia
276 955 461 1011 pervenit
492 987 505 1009 ,
537 971 619 1011 quo
651 954 921 1007 continetur,
956 968 999 998 ut
1032 954 1057 997 s1
1090 966 1233 998 vento-

189 1028 284 1056 rum
318 1012 393 1067 vi,
426 1024 496 1056 aut
528 1012 726 1056 imbribus
758 1012 970 1066 tempestas
1000 1012 1230 1076 cooriatur,

192 1071 299 1114 unde
332 1069 448 1113 navis
474 1070 518 1113 in
542 1070 722 1126 periculo
743 1069 919 1113 versetur
938 1101 950 1123 ‚
982 1085 1061 1125 quo
1083 1083 1127 1113 ut
1146 1085 1230 1113 exi-

192 1140 330 1171 matur
361 1139 547 1184 oporteat
577 1143 668 1171 eam
703 1127 836 1170 levare
868 1124 881 1180 ,¹
930 1140 1050 1189 atque
1082 1126 1232 1178 jairum

191 1185 398 1228 mercium
429 1200 682 1229 exonerare:
727 1183 929 1228 mercium
962 1184 1230 1239 proief’tarurn

190 1242 362 1286 domino
393 1242 593 1286 damnum
626 1241 726 1286 illud
758 1259 780 1285 a
810 1241 995 1285 dominis
1028 1241 1231 1287 mercium

191 1299 523 1344 conservatarum
557 1316 628 1355 pro
661 1312 746 1342 rata
775 1299 970 1342 omnium
1002 1330 1014 1351 ‚
1058 1298 1231 1353 ipsomet

190 1356 317 1400 etiam
351 1369 473 1400 nauta
506 1357 793 1401 contr-ibuente
817 1388 829 1409 ,
864 1356 1078 1399 sarciatur:
1114 1356 1230 1411 siqui-

191 1412 285 1456 dem
318 1429 386 1467 per
417 1430 506 1457 eam
530 1414 725 1464 jaeturam
747 1413 863 1456 navis
884 1413 1108 1468 periculum
1129 1425 1232 1455 tern-

191 1469 352 1525 pestatis
396 1471 563 1514 evaserit
595 1488 604 1511 :
658 1487 755 1513 nam
789 1471 815 1513 si
849 1470 1013 1525 perierit
1037 1502 1049 1522 ,
1094 1470 1231 1513 nullus

190 1525 407 1569 collationi
436 1527 628 1581 supererit
659 1527 769 1570 locus
796 1543 807 1580 3
851 1543 947 1570 curn
979 1527 1044 1576 vel
1078 1543 1230 1571 merces

190 1598 336 1626 omnes
368 1583 555 1626 demersae
588 1584 701 1637 sint,
752 1584 816 1626 vel
852 1584 877 1625 fi
911 1600 996 1636 quae
1029 1585 1230 1639 recipian-

191 1652 259 1683 tur
285 1671 296 1693 ,
341 1656 363 1683 a
397 1640 498 1684 sorte
523 1672 536 1693 ‚
586 1653 655 1684 aut
687 1658 709 1684 a
741 1640 1007 1684 dominorum
1039 1641 1229 1684 industria

190 1698 352 1741 servatae
387 1711 611 1753 putentur.
645 1699 733 1749 (b)
767 1700 816 1740 In
850 1699 1051 1742 rationem
1086 1711 1224 1742 autem

185 1756 504 1798 contributionis
548 1756 662 1800 venit
704 1756 829 1799 etiam
878 1758 1010 1810 portio
1052 1756 1228 1809 ipsarum

185 1812 391 1855 mercium
425 1811 619 1863 jaetamm
643 1830 651 1854 ε
687 1825 731 1856 ut
760 1829 901 1856 earum
925 1813 1116 1856 dominus
1138 1826 1225 1856 tan-

188 1880 232 1911 to
267 1869 406 1912 minus
436 1886 458 1911 a
490 1871 633 1914 ceteris
663 1871 801 1925 exigat
821 1902 833 1924 ‚
864 1883 1019 1926 quanto
1052 1886 1124 1924 pro
1144 1884 1227 1913 rata

186 1924 385 1977 jae’carum
418 1941 611 1970 oneratur
643 1928 846 1972 mercium
876 1960 884 1970 .
935 1930 952 1980 (
978 1930 1038 1978 c)
1071 1929 1226 1981 Quam-

185 1983 327 2026 obrem
374 1983 402 2025 si
443 1985 521 2027 duo
565 1983 710 2040 singuli
753 1998 921 2029 centum
953 1985 1150 2028 haberent
1183 1984 1226 2028 in

187 2039 390 2084 mercibus
423 2056 435 2093 3
478 2040 602 2092 Caius
634 2042 829 2093 ja&arum
861 2043 1062 2086 mercium
1094 2041 1225 2086 domi-

186 2112 263 2140 nus
295 2097 554 2151 ducentum,
586 2098 710 2150 Caius
740 2101 891 2143 amissis
922 2099 1124 2143 mercibus
1155 2117 1225 2143 au-

185 2153 287 2197 feret
318 2170 340 2196 a
375 2155 539 2200 {inaniis
570 2157 871 2213 quinquaginta
894 2190 905 2211 ,
937 2158 980 2201 δε
1011 2157 1225 2213 naufragio

183 2213 349 2254 amittet
403 2211 528 2256 altera
570 2227 774 2256 centum:
827 2215 1026 2271 quoniam
1059 2228 1226 2258 tantun-

183 2269 275 2315 dem
310 2267 380 2311 ille
407 2269 577 2313 habebat
601 2271 643 2313 in
665 2273 865 2315 mercibus
886 2274 1035 2317 amissis
1053 2305 1064 2326 ,
1097 2289 1218 2331 quan-

186 2331 274 2368 tum
309 2325 371 2368 illi
404 2327 483 2369 duo
515 2329 558 2369 in
593 2328 758 2372 servatis
779 2339 796 2373 .”
833 2331 955 2374 Unde
988 2332 1101 2375 sicuti
1136 2347 1224 2388 por-

184 2383 244 2425 tio
275 2382 367 2433 Caji
408 2414 420 2435 ,
464 2400 550 2437 quae
581 2398 668 2429 erat
698 2387 921 2432 ducentum
961 2422 972 2443 ,
1019 2391 1223 2445 superabat

183 2438 421 2494 portionem
453 2440 707 2496 singulorum
730 2476 741 2497 ,
786 2461 873 2502 quae
904 2459 988 2489 erat
1020 2460 1186 2497 centum

183 2497 325 2559 eadem
371 2500 633 2552 proportione
677 2502 759 2555 post
799 2503 1060 2560 naufragium
1093 2508 1223 2560 portio

181 2555 276 2606 Caii
307 2586 319 2608 ,
364 2570 454 2610 quae
494 2557 547 2599 est
579 2572 748 2601 centurn
774 2592 786 2613 ‚
839 2560 1037 2615 superabit
1074 2564 1219 2617 portio>

180 2626 278 2655 nem
315 2611 565 2667 singulorum
588 2647 600 2668 ,
631 2632 718 2671 quae
749 2618 801 2659 est
822 2619 1145 2677 quinquaginta,
1180 2635 1221 2664 ut

181 2681 267 2711 tam
286 2683 397 2711 ‘ante
426 2702 440 2722 ,.
470 2687 591 2726 quam
629 2674 711 2728 post
744 2675 1000 2732 naufragium
1024 2690 1049 2732 ‚‘
1088 2678 1220 2732 portio

180 2725 276 2778 Caii
307 2727 481 2771 dimidio
514 2730 664 2785 superet
696 2733 930 2787 portionem
952 2734 1220 2793 singulorum·

230 2896 289 2935 (a)
321 2897 438 2933 Cicgro
454 2898 490 2928 de
506 2899 632 2933 ,ἱππ-κα.
995 2876 1008 2883 .-

230 2940 287 2979 (ύἾ
317 2941 380 2972 Lib
419 2950 456 2979 715
489 2944 619 2984 Bssslic.
643 2948 690 2978 tit
718 2952 746 2981 8.
765 2949 786 2980 Ῑ.
808 2959 830 2979 ι,
850 2947 887 2993 ff
904 2951 973 2983 del.
999 2951 1157 2985 Rbod.da
1170 2950 1217 2990 ia·

186 2982 248 3016 e't'u.
269 2986 369 3017 Pauli.
389 2986 441 3017 ls'ls.
463 2998 481 3019 2
513 2990 589 3025 [ἕναἴ
611 2992 665 3022 tir,
685 3005 703 3029 7
737 2993 842 3033 infin.

230 3030 285 3068 (c)
314 3033 349 3061 L.
370 3042 395 3060 2<
418 3033 444 3071 ἕ,
464 3034 567 3073 portin
585 3045 615 3070 4.
634 3034 669 3074 ff.
686 3037 722 3067 de
736 3040 759 3069 l.
776 3040 875 3071 Rhodi
897 3040 935 3072 de
949 3040 1047 3079 jam.

230 3073 292 3112 (d)
317 3073 427 3109 cujac.
458 3079 499 3108 ad
528 3081 550 3108 ί·
571 3090 598 3117 3v
619 3079 654 3114 a·
673 3082 707 3112 de
721 3084 745 3115 Ιἐ
765 3084 867 3120 Rhod-
884 3085 923 3119 de
934 3084 1092 3130 jaffissve
1102 3089 1147 3124 ad
1158 3086 1217 3123 lib.

187 3129 236 3159 19.
254 3120 331 3159 resp.
354 3121 471 3152 Papia.

227 3164 280 3203 (ι)
308 3166 345 3196 L,
362 3175 391 3195 2.
408 3165 436 3206 ᾗ,
451 3167 611 3213 portioff.
632 3170 699 3206 eod.

1210 2895 1236 2909 ‚50-

1281 209 1412 254 lerent
1442 210 1744 271 quinquaginta
1778 228 1788 254 t
1835 228 1937 256 unus
1968 228 2106 259 autem
2127 247 2140 269 ‚
2185 216 2229 259 &
2260 217 2320 259 al-

1282 279 1341 311 ter
1375 268 1572 312 servarint
1607 269 1787 325 proprias
1818 269 2006 327 cujusque
2029 284 2197 317 centum
2218 274 2319 318 aesti-

1281 336 1410 369 matas
1440 356 1454 380 ,
1484 325 1611 378 Caius
1640 327 1840 372 damnum
1871 330 2044 384 accipiet
2073 329 2120 373 in
2150 331 2320 386 decem3

1279 382 1358 427 duo
1404 399 1506 428 vero
1548 384 1613 429 illi
1658 384 1833 441 duplum
1873 387 2040 444 quisque
2085 389 2322 434 contribuet

1279 455 1353 495 pro
1385 440 1551 497 singulis
1584 473 1597 495 ,
1640 458 1788 499 nempe
1820 444 1968 499 viginti
1996 476 2009 499 ,
2044 456 2087 488 ut
2117 462 2195 501 qua
2229 463 2321 500 pro-

1280 497 1470 552 portione
1515 499 1818 556 quinquaginta
1849 500 1923 545 illa
1955 502 2075 546 unius
2106 503 2320 559 respon-de-¹

1279 555 1378 598 bant
1411 556 1663 612 singulorum
1696 558 1880 603 centenis
1917 576 1927 602 ε
1978 559 2120 605 eadern
2163 562 2322 607 ratione

1278 612 1547 669 quadraginta
1578 613 1753 665 ejusdem
1781 616 2048 672 respondeant
2067 617 2322 673 singulorum

1278 669 1489 725 o&ogenis
1520 703 1529 714 .
1575 673 1626 713 In
1670 688 1747 727 qua
1779 675 1936 718 ratione
1970 674 2220 719 subducenda
2250 693 2324 721 ve-

1280 728 1404 772 niunt
1442 728 1569 772 etiarn
1611 729 1809 773 animalia
1851 732 1895 776 ὃς
1939 732 2039 776 servi
2081 749 2104 776 a
2136 733 2320 789 periculo

1281 785 1439 830 liberati
1467 785 1512 829 ἃ
1542 802 1718 842 gemmae
1748 788 1912 833 servatae
1933 820 1946 843 ‚
1989 805 2075 833 non
2117 791 2212 847 quia
2238 806 2322 836 na-

1280 843 1368 887 vim
1399 856 1571 888 onerent
1606 876 1618 897 ,
1664 844 1724 888 sed
1755 846 1860 901 quod
1893 847 2027 891 aliena
2057 846 2210 900 ja&ura
2244 849 2322 893 sal-
2360 881 2364 884 <

1279 916 1339 944 vae
1371 900 1523 945 fuerint
1544 934 1553 944 .
1585 904 1729 945 Homo
1761 914 1902 948 tamen
1934 903 2036 949 liber
2067 905 2242 950 servatus
2273 906 2324 951 in

1281 958 1486 1003 rationem
1519 959 1837 1004 contributionis
1868 977 1953 1005 non
1985 964 2124 1006 veniet
2156 981 2166 1005 :
2218 980 2320 1011 cum.

1281 1015 1396 1061 nullo
1447 1017 1577 1072 pretio
1621 1017 1704 1060 vita
1748 1017 1864 1063 liberi
1898 1019 2081 1064 hominis
2112 1022 2320 1077 expenda-

1281 1087 1346 1117 tur
1377 1107 1386 1117 .
1429 1076 1498 1127 (d
1527 1077 1543 1127 )
1575 1078 1657 1118 Res
1688 1087 1826 1120 autem
1858 1108 1869 1131 ,
1919 1093 2094 1134 quarum
2145 1081 2320 1124 nomine

1280 1131 1573 1177 conferendum
1605 1133 1658 1176 est
1690 1165 1703 1187 ,
1752 1148 1839 1178 non
1879 1136 2022 1191 quanti
2066 1148 2187 1180 emtae
2231 1137 2321 1182 fue-

1280 1188 1363 1232 rint
1387 1221 1399 1244 ,
1424 1189 1495 1233 ‘sed
1525 1191 1668 1246 quanti
1702 1191 1845 1246 venire
1876 1194 2025 1247 possint
2057 1226 2069 1248 ,
2110 1194 2323 1252 ‚aestiman-

1281 1259 1344 1290 tur
1376 1277 1389 1301 ,
1439 1248 1522 1300 (e)
1566 1248 1609 1291 ὃ(
1652 1248 1678 1291 fi
1709 1249 1944 1305 adspergine
1975 1250 2191 1295 deteriores
2221 1268 2318 1297 eva-

1280 1304 1402 1347 serint
1429 1336 1440 1357 ,
1482 1318 1636 1360 quanto
1667 1305 1840 1350 minoris
1871 1308 1923 1351 ob
1956 1308 1993 1351 id
2025 1309 2276 1354 aestimantur
2298 1342 2313 1365 ‚

1278 1374 1396 1404 tanto
1438 1363 1576 1405 minus
1618 1363 1661 1405 in
1695 1365 2000 1409 contributione
2032 1368 2273 1422 praestabunt
2303 1398 2318 1421 ,

1279 1432 1331 1473 ut
1365 1418 1392 1461 fi
1436 1420 1546 1474 prius
1578 1419 1727 1476 viginti
1762 1434 2003 1476 putarentur
2041 1455 2053 1475 ,
2102 1425 2233 1479 postea
2265 1425 2319 1471 ob‘

1278 1475 1560 1531 adsperginern
1610 1477 1750 1521 decem
1795 1480 1957 1523 valeant
1987 1512 2001 1534 ,
2032 1480 2222 1524 dominus
2252 1498 2320 1525 ea-

1280 1549 1370 1577 rum
1405 1550 1475 1589 pro
1506 1534 1645 1578 decem
1678 1534 1724 1578 sit
1755 1536 1978 1580 collaturus
2015 1569 2025 1580 .
2074 1537 2175 1592 [f]
2227 1540 2318 1584 Nec

1280 1590 1408 1635 solum
1442 1591 1696 1635 contributio
1729 1592 1865 1638 locum
1900 1595 2102 1648 habebit,
2149 1596 2177 1639 fi
2209 1612 2320 1641 mer·

1279 1665 1341 1692 ces
1370 1664 1391 1692 e
1424 1649 1518 1692 navi
1551 1648 1783 1704 jaciantur3
1818 1652 1879 1695 sed
1910 1652 2035 1695 etiam
2069 1652 2096 1695 si
2118 1669 2197 1697 una
2217 1670 2313 1699 cum

1280 1707 1420 1760 scapha
1448 1738 1460 1759 ,
1504 1705 1551 1749 in
1582 1723 1660 1763 qua
1691 1708 1877 1763 depositae
1908 1709 2070 1753 fuerant
2098 1742 2110 1764 ,
2158 1712 2315 1755 demer-

1276 1767 1423 1819 gantur
1452 1796 1461 1806 .
1511 1763 1594 1820 [g)
1628 1767 1752 1808 Nave
1794 1779 1932 1811 autem
1979 1766 2169 1822 perdita,
2211 1785 2312 1813 con-

1278 1822 1438 1865 servatae
1486 1836 1582 1865 curn
1630 1823 1833 1867 mercibus
1881 1824 2034 1879 scaphae
2079 1825 2193 1869 nulla
2244 1843 2308 1870 ra-

1276 1878 1333 1921 tio
1388 1878 1649 1934 habebitur3
1698 1880 1795 1936 quia
1847 1881 2114 1939 naufragium
2156 1882 2313 1928 fanum

1274 1935 1327 1979 est
1358 1967 1370 1988 ‚
1423 1936 1529 1987 (h)
1570 1952 1655 1980 non
1696 1937 1846 1990 jastura
1872 1971 1881 1982 .
1925 1941 2126 1995 Quamvis
2167 1954 2307 1985 autern

1273 1991 1381 2036 fauo
1413 1992 1626 2050 naufragio
1658 1996 1910 2041 contributio
1942 1997 2083 2051 cesset,
2117 1998 2143 2041 si
2168 2012 2310 2042 tamen

1273 2066 1319 2093 ea
1365 2050 1482 2093 navis
1514 2083 1527 2105 ,
1577 2066 1666 2108 quae
1716 2052 1866 2103 jaerura
1909 2054 2113 2099 mercium
2157 2056 2312 2100 servata

1273 2120 1356 2151 erat
1381 2140 1393 2160 ,
1436 2107 1519 2151 alio
1562 2108 1652 2152 loco
1686 2109 1882 2153 submersa
1914 2110 2040 2156 fuerit
2071 2144 2083 2166 ,
2126 2112 2170 2156 δ(
2202 2128 2311 2157 mer-

1275 2181 1337 2208 ces
1370 2181 1441 2219 per
1473 2165 1698 2209 urinatores
1728 2168 2028 2213 extrahantur:
2062 2185 2203 2214 earum
2236 2171 2308 2215 do-

1275 2222 1380 2266 mini
1423 2222 1605 2267 conferre
1645 2224 1793 2269 debent
1832 2228 1906 2279 ei,
1950 2226 2061 2279 cujus
2103 2228 2309 2273 bonorum

1275 2280 1378 2330 iaetu
1423 2281 1539 2324 navis
1587 2282 1762 2337 superius
1812 2284 2038 2339 periculum
2088 2286 2258 2330 evaserit
2289 2303 2306 2327 .-

1275 2339 1367 2394 quia
1411 2339 1484 2382 nisi
1528 2356 1573 2383 ea
1615 2341 1814 2385 mercium
1847 2341 1995 2394 jactura
2027 2343 2142 2387 navis
2176 2343 2309 2389 levata

1274 2398 1408 2449 esset,
1441 2414 1592 2442 merces
1616 2431 1627 2452 ,
1660 2415 1747 2455 quae
1781 2401 1910 2455 postea
1941 2401 2214 2445 extrahuntur
2238 2434 2250 2455 ,
2283 2418 2305 2446 e

1278 2454 1488 2509 naufragio
1521 2455 1677 2500 fortasse
1710 2473 1794 2500 non
1832 2457 2106 2513 superfuissent
2145 2491 2155 2502 .
2205 2462 2222 2512 (
2249 2461 2307 2511 i)

1277 2512 1314 2554 Si
1360 2526 1498 2556 autem
1531 2515 1682 2567 arbor,
1724 2527 1793 2558 aut
1836 2516 1944 2559 aliud
1987 2517 2308 2562 instrumentum

1281 2570 1455 2612 levandae
1498 2570 1614 2614 navis
1656 2572 1771 2615 causa
1813 2571 1963 2623 janum
1995 2573 2118 2618 fuerit
2149 2591 2171 2618 a
2205 2591 2308 2619 nau-

1277 2642 1313 2669 ta
1341 2643 1353 2680 3
1386 2627 1502 2678 hujus
1531 2644 1689 2685 quoque
1721 2629 1919 2674 damnum
1940 2664 1951 2684 ,
1987 2632 2151 2687 perinde
2182 2650 2229 2677 ac
2248 2633 2306 2685 ja-

1274 2685 1428 2728 &arum
1459 2686 1661 2729 mercium
1695 2689 1999 2732 contributione
2025 2691 2220 2735 omnium
2243 2706 2318 2745 re-¹

1272 2742 1432 2785 ficietur
1453 2775 1462 2785 .
1494 2745 1512 2793 ζ
1536 2743 1578 2794 k)
1601 2745 1798 2789 Ceterum
1825 2746 1852 2789 fi
1879 2746 1994 2790 nullo
2018 2749 2202 2804 periculo
2231 2765 2306 2792 na-

2214 2823 2309 2850 vem

1796 2883 2305 2898 —.—---=-2-=.-=—-—-—0—-—

1315 2911 1394 2954 (f)
1420 2914 1456 2943 L.
1473 2912 1573 2946 navis
1586 2925 1617 2951 4.
1636 2916 1663 2957 5.
1681 2925 1751 2948 cum
1764 2926 1873 2949 aurem
1890 2927 1919 2949 2.
1935 2916 1974 2960 ff
1994 2919 2062 2950 eod.

1315 2958 1400 2999 (g)
1425 2956 1556 3000 D.l.ff
1573 2961 1637 2990 eod.

1316 3003 1374 3041 (h)
1400 3006 1444 3034 D.
1463 3005 1485 3033 l.
1502 3013 1533 3041 4.
1552 3005 1608 3035 eod
1635 3007 1743 3037 Paull,
1760 3006 1844 3045 sent,
1861 3017 1890 3037 2.
1910 3006 1967 3038 tie·
1982 3018 2015 3047 7.

1316 3047 1393 3098 (¹1¹)
1419 3052 1462 3079 D.
1478 3049 1501 3079 1.
1517 3058 1548 3086 4.
1568 3050 1594 3091 §.
1607 3049 1701 3090 sbdfi
1714 3051 1813 3082 navis
1827 3073 1834 3081 .
1852 3048 1962 3087 cujac.
1978 3052 2021 3083 ad
2037 3053 2239 3093 Panthsent·
2254 3055 2302 3086 lo·

1270 3100 1303 3217 εἴ
1317 3101 1422 3225 Ε’Ξέο
1431 3115 1602 3215 ὲὲἰενηίῇα
1617 3139 1646 3181 §.
1665 3147 1694 3177 5.
1725 3139 1761 3170 in
1770 3137 1830 3180 fin.
1848 3138 1888 3182 ff.
1901 3140 1939 3172 de
1953 3142 2016 3183 leg.
2034 3141 2136 3175 Rhod.
2152 3142 2190 3175 de
2203 3141 2304 3182 iniqu,

1291 3202 1298 3213 ι
1319 3190 1348 3221 3·
1383 3201 1403 3213 ὀ
1422 3192 1454 3215 30
1482 3205 1490 3213 ο
1512 3198 1520 3210 s

1494 2878 1681 2892 --¹·——---
