2596 3479
641 61 759 129 §DE

404 136 445 180 C
504 135 547 179 A
609 135 639 179 P
701 139 741 179 U
806 139 846 180 T
962 137 1115 182 XVII.

416 225 483 269 De
506 223 537 277 J
540 239 605 267 ure
634 224 841 279 Sapientis
870 224 913 266 in
931 235 1071 268 ceteros
1089 255 1101 267 .

232 311 610 438 QUamobrem
646 309 843 366 sapientes
871 342 885 365 ‚
926 312 997 367 qui
1044 311 1154 356 suam
1178 345 1191 368 ,
1232 312 1277 356 &

377 370 552 415 aliorum
575 381 726 412 norunt
753 383 893 424 pacare
913 366 1137 424 feritatem,
1156 388 1178 415 a
1197 387 1276 428 qua

386 429 590 472 rationem
630 441 706 468 urae
730 426 874 470 ceteris
914 425 976 470 illi
1018 427 1169 472 habent
1203 444 1276 472 ex-

231 487 410 544 peditam
437 518 450 541 ,
492 486 559 529 suo
601 484 671 527 fibi
714 484 884 527 consilio
916 486 1108 540 regendos
1154 486 1273 529 susce·

231 558 379 602 perunt
409 558 477 588 eos
503 575 516 596 ,
546 541 616 599 qui
661 542 850 586 animum
887 543 1190 597 quodammodo
1232 543 1274 585 in

231 603 421 658 potestate
460 615 547 645 non
576 611 721 644 tenent
750 631 762 654 ,
806 600 954 656 quique
996 602 1128 657 magis
1177 600 1272 643 alie-

229 675 376 703 narum
407 674 568 713 opum,
611 673 736 712 quam
782 657 954 713 propriae
997 658 1275 713 tranquillita-

228 718 278 761 tis
321 715 513 760 defiderio
555 714 772 770 capiuntur
808 746 821 769 ,
872 715 915 758 ὃς
969 731 992 758 a
1040 715 1273 769 cupiditati-

233 82 338 119 120

227 774 299 818 bus
352 773 396 818 δι
451 770 730 827 voluptatibus
761 773 961 837 ,nquibus
1002 772 1220 828 indulgent
1261 796 1294 826 ,-

228 832 296 876 suo
329 863 342 884 ,
382 830 427 875 ὃς
467 830 644 874 aliorum
693 829 945 873 detrimento
992 829 1036 872 in
1087 830 1272 873 maxima

223 888 404 945 pericula
435 887 716 939 coniiciuntur
746 919 754 929 .
791 884 1004 942 Quoniam
1038 887 1165 942 igitur
1198 887 1268 931 usu

227 958 488 1001 compertum
531 944 609 988 fuit
640 976 652 997 ‚
701 943 744 987 ὃ(
798 944 957 987 ratione
1014 944 1228 1000 praevilum
1260 975 1272 999 ,

226 1004 417 1047 homines
443 1035 456 1056 ‚
500 1002 527 1045 fi
560 1000 726 1057 quisque
772 1001 841 1043 sibi
883 1001 992 1057 quod
1037 1001 1228 1056 cupiebat
1259 1033 1272 1056 ‚

225 1061 481 1112 auferrent,
536 1060 689 1101 mutuis
745 1058 917 1102 credibus
971 1059 1210 1104 interituros
1259 1075 1269 1100 z

220 1129 432 1175 propterea
467 1115 660 1171 sapientia
694 1148 706 1168 ,
750 1115 829 1159 five
861 1115 997 1160 adulta
1049 1117 1153 1160 ratio
1206 1116 1271 1160 sua

226 1174 370 1231 cuique
416 1189 552 1217 rerum
597 1174 782 1229 portione
829 1174 979 1217 tributa
1012 1205 1025 1227 ‚
1070 1189 1137 1218 eos
1169 1189 1270 1219 con-

222 1232 349 1275 traxit
382 1231 427 1274 in
463 1230 680 1275 civitatem
707 1264 719 1285 ‚
756 1231 971 1287 adegitque
1006 1232 1053 1274 ad
1083 1244 1272 1275 mutuam

226 1288 583 1342 commodorum,
635 1288 679 1331 ἃ·
724 1288 1088 1332 incommodorum
1147 1289 1272 1345 parti-

225 1346 478 1400 cipationem
513 1376 524 1398 ,
571 1345 763 1401 exemplo
797 1346 1051 1399 privatarum
1103 1347 1271 1390 societa-

225 1416 313 1446 tum
346 1418 355 1442 z
392 1400 495 1445 nihil
546 1402 599 1444 est
629 1403 743 1445 enim
778 1403 887 1445 aliud
922 1405 1065 1447 civitas
1091 1437 1102 1458 ,
1147 1420 1269 1460 quam

225 1459 389 1516 publica
438 1458 667 1502 multorum
712 1460 760 1502 ad
795 1476 1062 1504 communem
1115 1462 1272 1504 utilita-

223 1530 307 1560 tem
335 1548 346 1570 ,
394 1533 440 1560 ac
483 1517 575 1558 vitae
609 1518 888 1573 bonorumque
925 1531 1109 1561 tutamen
1161 1519 1283 1561 insti--

225 1586 312 1618 tuta
360 1573 522 1617 societas
567 1605 579 1627 ,
619 1589 708 1628 quae
757 1575 957 1629 perpetuis
1014 1575 1268 1630 publicarum

226 1631 463 1687 pactionum
504 1630 681 1673 vinculis
715 1664 727 1685 ,
773 1647 922 1687 nempe
974 1632 1130 1689 legibus
1172 1649 1272 1676 con-

225 1690 380 1731 tinetur
417 1720 426 1729 .
471 1688 628 1742 Quibus
661 1689 870 1733 firmandis
898 1722 910 1743 ,
954 1702 1074 1746 atque
1124 1691 1270 1734 consti-

224 1746 385 1789 tuendis
433 1745 542 1788 suam
597 1746 760 1801 quisque
814 1746 1071 1791 voluntatem
1116 1748 1268 1790 contri-

222 1804 394 1856 buunt,
442 1802 700 1858 propriasque
733 1804 777 1846 in
823 1804 1006 1848 medium
1051 1804 1270 1848 conferunt

219 1875 296 1916 pro
338 1859 552 1902 communi
586 1859 798 1904 securitate
848 1862 951 1905 vires
984 1894 993 1904 .
1037 1864 1173 1918 Atque
1209 1861 1269 1904 his

219 1933 242 1961 e
290 1915 573 1960 voluntatibus
619 1917 662 1960 &
706 1918 858 1961 viribus
903 1919 944 1961 in
993 1935 1124 1962 unum
1174 1935 1269 1963 con-

222 1973 441 2017 fluentibus
478 2005 489 2027 ,
546 1974 705 2029 publica
765 1975 955 2019 voluntas
1003 1977 1204 2019 conflatur
1258 2009 1269 2029 ,

221 2032 457 2087 summaque
502 2031 712 2086 potestas:
765 2049 934 2089 quarum
985 2033 1111 2077 altera
1164 2033 1270 2077 dicia

218 2088 282 2132 lex
320 2089 373 2131 est
398 2120 411 2142 ,
462 2087 540 2132 sive
577 2093 811 2134 communis
856 2091 958 2134 ratio
991 2122 1002 2141 ,
1037 2090 1100 2134 vel
1134 2090 1270 2135 civilis

220 2145 413 2201 sapientia
443 2177 454 2198 ,
495 2146 538 2189 &
582 2146 743 2201 publica
790 2147 1088 2203 philosophia:
1143 2148 1270 2192 altera

217 2202 439 2256 imperium
474 2202 607 2256 ‚⁴five
651 2204 710 2247 vis
737 2236 747 2255 ,
800 2205 843 2248 &
887 2206 1055 2259 potestas
1099 2205 1270 2249 univer-

217 2263 350 2303 sorum
386 2276 395 2299 :
447 2275 571 2314 eaque
611 2276 693 2304 non
735 2261 977 2317 sapientibus
1012 2295 1024 2315 ‚
1070 2262 1131 2305 sua
1179 2263 1259 2320 qui-

216 2318 288 2361 bus
331 2315 435 2359 ratio
486 2315 549 2360 lex
581 2318 637 2360 est
665 2350 676 2371 ,
723 2318 1019 2372 &imperium
1054 2351 1067 2373 ,
1116 2319 1179 2362 sed
1223 2320 1271 2363 iis

220 2375 314 2418 sunt
347 2374 472 2429 posita
505 2375 738 2419 coercendis
767 2408 779 2429 ,
810 2377 857 2419 ad
899 2392 1075 2432 quorum
1106 2377 1269 2421 animos

219 2431 534 2487 componendos
566 2432 670 2475 ratio
696 2449 779 2476 non
807 2433 918 2477 valet
941 2452 956 2475 .·
990 2446 1034 2478 ut
1059 2449 1147 2489 quae
1183 2451 1266 2487 per-

218 2489 406 2535 turbatio
449 2489 614 2545 propria
657 2490 814 2534 ratione
863 2507 945 2535 non
992 2491 1227 2547 reprimitur
1256 2524 1268 2543 ‚

215 2547 408 2613 potestate
440 2578 452 2600 ‚
483 2546 526 2590 ὃ(
556 2545 719 2592 ratione
752 2548 915 2604 publica
943 2581 956 2601 ,
995 2549 1039 2593 &
1070 2548 1149 2605 alia
1184 2566 1269 2593 ma-

219 2604 298 2657 Jori
338 2604 644 2660 perturbatione
669 2637 683 2659 ‚
734 2606 879 2651 mortis
910 2606 1113 2651 nimirum
1139 2638 1151 2661 ,
1184 2623 1269 2664 poe⁶

222 2725 460 2749 h-..-.-...
690 2735 700 2741 .

262 2767 311 2805 [⁸
332 2765 351 2804 )
397 2763 577 2797 Militabat
609 2763 733 2798 Αιιᾶοτ
754 2767 858 2806 supra
885 2778 908 2799 c.
929 2769 959 2799 8.
1005 2766 1039 2799 in
1067 2768 1176 2800 castris
1212 2773 1267 2801 Ze—

221 2810 349 2848 nonis,
379 2808 418 2841 de
445 2808 606 2850 sapientis
639 2810 710 2843 vita
739 2810 893 2843 disserens
922 2812 1045 2851 beata,
1073 2812 1269 2853 sapientem-

216 2866 278 2898 que
316 2854 434 2888 omnia
482 2853 570 2887 reste
624 2852 731 2888 facere
767 2855 1013 2894 contendebat,
1052 2857 1154 2890 etiam
1195 2869 1270 2891 cum

218 2900 419 2935 lenticulam
464 2898 609 2938 condit,
651 2900 714 2933 Hic
755 2900 816 2933 sub
858 2901 959 2945 lignis
1002 2913 1124 2935 merere
1152 2903 1270 2936 maluit

216 2944 406 2982 Aristotelis
429 2966 441 2983 ,
480 2944 536 2988 qui
588 2944 705 2978 stultos
746 2945 878 2986 servos,
919 2946 1079 2989 sapientes
1112 2949 1270 2981 Dominos

215 2990 389 3035 appellare
420 2989 548 3023 solebat
567 3013 577 3022 .
619 2991 668 3024 Ex
703 2989 763 3024 hac
792 2990 882 3024 enirn
908 2990 1063 3026 servitute
1093 2992 1183 3026 ducit
1220 2992 1270 3031 jus

215 3036 375 3080 sapientis
419 3035 456 3068 in
483 3042 642 3068 ceteros.
680 3034 769 3076 Sed,
809 3044 846 3070 ut
885 3037 955 3070 fieri
986 3038 1114 3081 potest,
1142 3039 1172 3071 ἃ
1200 3039 1270 3072 fieri

215 3081 402 3121 convenit,
432 3087 469 3113 ut
500 3080 642 3123 sapienti
670 3079 838 3115 deferatur
864 3081 1067 3126 imperium,
1120 3083 1163 3116 fic
1190 3084 1270 3125 saepe

216 3126 252 3164 id
278 3127 336 3164 usu
361 3125 561 3163 destituitur
582 3147 594 3168 ,
620 3126 702 3169 vel,
740 3126 819 3172 quia
847 3137 916 3163 non
946 3128 1076 3165 constat
1092 3150 1106 3178 ,
1129 3128 1206 3175 quis
1231 3130 1272 3164 fit

815 2736 1033 2747 ——u——n—

799 61 991 134 JURE
1035 59 1450 121 NATURAH
1475 105 1493 137 ‚
1534 68 1911 127 GENTmM
1935 111 1954 144 ‚

1326 157 1553 207 parumque
1589 159 1730 201 metu,
1755 150 2034 204 compescatur
2062 180 2073 193 .
2115 150 2286 195 Etenim
2317 148 2367 194 ad

1326 214 1585 266 importunos
1623 207 1789 250 morbos
1832 206 2081 251 medicinam
2123 209 2363 252 adhibemus

1327 257 1422 314 saepe
1441 259 1661 305 tristiorem
1685 295 1698 317 ‚
1729 264 1771 307 δι
1795 265 1862 308 ubi
1884 266 2031 309 vulnus
2052 265 2246 310 fomentis
2271 279 2358 309 non

1327 314 1512 368 levatur,
1532 316 1686 364 ferrum
1708 322 1902 377 tandem,
1930 323 1973 366 δι’.
1997 325 2140 380 ignem
2168 323 2363 368 admove·

1327 375 1527 428 mus.(⁸)

1500 431 1541 474 C
1601 437 1640 477 A
1702 436 1732 479 P
1792 437 1836 479 U
1897 437 1940 479 T
2027 439 2204 482 XVIII.

1381 517 1450 560 De
1485 519 1648 576 Origine
1674 522 1869 578 Imperii,
1899 523 1954 567 (9⁴
1994 523 2311 578 Iurisdifliom's·

1448 605 1524 648 Ine
1559 620 1610 649 ex
1650 607 1805 662 placida
1834 640 1846 661 ,
1887 608 1930 652 δε
1968 609 2117 653 inermi
2153 642 2166 663 ,
2208 620 2368 654 armata

1326 715 1332 723 .
1476 662 1623 718 prodiit
1654 664 1698 707 δε
1735 665 1949 718 imperiosa
1994 667 2189 721 sapientia
2229 685 2244 708 .·
2297 682 2373 710 cu-

1323 732 1382 769 JuS
1423 717 1464 781 ui
1499 718 1661 764 libertas
1706 722 1837 764 nostra
1883 721 2056 765 minime
2100 724 2365 778 praeciditur;

1322 790 1519 831 quoniam
1573 793 1621 821 eo
1655 779 1824 833 potestas
1871 779 2013 822 extitit
2051 795 2072 822 e
2110 779 2283 824 confusis
2326 795 2375 822 ο-

1324 833 1486 877 mnium
1520 833 1707 879 viribus:
1753 837 1797 880 δι
1828 835 1894 880 lex
1932 836 2216 880 universorum
2249 852 2371 880 com-

1323 890 1441 944 plexa
1499 891 1733 938 voluntates
1771 926 1783 948 ,
1852 894 2055 938 rationem
2111 893 2365 951 singulorum

1320 947 1363 990 δι
1397 949 1633 1003 potestatem
1665 950 1708 994 in
1743 951 1778 994 se
1813 952 1994 994 conditas
2031 966 2227 1007 perpetuo
2269 966 2376 994 con-

1321 1005 1479 1048 servat.
1512 1008 1638 1050 Unde
1683 1007 1754 1064 qui
1789 1007 1874 1063 lege
1921 1008 2150 1052 involvitur
2197 1023 2282 1052 non
2325 1024 2375 1052 a·

1320 1061 1430 1106 liena
1462 1062 1540 1116 vi,
1593 1063 1653 1106 sed
1698 1064 1763 1107 sua
1815 1063 2025 1108 voluntate
2050 1097 2062 1117 ‚
2096 1065 2241 1120 suaque
2286 1066 2369 1108 im-

1321 1120 1422 1176 perii
1465 1120 1654 1176 portione
1699 1121 1950 1176 gubernatur
1976 1153 1985 1164 .
2030 1121 2235 1177 Quocirca
2276 1137 2372 1165 om-

1321 1177 1440 1221 niurn
1485 1178 1651 1222 interest
1692 1179 1828 1234 vigere
1874 1178 1982 1234 leges
2015 1210 2026 1232 ,
2072 1192 2212 1233 utpote
2256 1179 2369 1222 radi-

1319 1250 1383 1278 ces
1421 1235 1591 1290 publicae
1635 1234 1772 1280 salutis
1809 1268 1822 1290 ,
1866 1253 1946 1292 qua
1993 1236 2262 1292 unusquisque
2303 1235 2374 1279 in-

1321 1291 1474 1348 telligit
1510 1292 1715 1336 contineri
1752 1293 1863 1336 suam
1891 1325 1900 1331 -
1948 1293 2031 1335 Ubi
2064 1294 2178 1337 enim
2225 1292 2373 1336 homi-

1322 1365 1391 1392 nes
1427 1362 1712 1393 convenerunt
1755 1351 1798 1394 in
1844 1351 2058 1394 civitatem
2085 1382 2098 1402 ‚
2146 1351 2279 1405 portio
2324 1350 2371 1393 fit

1322 1406 1395 1449 suae
1451 1405 1621 1463 quisque
1677 1406 1911 1462 reipublicae
1947 1439 1958 1460 ‚
2016 1405 2127 1459 cujus
2181 1422 2371 1450 commo-

1319 1464 1416 1506 dum
1481 1463 1736 1518 privatorum
1800 1464 2046 1508 criminibus
2103 1463 2304 1507 rescissum
2354 1494 2367 1519 ‚

1319 1520 1541 1563 eorundem
1587 1521 1642 1564 est
1688 1536 1810 1576 poena
1859 1521 2111 1565 sarciendum
2162 1537 2170 1562 :
2238 1533 2283 1564 ut
2330 1535 2374 1564 e·

1321 1577 1486 1633 xemplo
1536 1576 1660 1621 alieni
1720 1577 1903 1634 supplicii
1958 1594 1982 1621 a
2041 1576 2203 1633 publica
2270 1575 2375 1621 salu·

1321 1648 1358 1678 te
1401 1667 1414 1689 ,
1471 1649 1558 1692 quae
1602 1634 1778 1690 fingulos
1816 1647 1958 1679 tuetur
1989 1667 2001 1689 ‚
2045 1650 2250 1678 novorum
2294 1633 2373 1679 cri-

1322 1692 1484 1736 minum
1522 1692 1702 1747 pericula
1746 1692 2070 1748 propulsentur.
2128 1692 2224 1736 Ideo
2267 1705 2370 1738 con-

1323 1749 1416 1793 ditis
1449 1749 1605 1804 legibus
1636 1781 1648 1803 ‚
1690 1749 1733 1792 &
1765 1750 1944 1805 imperio
2000 1749 2220 1793 constituto
2249 1779 2263 1802 ,
2312 1747 2369 1792 rei

1320 1806 1646 1849 administranda:
1701 1807 1805 1850 ratio
1858 1807 2073 1863 quaerenda
2119 1806 2240 1850 fuit:
2293 1819 2372 1849 un-

1320 1864 1365 1906 de
1410 1864 1571 1918 publica
1618 1864 1786 1918 potestas
1826 1896 1838 1918 ‚
1902 1863 1963 1906 vel
2009 1864 2051 1906 in
2099 1861 2372 1906 multitudine

1320 1920 1535 1975 constitit,
1585 1919 1650 1964 vel
1693 1921 1741 1963 ad
1772 1921 1994 1976 optimates
2044 1920 2258 1972 ascendit,
2301 1918 2369 1963 vel

1319 1978 1496 2021 consedit
1531 1978 1576 2020 in
1611 1977 1793 2033 principe
1820 2010 1833 2031 ,
1878 1978 1941 2021 vel
1981 1978 2144 2020 tributis
2181 1992 2372 2020 commu-

1321 2035 1360 2078 ni
1394 2035 1588 2078 consensu
1646 2035 1827 2089 partibus
1880 2050 1949 2089 per
1991 2034 2168 2090 singulos
2206 2033 2368 2077 ordines

1320 2093 1579 2146 permeavit.
1634 2093 1737 2148 Quae
1773 2093 1943 2147 potestas
2003 2093 2049 2135 ad
2096 2106 2367 2135 communem

1320 2149 1542 2193 utilitatem
1585 2149 1748 2204 publica
1799 2149 2012 2193 voluntate
2064 2149 2245 2192 instituta
2275 2179 2286 2199 ‚
2341 2147 2370 2190 fi

1321 2206 1490 2260 publicae
1524 2206 1658 2250 salutis
1707 2206 1992 2259 detrimento,
2035 2205 2078 2248 &
2111 2205 2366 2259 singulorum

1321 2263 1505 2316 injuria,
1553 2263 1617 2305 vel
1655 2263 1702 2305 ad
1749 2263 1899 2316 unius,
1947 2262 2010 2304 vel
2051 2262 2096 2304 ad
2144 2277 2368 2316 paucorum

1320 2320 1545 2364 utilitatem
1589 2319 1878 2376 detorqueatur
1903 2352 1914 2372 ,
1962 2319 2044 2373 ipso
2077 2317 2161 2370 jure
2205 2319 2250 2361 ad
2285 2318 2365 2373 pri-

1320 2393 1496 2422 maevum
1552 2377 1783 2420 revolvitur
1843 2377 1989 2419 statum
2022 2407 2031 2417 .
2076 2374 2198 2418 Abest
2247 2375 2367 2420 enirn

1318 2453 1339 2478 a
1387 2433 1604 2490 tyrannide
1652 2434 1865 2477 consensus
1916 2432 2199 2476 universorum
2227 2464 2239 2487 ‚
2285 2432 2367 2477 sin'e

1318 2509 1398 2550 quo
1438 2492 1603 2535 nullum
1644 2505 1780 2534 ratum
1819 2492 1872 2535 est
1906 2523 1918 2543 ,
1959 2491 2002 2533 ἃ
2045 2489 2193 2541 justum
2236 2490 2369 2546 impe-

1319 2551 1456 2594 rium.
1501 2549 1627 2592 Unde
1664 2549 1770 2606 quod
1819 2548 2040 2593 commodo
2081 2548 2236 2591 civium
2279 2546 2369 2590 fieri

1318 2609 1482 2666 possit,
1525 2605 1665 2650 licebit
1718 2607 1810 2651 sane
1856 2604 2153 2662 rempublicam
2198 2620 2221 2647 a
2260 2619 2366 2702 ἑκκ-

2286 2676 2366 2706 one

1319 2732 2366 2750 -——¹——-————,———nn-.-—-—n——-a

1319 2769 1471 2802 omnium
1517 2767 1800 2809 sapientiffimus,
1840 2767 1917 2805 vei,
1961 2763 2049 2807 quod
2092 2763 2197 2805 magis
2237 2762 2364 2804 credo,

1317 2815 1392 2856 quia
1420 2811 1522 2856 pactis
1549 2812 1673 2844 civium
1706 2810 1847 2853 imperia
1877 2810 2099 2847 tribuuntur,
2150 2820 2216 2840 non
2246 2818 2365 2851 corpo-

1319 2859 1363 2891 ris
1405 2866 1461 2891 aut
1501 2856 1605 2890 animi
1647 2855 1854 2898 praestantia,
1899 2856 1929 2888 δε
1960 2855 1994 2886 in
2027 2852 2148 2896 Regnis
2182 2854 2362 2888 successivis

1318 2904 1345 2935 is
1372 2902 1524 2936 omnium
1551 2901 1801 2944 sapientiffimus
1827 2901 1888 2934 effe
1917 2899 2088 2935 creditur,
2115 2900 2172 2942 qui
2203 2899 2363 2934 omnium

1317 2948 1444 2991 optime
1485 2947 1653 2980 institutus
1696 2947 1758 2984 fit,
1787 2947 1899 2989 quales
1928 2945 2001 2978 sun:
2033 2943 2202 2987 Principes
2245 2944 2365 2982 iuven-

1316 2994 1399 3027 tutis
1416 3016 1427 3033 ,
1454 2993 1490 3026 in
1517 2992 1641 3033 Regnis
1672 2999 1789 3026 contra
1814 2991 1964 3025 eleffivis
1997 2992 2023 3023 is
2055 2991 2206 3024 omnium
2222 2989 2360 3025 censea-

1315 3047 1371 3118 tfur
1397 3037 1660 3091 ,sapientissimus
1678 3060 1690 3080 ,
1726 3047 1828 3080 quem
1868 3036 2014 3081 plurium
2050 3037 2267 3082 probaverint
2293 3034 2360 3072 suf«

1336 3094 1455 3130 ragia-
