2596 3479
472 88 600 144 ET
680 79 1811 140 SENATUSCONSULTIS.
2151 100 2174 130 :²

2150 102 2254 151 243

142 164 424 212 testimonium
450 163 676 215 reiicietur.
708 160 782 203 Sed
805 159 899 215 quia
920 159 1021 215 legis
1049 160 1172 201 Rem-
1229 156 1416 200 Remmia
1450 153 1622 208 sumsit,
1672 167 1715 198 ut
1758 170 1802 197 ea
1835 154 1926 197 illos
1958 156 2209 212 adspergerer
2245 191 2256 210 ,

138 225 234 266 miae
281 222 413 266 verbis
463 235 548 264 non
587 210 876 261 excludebsstur
906 249 919 269 ‚
970 216 1173 271 reliquum
1230 215 1289 269 qui
1349 213 1430 268 post
1474 212 1780 255 satisdationem
1821 213 2053 255 exercendae
2097 214 2182 259 litis
2214 215 2257 259 δί

137 281 191 324 est
224 311 237 332 ,
268 293 313 323 ut
345 277 485 329 judicis
515 276 649 319 officio
682 274 802 317 fuerit
833 273 1131 317 excludendum
1163 306 1172 314 .

138 337 154 390 [
182 337 247 390 a]
280 337 347 380 Ad
378 336 484 377 hanc
515 332 649 388 legem
682 332 720 373 S.
747 333 799 374 C.
834 331 932 374 illud
966 331 1172 386 pertinet,

135 395 244 450 quod
294 391 511 436 calumniae
553 388 704 444 publici
755 387 893 439 judicii
939 389 1122 432 damnati
1157 419 1167 435 ,

137 450 241 506 apud
282 448 480 504 pedaneos
522 444 672 498 judices
716 445 909 500 postulare
954 446 1163 500 prohiben-

138 520 204 551 tur
237 537 245 548 .
288 505 407 559 Quod
438 505 477 547 S.
504 505 555 546 C.
589 502 705 545 nullo
737 504 905 546 nornine
938 502 1173 554 innotescit,

139 561 384 617 superestque
426 573 592 604 tantum
627 559 735 602 illius
768 563 927 603 mentio
959 560 1063 615 apud
1096 558 1152 600 Ul

136 620 306 676 pianum
327 650 336 661 .
370 618 454 672 [b]
486 620 549 661 Eo
580 617 619 658 S.
651 618 703 659 C.
738 615 981 671 significatur
1011 633 1060 659 ex
1085 619 1174 659 Rae-

137 676 253 718 vardi
287 676 485 719 sententia
519 706 530 728 ‚
576 673 774 728 pedaneos
817 672 966 724 judices
998 689 1082 716 non
1117 673 1170 716 so·

138 732 226 776 lum
259 731 369 776 fuisse
404 734 583 788 privatos
614 732 723 774 cives
754 747 776 773 a
811 731 979 773 Praetor-e
1012 732 1059 773 ad
1080 747 1167 773 cau>

139 789 221 832 sam
255 788 578 844 cognoscendam
609 788 721 831 datos
759 819 771 840 ,
822 802 963 829 verurn
995 787 1038 830 δι
1069 788 1154 830 ordi

136 846 298 890 nariam
348 846 567 902 aliquando
615 844 903 887 auSmritatem
935 844 983 886 ad
1014 859 1172 887 certum

137 903 346 948 causarum
378 918 505 959 genus
534 901 709 945 habuisse
729 932 742 954 ‚
792 900 850 952 jus
881 903 1058 944 dicentes
1092 916 1172 943 non

137 976 159 1004 e
194 960 286 1003 sella
317 960 448 1004 curuli
475 992 488 1013 ,
531 971 600 1003 aut
636 974 708 1013 pro
739 958 933 1001 tribunali
975 989 988 1010 ,
1041 958 1099 1000 sed
1133 958 1172 1000 in

141 1017 336 1060 subselliis
369 1049 378 1059 .
422 1018 534 1060 Cum
577 1017 689 1059 enim
738 1014 932 1069 postulare
978 1014 1083 1057 nihil
1131 1014 1176 1056 sit

142 1074 250 1116 aliud
272 1105 285 1127 ,
316 1089 439 1130 quam
472 1073 710 1116 desiderium
742 1072 856 1116 suum
888 1087 1040 1126 aperire
1074 1072 1176 1125 apud

142 1146 236 1174 eum
276 1162 289 1184 ,
332 1132 400 1186 qui
444 1129 707 1183 jiirisdiffioni
753 1129 928 1184 praeest3
969 1129 1014 1172 ὅ(
1060 1129 1174 1183 peda-

141 1203 239 1231 neos
282 1187 431 1239 judiees
472 1185 739 1238 jurisdiffloni
782 1185 973 1240 praefuisse
1014 1185 1175 1240 colligi-

143 1257 210 1288 tur
232 1276 244 1297 ,
275 1244 302 1287 si
333 1246 436 1299 apud
467 1261 534 1288 eos
565 1244 722 1298 aliqui,
754 1243 851 1286 duin
877 1259 927 1286 ne
948 1242 1173 1286 calumnia-

141 1312 250 1344 tores
295 1302 419 1344 essent
456 1334 466 1354 ‚
518 1301 771 1357 postulabant
798 1332 807 1342 .

142 1358 417 1401 mniatoribus
450 1358 697 1401 transeamus
729 1358 776 1400 ad
808 1358 1134 1412 tergiversatores
1165 1388 1176 1408 ,

143 1429 293 1468 nempe
325 1415 371 1457 ad
403 1431 470 1456 eos
494 1445 506 1467 ,
555 1416 623 1469 qui
667 1414 966 1456 accusationem
1001 1415 1178 1456 intenta-

143 1482 227 1513 tam
273 1471 494 1513 destituunt
527 1487 536 1512 τ

142 1585 240 1627 dum
283 1583 480 1634 judicium
517 1615 528 1636 ,
579 1583 782 1625 dilabente
814 1596 996 1638 tempore
1026 1600 1048 1625 a
1080 1584 1177 1637 legi-

145 1642 216 1684 bus
250 1642 449 1696 praefinito
471 1673 480 1682 .
515 1643 565 1682 In
598 1641 672 1682 hos
705 1640 828 1696 igitur
849 1673 861 1693 ,
885 1642 963 1704 ‘qui
983 1641 1178 1684 cunfitan-

1227 271 1306 327 post
1349 270 1662 326 inscriptionem
1708 269 1750 313 in
1795 269 1951 312 crimen
1984 302 1996 323 ‚
2034 286 2121 328 quae
2156 273 2258 318 sole-

1226 328 1338 371 mnia
1371 327 1458 371 sunt
1489 327 1756 371 accusationis
1790 358 1801 380 ,
1852 325 2027 371 crimine
2071 330 2259 374 nondum

1222 385 1378 428 abolito
1403 416 1414 438 ,
1447 385 1525 428 five
1558 401 1626 428 reo
1657 401 1680 428 a
1711 384 1886 429 crimine
1912 385 2097 429 nondum
2111 402 2259 431 exem-

1224 456 1264 487 to
1292 475 1304 496 ,
1351 443 1401 486 ab
1431 442 1685 485 accusatione
1717 442 1945 485 recesserint
1975 474 1986 496 ‚
2035 442 2117 486 fine
2151 445 2256 487 Prae-

1224 501 1322 543 toris
1355 499 1473 543 venia
1499 531 1512 552 ,
1563 498 1627 542 vel
1670 499 1719 542 ad
1750 498 1859 542 diem
1892 500 2158 544 contestandae
2190 501 2258 545 liti

1223 557 1488 601 constitutum
1537 555 1672 599 vocati
1724 570 1808 599 non
1856 557 2092 601 accesserint
2126 589 2139 611 ‚
2188 557 2256 602 vel

1224 614 1382 658 causam
1417 614 1473 656 ita
1507 612 1767 668 neglexerint
1789 645 1803 668 ‚
1836 626 1880 657 ut
1908 614 2018 658 inter
2050 630 2185 659 moras
2205 615 2259 659 il·

1225 673 1358 715 lorum
1408 683 1568 723 tempus
1618 670 1852 726 legitimum
1895 672 1942 714 ad
1986 688 2101 716 reum
2146 688 2259 729 pera-

1225 729 1403 782 gendum
1433 727 1638 771 effluxerit
1661 760 1670 770 .
1702 728 1792 771 Nisi
1825 741 1912 771 tam
1947 729 2028 774 sero
2060 731 2108 774 ad
2139 746 2260 775 accu-

1226 786 1390 830 sandum
1422 785 1692 838 accessissent,
1727 796 1771 828 ut
1791 785 1911 830 breve
1931 797 2117 842 tempus,
2148 787 2257 844 quod

1227 844 1425 899 supererat
1452 874 1464 895 ‚
1508 842 1620 886 nulla
1668 842 1732 886 sua
1763 842 1884 897 culpa
1916 845 2153 899 praeterierit
2184 860 2260 889 an-

1225 915 1262 945 te
1294 901 1490 953 judicium
1520 900 1750 944 absolutum
1775 930 1785 942 .
1829 901 1944 946 Tum
1987 901 2103 945 enim
2136 901 2257 946 nullo

1227 958 1291 1001 sno
1323 958 1417 1001 dolo
1437 989 1449 1010 ,
1483 957 1542 1000 sed
1577 957 1663 1013 lege
1695 969 1858 1001 tanturn
1889 958 1939 1000 ab
1961 958 2144 1003 ulteriori
2165 974 2259 1015 pro-

1226 1015 1426 1059 secutione
1458 1014 1594 1065 iudicii
1627 1013 1775 1058 exclusi
1800 1045 1813 1068 ‚
1861 1013 1939 1069 (f)
1970 1032 2100 1072 neque
2133 1015 2261 1073 tergi-

1226 1078 1439 1115 versatores
1473 1070 1651 1126 profesto
1684 1072 1773 1115 sunt
1799 1103 1811 1125 ,
1844 1087 1973 1128 neque
2005 1072 2258 1128 desertores,

1225 1145 1352 1184 neque
1398 1141 1620 1172 moratores
1655 1159 1668 1181 ‚
1711 1141 1783 1172 aut
1825 1128 2077 1174 frustratores
2109 1162 2119 1173 .
2162 1132 2260 1174 Hoc

1223 1188 1261 1229 S.
1295 1187 1347 1229 C.
1392 1198 1582 1228 tenentur
1624 1201 1767 1229 omnes
1810 1200 1952 1240 praeter
1995 1187 2185 1232 mu'ieres
2216 1188 2260 1231 &

1223 1259 1289 1286 eos
1315 1274 1327 1296 ,
1369 1243 1437 1298 qui
1472 1259 1555 1285 non
1589 1243 1797 1296 publicum
1822 1275 1834 1297 ,
1867 1244 1929 1287 sed
1961 1245 2168 1299 privatum
2199 1243 2263 1296 ju·-

893 1317 912 1341 c
938 1303 954 1350 )
997 1302 1034 1342 A
1067 1299 1177 1343 calu·
1199 1334 1202 1364 Ι
1224 1300 1376 1343 dicium
1410 1300 1666 1342 instituissent
1692 1331 1701 1341 .
1743 1302 1852 1355 (g)
1884 1301 1952 1343 Est
1985 1302 2027 1344 δε
2058 1303 2098 1344 S.
2124 1302 2177 1344 C.
2210 1301 2261 1344 ad

1200 1356 1464 1408 :judiciorum
1497 1356 1737 1400 exercitium
1773 1356 1982 1409 pertinens
2007 1389 2019 1410 ‚
2051 1357 2162 1408 cujus
2187 1372 2263 1400 no-

1200 1411 1321 1473 jmen
1353 1414 1395 1456 ὃ(
1428 1426 1610 1468 tempora
1643 1412 1914 1469 ignorantur:
1949 1429 2097 1468 nempe
2130 1413 2260 1467 illud,

582 1470 624 1513 δὲ
668 1471 715 1512 ad
759 1470 864 1525 quali
898 1470 1177 1520 terejversato-
1200 1476 1203 1523 ξ
1227 1487 1275 1514 ne

143 1543 204 1571 res
223 1559 235 1580 ,
271 1527 339 1581 qui
372 1543 487 1569 mora
521 1527 585 1569 sua
617 1528 693 1568 reis
726 1528 891 1579 prosunt
914 1527 960 1568 ad
981 1526 1174 1581 effugien-
1200 1525 1203 1569 l
1228 1528 1445 1581 postuletur
1473 1544 1482 1568 ε

1319 1472 1407 1525 quis
1449 1472 1502 1513 ob
1548 1470 1655 1512 idem
1700 1469 1858 1512 crimen
1894 1469 2076 1524 pluribus
2107 1470 2263 1526 legibus

1528 1527 1633 1580 [h]
1675 1538 1812 1570 ortum
1857 1525 2021 1570 fortasse
2055 1528 2253 1582 tempori-

1227 1587 1296 1627 bus
1327 1585 1419 1627 Titi
1453 1583 1687 1638 Vespasiani
1721 1613 1734 1635 ‚
1783 1598 1905 1638 quem
1948 1584 2166 1628 Svetonius
2201 1599 2265 1628 re-

1227 1642 1304 1686 fert
1347 1642 1515 1685 vetuisse
1541 1672 1553 1693 ‚
1601 1655 1682 1683 una
1723 1639 1769 1682 de
1814 1655 1853 1683 re
1888 1639 2072 1695 pluribus
2103 1640 2262 1697 legibus

142 1698 192 1740 do
226 1698 303 1741 reis
337 1697 580 1741 beneficium
606 1698 705 1752 legis
729 1699 973 1753 impertiunt
994 1730 1006 1750 ‚
1039 1698 1177 1741 condi·-
1200 1727 1204 1754 ς
1225 1715 1344 1756 agere
1370 1715 1379 1740 τ
1431 1699 1508 1742 hoc
1540 1698 1593 1741 est
1622 1696 1732 1740 idern
1765 1696 1960 1741 delictum
1995 1697 2104 1742 varie
2138 1697 2260 1753 puni-

143 1767 233 1797 tum
265 1756 318 1797 est
349 1757 388 1797 S.
413 1757 467 1797 C.
498 1754 814 1810 Turpillianum
852 1755 975 1807 ‚sive
1008 1754 1071 1798 lex
1109 1757 1177 1797 Pe·
1200 1756 1204 1815 ξ
1227 1759 1258 1800 ri
1287 1789 1294 1798 .

142 1813 278 1854 tronia
305 1843 317 1864 ‚
350 1813 427 1863 (*)
460 1813 630 1855 Nerone
665 1812 922 1867 imperante,
953 1813 1020 1864 (d)
1051 1828 1072 1853 a
1108 1815 1178 1855 Pe-

138 1869 276 1911 tronio
308 1867 579 1923 Turpilliano
612 1868 718 1921 lata,
750 1869 833 1911 &a
853 1871 1005 1911 Senatu
1036 1869 1178 1923 adpro-

141 1927 233 1968 bata
257 1955 266 1966 .
300 1926 449 1968 Neicio
482 1941 577 1968 vero
614 1957 625 1978 ‚
676 1941 728 1969 an
764 1926 879 1976 hujus
913 1926 1013 1981 legis
1044 1925 1176 1980 capita

141 1982 294 2024 fuerint
324 1996 370 2024 ea
393 2013 404 2034 ,
436 1982 481 2024 de
514 1984 659 2038 quibus
692 1983 790 2037 legis
824 1984 1020 2026 Petroniae
1042 1984 1176 2025 nomi-

142 2054 193 2082 ne
243 2038 337 2080 alibi
383 2039 576 2081 traf’tatur
620 2071 632 2091 ‚
692 2055 839 2094 nempe
888 2040 934 2083 de
982 2040 1204 2090 sententia;

143 2112 216 2152 pro
260 2095 448 2138 libertate
494 2096 661 2138 dicenda
697 2127 710 2149 7
759 2096 804 2139 de
849 2097 1204 2166 seri.⁷is·piignami

144 2168 238 2196 cum
275 2153 402 2195 bestiis
436 2168 566 2207 poenae
599 2153 714 2195 causa
745 2155 1048 2207 commni‘ur153
1079 2170 1178 2210 quo—

143 2225 235 2252 rum
279 2208 463 2262 capitum
498 2211 811 2253 Hortomannus
842 2211 1047 2255 auffiorem
1079 2227 1178 2267 quo-

144 2281 221 2320 que
273 2264 370 2307 facit
415 2267 654 2309 Petronium
705 2267 1021 2322 Turpillianum
1055 2300 1064 2310 .
1117 2274 1179 2311 Ac

144 2322 277 2364 forsan
311 2322 432 2365 unius
465 2322 564 2377 legis
599 2322 715 2377 plura
747 2324 856 2367 fuere
888 2326 1047 2380 capita,
1080 2341 1179 2380 quo-

146 2394 238 2422 rum
271 2377 372 2421 illud
404 2380 450 2422 de
483 2380 859 2434 tergiversatoribus
890 2383 1031 2425 transit
1063 2382 1107 2425 in
1141 2385 1179 2424 S.

148 2437 202 2478 C.
235 2434 344 2490 quod
376 2436 572 2479 habemus
605 2438 648 2480 in
682 2440 870 2482 manibus
896 2471 906 2481 .
940 2441 1066 2481 Poena
1103 2440 1180 2483 hoc

146 2507 196 2536 ex
246 2493 286 2534 S.
312 2491 365 2553 C.
409 2493 648 2538 descendens
689 2496 742 2537 est
773 2495 950 2551 quinque
984 2495 1180 2540 librarum

147 2548 234 2592 auri
265 2549 573 2604 redigendarum
607 2552 649 2593 in
682 2551 820 2595 fiscum
846 2585 857 2605 ‚
903 2565 1046 2607 praeter
1076 2554 1176 2597 insa·

148 2606 279 2650 miam
314 2637 323 2648 .
371 2607 452 2658 (e)
485 2609 624 2662 Quam
653 2609 693 2650 S.
725 2611 778 2652 C.
809 2625 978 2665 poenam
1009 2627 1059 2656 ex
1093 2611 1181 2668 lege

255 2743 359 2751 ..—-
365 2738 401 2749 ·--
408 2743 554 2755 -.—-.-.-
561 2738 953 2756 ——u·——--—.

197 2776 282 2815 (a)
310 2779 345 2808 L.
371 2778 417 2807 ¹3-
435 2774 472 2819 ff
491 2777 527 2808 de
543 2775 642 2816 testib.
660 2775 773 2814 cujac·
789 2779 850 2819 obs
871 2782 893 2812 1.
914 2793 948 2822 7.
963 2788 1032 2823 cap.
1052 2790 1103 2820 13·

199 2823 220 2860 ζ
235 2819 252 2852 b
268 2825 277 2857 )
305 2824 340 2852 L.
365 2831 390 2852 ι.
415 2824 442 2864 §.
456 2833 607 2860 removet.
624 2827 654 2853 6.
667 2822 706 2866 ff
723 2825 759 2856 de
775 2823 928 2867 postulat.

200 2865 222 2904 (
235 2867 277 2904 c]
309 2866 452 2900 Raevard.
471 2867 527 2899 lib.
548 2877 577 2905 3.
591 2867 715 2905 conjee‘i.
735 2878 802 2901 cap.
826 2881 875 2901 10.

202 2909 279 2947 (⁴²)
305 2914 386 2952 Quae
417 2912 577 2944 sententia
606 2923 670 2945 non
699 2913 929 2956 improbabilis
955 2915 1088 2949 videtur
1104 2919 1184 2949 Her-

1347 1757 1423 1809 (i)
1456 1756 1569 1799 Hinc
1601 1754 1717 1797 docet
1751 1753 1997 1808 Papinianus
2030 1786 2042 1808 ‚
2093 1770 2262 1810 poenam

1226 1813 1458 1869 generalem
1501 1811 1684 1856 adversus
1725 1826 1870 1854 ornnes
1902 1811 2039 1868 legum
2071 1824 2262 1856 contem·

1227 1885 1329 1914 tores
1361 1885 1534 1913 minime
1566 1883 1806 1912 concurrere
1838 1884 1934 1911 cum
1967 1884 2098 1922 poenis
2130 1881 2260 1913 certa-

1228 1943 1318 1971 rum
1352 1927 1488 1981 legum
1513 1958 1526 1980 ,
1557 1941 1654 1982 quas
1685 1925 1804 1968 certis
1836 1924 1880 1968 in
1901 1926 2144 1969 criminibus
2163 1942 2260 1971 cen-

1228 1985 1280 2028 set
1319 2017 1330 2038 ‚
1377 1984 1520 2028 seclusa
1562 1981 1745 2039 generali
1790 1997 1944 2037 poena:
1992 1983 2257 2027 subeundas:

1224 2043 1318 2098 quia
1361 2042 1516 2098 generi
1544 2056 1610 2094 per
1644 2038 1814 2093 speciem
1848 2040 2064 2094 derogatur
2087 2071 2099 2093 ‚
2149 2041 2261 2092 (k)

1225 2101 1264 2141 S,
1297 2100 1348 2141 C:
1394 2099 1494 2141 item
1534 2098 1584 2140 ab
1625 2096 1768 2140 eodem
1802 2096 2026 2151 Papiniano
2057 2112 2263 2140 memora-

1227 2169 1289 2199 tur
1315 2188 1326 2207 ,
1359 2156 1428 2208 [l]
1463 2170 1543 2210 quo
1574 2166 1766 2205 cavetur,
1798 2169 1846 2197 ne
1879 2153 1948 2208 qui
1982 2154 2125 2197 sistitur
2157 2171 2179 2197 a
2211 2155 2260 2197 fi-

1225 2212 1487 2264 dejussoribus
1529 2212 1573 2254 in
1616 2209 1766 2262 judicio
1800 2209 1918 2253 unius
1949 2211 2136 2254 criminis
2167 2226 2262 2255 cau-

1229 2272 1265 2313 sa
1289 2302 1300 2323 ‚
1345 2270 1452 2313 idern
1482 2268 1625 2313 eodem
1656 2266 1719 2312 die
1750 2267 1796 2312 de
1827 2267 1909 2312 alio
1941 2268 2113 2313 crimine
2144 2283 2262 2314 accu-

1231 2329 1363 2372 setur.

2153 2672 2265 2715 CA-

1277 2783 1295 2820 (
1309 2782 1355 2821 e)
1385 2785 1421 2814 L.
1440 2781 1548 2824 spurii
1561 2779 1598 2825 ff.
1615 2782 1651 2814 de
1666 2783 1766 2815 Λείαν.
1787 2785 1858 2821 L.3.
1878 2784 1971 2825 §.idr-
1983 2779 2022 2826 ff
2037 2783 2077 2815 de
2091 2790 2219 2825 prevar.
2238 2785 2260 2815 l.

1238 2838 1265 2859 1.
1277 2825 1315 2870 ff.
1334 2828 1370 2858 de
1383 2826 1443 2864 jur.
1455 2825 1511 2867 fis.

1278 2873 1356 2914 (f)
1383 2870 1491 2907 Cuiac.
1511 2881 1648 2904 enarrat.
1666 2871 1704 2903 Θ·
1719 2879 1823 2913 parat.
1844 2873 1924 2905 aad
1941 2871 2167 2912 s'.c'.Turpill.

1279 2917 1364 2958 (g)
1391 2920 1427 2949 L.
1451 2928 1477 2948 ι.
1510 2917 1698 2960 §.10.inf
1713 2915 1754 2961 ff.
1769 2919 1810 2950 ad
1827 2919 1971 2959 Turpill.
1991 2920 2098 2948 Perez-
2115 2915 2150 2947 in
2167 2917 2201 2947 C.
2216 2916 2258 2948 ad

162 2962 284 2985 manno
312 2956 519 2990 Noordkerk
533 2958 571 2989 de
585 2959 655 2998 lege
673 2961 828 2992 Petronia
853 2971 875 2993 c⁴
892 2971 925 2999 4.
947 2960 1010 3002 fin.
1026 2961 1082 2994 etsi
1097 2961 1124 2994 is
1140 2961 1184 2993 le-
1233 2963 1314 2994 520.
1334 2962 1482 3004 Turpilt.
1497 2972 1584 2994 num.
1601 2971 1631 2993 2.

163 3007 237 3039 gem
256 3000 442 3033 Petioniam
457 3002 495 3034 de
510 3003 608 3035 servis
621 3003 648 3033 ὅτ
665 3002 704 3034 de
720 3003 878 3038 sententia
893 3016 952 3048 pro
970 3006 1124 3040 libertate
1138 3005 1187 3039 dis

162 3042 264 3075 cenda
279 3043 377 3087 longe
390 3046 458 3077 alio
475 3047 591 3079 referat
606 3055 638 3088 p.
656 3049 706 3079 80,
724 3051 777 3081 81.

204 3088 225 3126 ζ
238 3089 258 3120 d
273 3089 290 3126 >
318 3091 358 3141 L·
370 3089 578 3122 abolitionem
594 3096 627 3123 c.
649 3093 690 3125 ad
709 3095 731 3125 1.
742 3096 822 3136 Jul.
835 3095 874 3129 de
888 3095 990 3130 adult.
1009 3094 1119 3136 cujac.
1131 3102 1186 3140 pa-

161 3136 225 3164 rat.
241 3135 276 3165 C.
292 3144 330 3167 ue
345 3144 435 3168 mura
449 3145 567 3169 certum
584 3145 709 3180 tempus
725 3161 734 3172 .

1280 3008 1331 3046 (hi
1362 3010 1399 3039 L.
1415 3009 1556 3038 senatus
1577 3016 1614 3043 14
1637 3005 1675 3049 ff:
1693 3007 1729 3037 de
1744 3006 1842 3045 accus:

1286 3050 1354 3093 (i)
1379 3049 1490 3088 Cuiam
1508 3051 1548 3082 ad
1563 3052 1586 3081 1.
1601 3050 1734 3083 Sanfiicn
1751 3048 1854 3093 41.ff
1871 3050 1908 3082 de
1921 3048 2022 3092 paem's
2036 3070 2045 3081 .

1286 3096 1339 3136 [k]
1368 3100 1413 3127 D>
1429 3098 1451 3128 l.
1467 3092 1601 3127 seneffia
1616 3117 1624 3125 .

1283 3141 1360 3182 (l)
1385 3142 1421 3173 L.
1442 3150 1470 3172 2.
1485 3142 1520 3182 §.
1539 3150 1568 3171 2.
1584 3136 1618 3181 ff
1636 3138 1673 3170 de
1689 3137 1801 3179 custod.
1818 3148 1895 3171 reor.
