2596 3479
508 95 636 147 DE
717 81 1878 146 SENATUSCONSULTIS.
2179 89 2283 153 263

135 188 246 230 ,quo
287 168 417 224 capite
458 168 649 211 Pontifex
692 165 908 208 Maximus
950 161 1188 206 facultatem
1242 161 1471 217 privatione
1510 161 1773 216 praemiorum
1819 158 2027 202 sustineret
2068 191 2077 202 .
2130 160 2284 215 Agitur

165 229 340 273 habebat
375 226 531 282 legendi
565 225 662 269 XX.
694 221 876 276 virgines
905 235 985 264 non
1011 220 1191 264 minores
1241 234 1379 263 autem
1419 219 1555 276 primo
1587 220 1634 263 de
1666 217 1810 263 ordine
1843 216 2083 272 nuptiarum
2118 230 2284 260 contra-

163 287 285 330 annis
310 287 350 329 X
419 298 460 327 ut
496 281 703 326 sortitione
736 277 1011 322 inconcione
1044 278 1147 321 fafi‘ta
1180 310 1192 332 ,
1242 277 1469 321 luendarum
1491 310 1502 330 ,
1535 293 1622 334 quae
1655 290 1699 321 ut
1733 275 1877 320 tentius
1910 287 2150 318 cura-:entur
2171 308 2183 329 ,
2217 275 2283 319 lex

160 342 275 394 cujus
309 343 424 399 virgo
456 340 570 383 dueta
595 336 753 389 fuerit·‚
786 351 879 379 earn
904 335 1057 380 Pontis.
1073 338 1195 380 Max«
1240 335 1371 389 jussit,
1405 349 1448 380 ut
1482 336 1507 378 fi
1541 334 1716 389 mulier,
1749 345 1819 378 aut
1851 333 1969 390 virgo
1998 348 2048 377 ex
2082 331 2160 375 hac
2194 333 2283 390 lege

161 414 320 456 caperet
348 432 359 452 ‚
391 415 471 454 quo
498 397 629 439 Vestae
653 396 789 438 fieret.
821 395 926 449 Capi
953 407 1090 438 autem
1111 395 1192 438 vir·
1221 394 1408 447 *nuptias
1441 394 1698 437 contraitum
1734 392 1922 449 legitimo
1956 404 2089 434 tutore
2111 404 2283 444 careret;

156 474 212 514 go
245 459 450 500 dicebatur
482 485 494 506 ‚
549 455 643 508 quia
669 467 796 494 manu
826 468 849 495 a
876 453 1071 496 Pontifice
1104 469 1190 508 pre·
1243 453 1391 494 Praetor
1435 452 1611 494 urbanus
1655 452 1691 495 ei
1727 463 1908 494 tutorem
1942 448 2205 493 constitueret
2236 448 2286 492 ad

156 516 281 558 hensa
309 547 320 566 ‚
353 511 460 569 quasi
493 509 600 553 bello
619 522 735 565 capta
759 509 826 552 suo
851 526 873 552 a
899 524 1088 563 parente,
1121 527 1190 554 cu·
1238 509 1413 552 dandam
1452 540 1464 561 ‚
1508 509 1721 553 dicendam
1746 540 1757 561 ,
1802 507 2178 562 promittendamve
2210 506 2283 549 do-

153 572 214 625 jus
239 574 282 614 in
307 570 504 628 potestate
527 580 612 612 erat
632 599 646 622 ,
680 567 952 610 abducebatur
969 599 979 610 .

339 685 379 727 C
441 685 481 727 A
541 683 574 726 P
631 684 676 725 U
736 682 782 724 T
870 683 1006 726 XLV.

203 803 272 848 De
303 800 440 844 Poenis
472 798 718 854 Inparium,
757 795 816 840 (θ’
844 797 1130 840 PraemiisssPm

460 858 563 899 rium
593 856 846 911 Nuptiarum
865 885 877 896 .

179 974 196 983 ‘
280 971 326 1015 Bi
372 970 437 1015 lex
485 969 728 1025 nuptiarum
774 969 850 1013 rite
883 967 1185 1013 contrahenda-

303 1045 392 1072 rum
425 1029 468 1071 &
500 1028 691 1083 augendae,
726 1028 848 1082 prolis
882 1028 1084 1070 rationem
1121 1028 1182 1068 in-

141 1085 272 1129 stituit
297 1103 305 1127 :
344 1088 476 1140 poenis
497 1085 748 1140 praemiisque
772 1084 1010 1139 propofitis‚
1035 1082 1182 1126 volun-

141 1155 243 1185 tates
277 1143 500 1186 hominum
533 1142 687 1185 censuit
719 1141 956 1197 obligandas
986 1173 995 1183 .
1042 1144 1183 1196 Itaque

139 1199 183 1242 in
219 1200 424 1243 sanctione
458 1203 566 1243 cavit
599 1231 611 1253 ‚
657 1211 700 1242 ut
742 1215 811 1254 qui
858 1212 1002 1242 contra
1047 1198 1209 1253 legem¹

138 1256 245 1300 hanc
280 1259 444 1308 nuptias
475 1257 729 1300 contraxerit
761 1257 934 1310 impares
958 1288 970 1309 ,
1004 1257 1062 1306 (*)
1087 1271 1185 1311 qua-

138 1313 196 1356 les
227 1315 408 1369 appellat
444 1314 654 1368 Ulpianus
685 1315 750 1365 (a)
783 1314 945 1368 nuptias
971 1312 1076 1355 inter
1098 1328 1182 1354 rna·

137 1370 267 1424 iorem
301 1371 653 1425 quinquagenaria
692 1402 704 1423 ‚
754 1370 798 1413 &
831 1371 1039 1413 minorem
1073 1369 1183 1412 sexa-

138 1428 309 1483 genario
341 1459 354 1480 ,
402 1427 465 1470 vel
501 1428 607 1470 inter
640 1426 840 1476 maiorem
876 1427 1140 1482 sexagenario
1172 1457 1188 1479 ⁷

137 1485 181 1528 δί
212 1485 578 1540 quinquagenaria.
598 1484 805 1527 minorem
831 1500 843 1537 3
877 1484 908 1526 is
940 1500 1039 1540 quos
1062 1483 1185 1527 susce-

138 1542 201 1597 pit
233 1542 338 1584 filios
361 1573 373 1594 ‚
406 1544 658 1594 liberorum,
690 1554 759 1584 aut
794 1542 958 1584 suorum
991 1541 1185 1584 heredum

139 1599 233 1642 loco
265 1598 412 1642 habere
447 1614 530 1641 non
563 1600 678 1652 possit
723 1615 736 1639 .·
782 1614 855 1641 nec
887 1598 1037 1642 eisdem
1069 1598 1186 1649 adju·

137 1668 304 1699 varetur
335 1656 383 1697 ad
417 1656 585 1711 praemia
618 1655 718 1710 legis
749 1655 1015 1710 assequenda,
1046 1656 1182 1710 proin-

143 1712 191 1756 de
223 1730 269 1757 ac
303 1713 329 1756 s1
363 1714 517 1755 mortui
553 1712 770 1754 nascantur
806 1742 816 1759 ‚
859 1712 954 1767 quia
991 1728 1066 1756 nec
1099 1711 1186 1755 nati

139 1770 334 1813 videntur
357 1801 366 1811 .
398 1772 414 1821 (
436 1771 496 1820 b)
522 1772 627 1812 Item
653 1770 832 1812 vetitum
864 1770 918 1812 est
945 1800 957 1822 ‚
990 1768 1189 1823 conjuges

141 1826 235 1870 illos
269 1826 538 1870 hereditatem
572 1841 717 1879 capere
749 1826 836 1881 lege
861 1827 1185 1879 obvenientem‚

140 1883 237 1939 quia
269 1884 312 1927 δε
345 1883 646 1927 testamentaria
679 1883 883 1926 hereditas
912 1885 1186 1938 comprehen-

143 1942 287 1993 ditur,
321 1957 415 1984 cum
448 1957 494 1984 ea
525 1956 574 1984 ex
609 1940 765 1996 legibus
797 1939 905 1982 XII.
954 1941 1081 1983 tabul.
1113 1942 1186 1983 ob-

139 2010 280 2041 veniat
309 2029 318 2039 .
353 2000 440 2048 (c)
471 2000 585 2051 Qun
618 2011 744 2040 etiam
779 2012 853 2040 nec
885 1998 1067 2052 legatum
1099 1998 1150 2041 iis
1174 2028 1186 2050 ‚

142 2068 212 2097 aut
255 2054 365 2097 aliud
397 2054 492 2108 quid
526 2056 671 2097 mortis
705 2054 819 2097 causa
851 2070 992 2110 capere
1026 2055 1143 2098 licuit
1176 2085 1186 2095 .

141 2113 233 2162 (d)
262 2112 337 2153 Sed
364 2109 466 2153 illud
497 2111 555 2153 est
587 2112 677 2154 sane
705 2111 878 2163 tristius,
910 2111 1017 2167 quod
1051 2111 1190 2154 solutis

143 2168 424 2219 hujuscemodi
458 2167 614 2221 nuptiis
635 2200 645 2219 ,
679 2182 814 2210 morte
846 2169 1030 2212 mulieris
1059 2201 1073 2222 ‚
1120 2171 1189 2210 dos

143 2226 198 2269 est
225 2225 373 2267 caduca
394 2256 405 2277 ,
438 2223 481 2266 &
513 2225 746 2268 devolvitur
771 2225 815 2267 in
846 2225 987 2269 fiscum
1009 2257 1021 2279 ‚
1054 2225 1123 2280 qui
1146 2227 1187 2268 in

146 2283 332 2325 mulieris
364 2282 502 2324 locum
538 2297 609 2335 pro
641 2282 746 2325 dotis
777 2283 1024 2337 repetitione
1059 2283 1190 2326 succe-

145 2340 204 2400 djt
242 2369 250 2378 .
295 2341 374 2392 (e)
406 2342 438 2380 A
473 2339 605 2392 poenis
629 2339 857 2393 imparium
893 2339 956 2383 lex
987 2340 1191 2396 progredi-

145 2410 211 2441 tui·
249 2397 297 2440 ad
340 2396 497 2452 parium
539 2397 702 2451 praemia
728 2398 967 2448 nuptiarum
1000 2414 1009 2438 ε
1045 2410 1089 2441 ut
1121 2397 1190 2452 qui

150 2454 234 2509 legi
265 2467 351 2495 non
383 2455 715 2508 obtemperarent
735 2484 748 2506 ‚
792 2468 962 2507 poenam
989 2453 1116 2496 aliam
1141 2470 1190 2496 ex

160 2583 282 2595 ——.

514 2582 732 2594 ...ι-ι*

199 2636 282 2677 (¹¹⁸)
311 2640 386 2670 lmo
412 2646 479 2669 non
515 2636 556 2669 ad
582 2637 723 2679 impares
737 2644 870 2670 tantum
891 2637 1023 2679 nuptias
1041 2659 1052 2676 ‚
1076 2635 1129 2668 sed
1154 2635 1189 2667 ac}

156 2691 273 2715 ornnes
303 2682 517 2724 pertinebat,
545 2692 616 2724 quae
643 2680 724 2713 dolo
754 2683 846 2714 malo
873 2681 1024 2714 adversus
1051 2681 1134 2713 hane
1149 2681 1177 2712 le

156 2737 231 2768 gem
247 2727 338 2759 initae
360 2727 458 2759 effen:
475 2749 484 2765 ,
514 2727 618 2759 veluti
647 2727 814 2759 Senator-is
844 2727 995 2760 ducentis
1013 2727 1168 2758 libertam
1185 2747 1193 2764 ,

159 2772 295 2814 ingenui
326 2771 476 2804 ducentis
503 2771 679 2803 mulierem
692 2771 919 2814 quaestuariam
940 2795 948 2802 .
977 2772 1028 2804 Sic
1042 2771 1129 2804 dotis
1143 2782 1199 2804 ca-

159 2816 341 2849 dri-:itatem
360 2840 370 2858 ‚
395 2827 466 2859 quse
498 2816 532 2848 in
565 2816 690 2858 nuptiis
719 2816 999 2860 quinguagenaria
1036 2815 1199 2853 majorem

161 2860 333 2894 obtinebat
358 2883 368 2895 .
395 2861 528 2894 austere
556 2862 705 2903 Ulpiano
740 2864 873 2903 Fragm.
894 2864 967 2894 Tit.
986 2865 1078 2894 XVI.
1096 2864 1123 2904 ς.
1140 2872 1173 2900 4.
1190 2883 1200 2898 ,

164 2903 202 2936 ad
233 2906 296 2937 alia
321 2916 449 2949 quoque
482 2909 698 2940 matrim-onia
724 2905 842 2944 iniusta
875 2906 1059 2948 porreetam
1086 2906 1175 2939 fuisse
1192 2926 1201 2941 s

172 2958 262 2990 patet
280 2960 323 2982 ex
341 2953 368 2981 L
398 2956 450 2991 38.
483 2954 510 2996 §.
533 2964 558 2985 1.
588 2957 625 2986 L.
643 2958 700 2984 61.
730 2957 774 2985 D.
796 2953 835 2985 de
851 2954 923 2985 ritu
938 2960 1029 2992 nupt
1050 2953 1079 2984 &
1099 2952 1205 2984 inanis

172 2994 289 3027 homin
322 2994 444 3029 intuitu
474 2999 600 3039 penitus
616 2998 720 3031 fuisset
737 2999 789 3031 lex
807 3019 815 3030 .
845 2996 911 3034 jam
930 2998 971 3029 stc
988 2996 1178 3039 iitiperfec‘ta
1195 3017 1205 3033 ‚

175 3037 261 3081 quod
292 3039 422 3077 nuptias
449 3052 515 3075 non
545 3044 766 3082 refcinderet‚
793 3043 851 3075 nisi
881 3053 1012 3085 poenam
1026 3052 1152 3085 quaque
1169 3039 1209 3072 ad

175 3094 230 3116 eas
250 3082 446 3123 produxisset
463 3109 471 3117 .

226 3128 285 3178 (a)
315 3129 446 3160 Tit-16·
468 3133 485 3170 §
504 3142 534 3168 3.
557 3131 665 3169 {nstin
682 3134 704 3167 2.
727 3144 776 3167 12.
792 3132 898 3176 infta-
917 3135 952 3166 C.
969 3133 1006 3172 de
1019 3132 1112 3177 tegit·
1130 3133 1210 3165 here-

1240 580 1348 610 tem.
1383 566 1582 622 Quodque
1616 583 1664 610 ex
1701 565 1777 609 hac
1812 566 1897 622 lege
1923 567 2073 608 Praetor
2094 566 2135 609 in
2157 565 2282 616 urbe,

1239 625 1282 667 in
1317 625 1538 679 provinciis
1571 624 1750 680 praes'tare
1783 623 1951 667 debebat
1987 624 2127 668 Praeses
2158 639 2206 666 ex
2239 622 2280 664 S.

1238 683 1292 724 C.
1323 681 1370 723 ad
1403 681 1510 726 hanc
1544 681 1678 739 legem
1712 681 1897 732 adieeto:
1935 679 2015 735 (f)
2048 695 2093 724 ut
2126 678 2286 725 intelli-

1237 755 1383 795 gamus
1417 771 1429 791 ‚
1483 753 1662 783 tutorem
1720 754 1803 782 non
1842 751 1928 781 tam
1968 739 2016 780 ad
2057 739 2282 794 regendum

1239 796 1380 851 puellae
1404 796 1623 840 arbitrium
1644 830 1655 849 ,
1678 796 2060 840 confirmandamve
2088 795 2279 838 volunta-

1238 866 1321 897 tem
1346 853 1431 897 dari
1465 886 1478 908 ,
1527 870 1650 911 quam
1684 855 1732 897 ad
1760 853 2051 897 moderandam
2086 885 2097 904 ‚
2131 866 2281 895 curan-

1235 911 1380 954 damve
1407 911 1543 955 dotem
1567 928 1578 965 3
1630 912 1747 966 idque
1775 911 2016 955 Antoninus
2037 943 2049 963 ‚
2081 910 2124 952 δε
2151 911 2279 952 Seve‹

1236 984 1298 1011 rus
1330 969 1476 1011 clarius
1500 969 1779 1024 expresserunt
1807 1000 1814 1009 ⁶
1861 970 1945 1024 (g)
1980 967 2100 1022 Quod
2129 980 2280 1010 munus

1233 1026 1287 1069 est
1320 1026 1572 1081 przecipuum
1606 1027 1750 1070 tutoris
1782 1026 1830 1069 ad
1864 1042 1950 1068 rem
1984 1036 2139 1068 certam
2175 1041 2195 1066 a
2225 1023 2281 1066 le-

1233 1099 1281 1139 ge
1316 1085 1436 1137 Papia
1470 1096 1610 1139 praeter
1643 1083 1740 1136 juris
1773 1083 1929 1139 regulas
1958 1082 2130 1126 instituti
2151 1114 2159 1124 .
2193 1081 2277 1134 [h]

1236 1141 1439 1184 Discrevit
1475 1156 1611 1184 autern
1664 1142 1726 1185 lex
1765 1142 1849 1185 haec
1890 1141 2100 1184 diffimwn
2133 1139 2239 1182 dotis
2264 1168 2280 1190 ‚

1227 1197 1513 1253 p›·0227i[7“zoni3m
1533 1232 1544 1252 ,
1576 1200 1778 1242 dationem
1796 1216 1815 1251 5
1847 1198 1943 1261 quia
1975 1198 2107 1240 dicere
2134 1196 2278 1238 dotem

1231 1256 1284 1297 est
1310 1257 1452 1311 absque
1480 1256 1738 1308 stipulatione
1766 1267 2006 1311 promittere
2033 1285 2044 1307 ‚
2080 1251 2275 1296 solemni-

1234 1313 1304 1354 bus
1345 1313 1476 1355 verbis
1523 1313 1602 1356 fine
1636 1312 1961 1368 interrogatione
1996 1327 2007 1363 3
2056 1310 2134 1363 [i]
2167 1309 2274 1365 quod

1233 1384 1316 1411 non
1350 1370 1397 1411 ad
1428 1385 1572 1412 omnes
1593 1370 1824 1423 pertinebat
1851 1399 1863 1421 ‚
1899 1368 1959 1410 sed
1981 1367 2043 1409 vel
2076 1367 2124 1410 ad
2147 1366 2277 1417 ipsam

1232 1439 1396 1470 tantum
1442 1426 1660 1471 mulierem
1693 1459 1705 1480 ‚
1755 1438 1827 1470 aut
1878 1424 2064 1468 mulieris
2100 1422 2199 1474 jussu
2230 1422 2279 1464 ad

1232 1483 1315 1535 ejus
1339 1484 1565 1528 debitorem
1601 1516 1613 1536 ,
1664 1483 1730 1527 vel
1766 1484 1812 1527 ad
1840 1495 2000 1538 patrem
2022 1513 2033 1535 ‚
2069 1494 2276 1536 avumque

1233 1554 1448 1595 paternum
1470 1557 1482 1593 3
1516 1557 1590 1584 nec
1616 1541 1722 1584 dotis
1743 1540 1925 1584 diffione
1953 1539 2085 1593 plures
2107 1570 2119 1591 ‚
2150 1552 2278 1599 quam

1233 1599 1273 1642 hi
1310 1611 1387 1641 tres
1417 1597 1710 1653 obligabantur
1747 1629 1759 1640 .
1808 1598 1896 1649 (k)
1930 1598 1989 1639 At
2018 1594 2276 1652 promissioni

1233 1655 1437 1710 stipulatio
1465 1655 1757 1711 adjungebatur
1780 1686 1793 1708 ‚
1824 1655 1869 1697 ὃς
1894 1653 2174 1707 promittendo
2206 1666 2279 1706 po-

1234 1726 1369 1757 terant
1423 1728 1568 1755 omnes
1609 1712 1785 1771 obligari
1813 1743 1822 1754 .
1867 1711 1884 1764 [
1910 1712 1924 1752 l
1954 1711 1971 1763 ]
2005 1711 2113 1753 Dare
2145 1721 2285 1752 autem

1234 1772 1372 1813 dotem
1403 1769 1501 1824 quid
1530 1769 1628 1812 esset
1668 1801 1680 1823 ‚
1727 1767 2007 1823 explicatione
2053 1782 2137 1809 non
2171 1765 2281 1809 indi-

1235 1839 1301 1882 get
1333 1859 1340 1869 .
1377 1828 1504 1870 Porro
1536 1842 1621 1869 non
1655 1839 1818 1869 tantum
1841 1825 1887 1868 ad
1908 1824 2151 1876 dicendam,
2186 1839 2282 1878 pro-

1237 1884 1484 1928 mittendam
1521 1915 1534 1938 ,
1583 1884 1812 1926 dandamve
1868 1882 2009 1924 dotem
2054 1896 2067 1933 ς,
2112 1880 2172 1923 sed
2233 1879 2282 1922 ad

1237 1942 1465 1997 augendam
1490 1973 1502 1993 ‚
1538 1941 1807 1984 minuendam
1836 1972 1848 1992 ‚
1882 1938 2178 1981 mutandamve
2210 1952 2281 1979 cu-

1239 2011 1347 2042 rator
1378 1999 1579 2051 dabatur;
1613 1998 1824 2054 Siquidem
1856 1996 1964 2052 quod
1999 1995 2110 2049 supra
2134 1992 2283 2058 mulie·

1239 2057 1289 2099 ris
1333 2055 1547 2098 facultates
1579 2055 1732 2098 dietum
1766 2065 1854 2096 erat
1878 2084 1889 2105 ‚
1938 2050 2231 2107 promissumve
2264 2080 2278 2102 ‚

1239 2114 1276 2156 id
1309 2114 1509 2156 continuo
1532 2144 1544 2164 ‚
1575 2125 1621 2154 ut
1653 2111 1927 2166 superfluum,
1960 2108 2279 2159 detrahebatur,

1239 2170 1429 2224 exemplo
1474 2168 1793 2212 immodicarum
1837 2165 2111 2210 donationum
2139 2196 2153 2218 ‚
2194 2177 2283 2219 quae

1242 2244 1326 2270 non
1385 2226 1541 2281 prorsus
1599 2237 1845 2269 revocantur
1891 2255 1905 2278 ,
1967 2222 2028 2266 sed
2083 2234 2285 2277 quatenus

1242 2285 1341 2341 legis
1384 2284 1553 2327 modum
1597 2283 1798 2327 excedunt
1837 2313 1846 2323 .
1903 2281 2025 2334 [m]
2069 2282 2170 2323 Haec
2213 2293 2286 2321 au-

1241 2356 1325 2385 tem
1358 2341 1406 2384 ad
1437 2356 1504 2383 eos
1524 2341 1769 2394 pertinent,
1801 2338 1871 2394 qui
1908 2354 1976 2391 per
2008 2338 2115 2380 hanc
2148 2335 2285 2392 legem

1243 2399 1290 2441 ad
1323 2397 1590 2441 matrimonia
1622 2396 1932 2449 compelluntur
1969 2427 1981 2447 ‚
2033 2409 2181 2447 nempe
2217 2408 2285 2445 pa-

1245 2471 1324 2499 tres
1356 2454 1582 2510 matresque
1615 2453 1795 2497 familias
1818 2485 1830 2507 ,
1863 2468 1961 2496 nam
1994 2451 2087 2495 filiae
2108 2482 2119 2504 ‚
2153 2448 2283 2547 {iiiive

2181 2521 2286 2548 amt-

1254 2583 1586 2594 ——m——n
1593 2581 1608 2591 ι
1615 2582 1621 2588 ·
1851 2576 2292 2592 ——n—-u—--a-—n-——ae

1254 2637 1348 2668 iit-u.
1450 2635 1501 2673 (b)
1550 2639 1585 2668 L.
1604 2635 1658 2677 qui
1673 2633 1796 2666 mortui
1816 2642 1886 2669 ¹29·
1904 2629 1941 2671 ff
1957 2631 1994 2662 de
2013 2632 2048 2661 V.
2065 2630 2105 2661 δ’.

1295 2682 1349 2721 (c)
1377 2683 1416 2712 L.
1431 2681 1501 2722 lege
1516 2679 1666 2712 obvenire
1687 2689 1747 2717 130
1776 2674 1810 2719 ff.
1830 2677 1868 2707 de
1890 2679 1922 2706 V
1942 2678 1980 2706 s.

1291 2726 1351 2765 (d)
1377 2728 1416 2757 L.
1435 2735 1487 2766 37.
1508 2729 1562 2763 38.
1576 2724 1612 2767 ff.
1632 2725 1672 2756 de
1687 2724 1799 2756 mortis
1818 2722 1913 2760 causa
1930 2720 2097 2752 donatiam

1294 2772 1344 2810 (e)
1370 2772 1448 2809 Ulp.
1461 2771 1539 2812 frag
1567 2771 1682 2802 tit.16.
1696 2771 1730 2800 in
1742 2766 1802 2807 fia.
1825 2767 1849 2794 L
1880 2766 1953 2797 dote
1966 2763 2047 2808 ffde
2065 2765 2134 2797 ritu
2149 2769 2246 2806 nupt.

1296 2816 1374 2857 (f)
1396 2814 1477 2851 Ulp·
1495 2816 1549 2846 tit.
1572 2824 1621 2845 11.
1648 2815 1813 2857 §.exlege
1831 2811 1905 2841 XX.

1298 2860 1359 2902 (ς’)
1384 2861 1418 2890 L.
1445 2861 1607 2899 sciendum
1625 2870 1665 2891 20
1690 2858 1728 2901 ff.
1750 2859 1786 2888 de
1801 2857 1869 2888 ritu
1885 2862 1980 2898 nupt.

1298 2907 1359 2947 (h)
1382 2903 1495 2943 cujac.
1513 2906 1554 2938 ad
1571 2906 1626 2938 rit.
1646 2907 1725 2946 Ulpi
1750 2913 1797 2935 11.
1824 2902 1851 2942 §
1873 2912 1926 2932 20.

1301 2951 1353 2990 (i)
1379 2950 1462 2993 Ulp.
1481 2953 1534 2982 rit.
1553 2955 1583 2981 6.
1605 2952 1641 2982 in
1654 2951 1754 2991 princ.
1781 2944 2033 2982 (Ξυ);1ε.ἱέν”ιὶεννι
2050 2966 2058 2975 .
2118 2986 2124 2991 ἱ

1301 2993 1388 3036 (k)
1425 2993 1537 3033 Cuiac.
1561 2993 1635 3036 inst.
1661 2997 1685 3028 l.
1715 3005 1744 3026 2.
1764 2998 1831 3033 cap-
1866 2994 1899 3022 6.
1929 2990 2016 3021 Bciff.
2048 2989 2084 3020 de
2108 2997 2170 3024 yur.
2197 2997 2288 3019 conv.

1280 3052 1299 3072 a
1328 3063 1337 3071 .
1358 3043 1431 3073 160.

1258 3048 1278 3084 p
1301 3052 1385 3125 gCl)
1410 3083 1519 3121 Cuiac.
1536 3086 1579 3118 ad
1595 3085 1684 3117 titul.
1704 3087 1734 3115 6.
1755 3082 1829 3123 Ulp.
1850 3077 2029 3129 Caius-loeo
2046 3077 2143 3110 citat.

1307 3129 1379 3172 (m)
1404 3133 1442 3164 L.
1460 3135 1514 3164 61.
1529 3131 1566 3164 de
1579 3130 1650 3170 jure
1660 3130 1788 3163 dotium
1806 3125 1897 3159 Briff.
1915 3122 1996 3156 ibid.
