2596 3479
532 99 660 153 DE
741 62 1907 157 SENATuscoNsULTrs.

192 168 458 226 gnificatione
491 172 723 228 accipitur,
765 171 808 213 ὃς
841 170 1041 225 peculiare
1071 170 1125 213 est
1158 169 1226 215 de-

194 227 432 283 virginitate
469 230 612 284 pnellae
637 261 648 282 ‚
701 231 968 291 Quacumque
1003 240 1139 291 autem
1166 243 1226 271 ra-

193 285 303 328 tione
327 288 388 329 vir
409 289 451 329 in
474 287 691 329 foeminam
719 299 942 348 tentaverit
969 288 1090 349 {cuv-1
1116 317 1127 339 ,
1163 286 1225 329 seu

190 343 311 395 dolo,
339 344 399 387 seu
427 341 659 396 blanditiis,
696 342 758 386 seu
786 344 1048 394 muneribus,
1072 358 1116 408 ἔῃ
1141 357 1225 397 poe·

190 414 288 443 nam
315 400 486 453 labitur,
508 399 686 443 foemina
714 415 809 442 vero
839 411 1031 459 tanturn,
1053 403 1083 463 lx
1108 401 1223 454 spon-

191 469 228 500 te
243 490 254 510 ,
269 457 330 500 vel
352 458 635 513 provocaverit
658 457 821 520 virum,
844 456 906 499 vel
926 460 1104 520 cesserit:
1126 471 1220 521 na‘m

187 514 227 557 vi
254 514 474 569 compressa
495 530 569 559 nec
593 530 758 570 poenam
781 527 957 557 incurr1t
973 546 984 567 ,
1007 531 1080 557 nec
1100 527 1224 577 armt-

187 571 238 613 tit
269 571 492 626 pudorem.
518 575 601 624 (a)
630 574 723 616 Nec
749 571 1007 615 severitatem
1035 572 1136 626 legis
1162 570 1221 614 ef-

185 626 350 685 fugiunt
370 661 382 682 ,
419 630 490 685 qui
511 629 725 673 consilium
742 660 754 682 ,
777 644 898 683 opem
915 660 926 681 ,
959 642 1028 672 aut
1049 630 1221 672 domum

2222 129 2325 185 3¹5

1479 232 1518 274 A
1581 230 1611 274 P
1670 231 1714 273 U
1774 234 1818 276 T
1936 237 2234 289 LXXXVIII.

1452 347 1519 391 De
1552 346 1698 402 Incesta
1729 347 1785 392 C?
1814 350 1915 408 Lege
1946 354 2150 399 Peduceae.

1277 455 1505 583 QUia,
1533 460 1594 504 uti
1622 462 1801 507 diximus
1820 497 1832 518 ,
1868 466 1930 511 lex
1956 468 2066 521 Julia
2094 471 2314 523 libidinum

1421 518 1566 560 omnia
1592 534 1739 575 genera
1763 525 1967 580 coercuit,
1994 544 2088 573 cum
2115 531 2166 574 iis
2189 534 2231 577 ἃ
2251 535 2315 578 in-

1418 575 1567 619 cestum
1604 578 1942 633 comprehendit:
1976 601 2022 628 ac
2049 589 2132 643 post
2166 593 2317 648 Augu-

1271 629 1372 675 stum
1397 630 1468 675 alii
1494 633 1702 690 Principes
1728 635 1884 693 singula
1911 640 2139 693 hujusmodi
2167 663 2312 693 crimi-

1379 231 1419 273 C

185 686 233 729 ad
269 685 498 735 hujusmodi
529 687 731 742 flagitium
767 686 1045 741 praebuerunt,
1065 700 1134 728 aut
1156 686 1218 729 lu·
1271 702 1322 729 na
1345 690 1516 733 eandem
1543 691 1590 733 ad
1619 692 1749 748 legem
1780 708 2076 755 attexuerunt;
2113 718 2158 747 ut
2194 709 2314 762 quid-

185 759 301 786 crum
331 760 377 788 ea
407 744 520 788 causa
542 744 749 787 fecerunt.
777 744 841 794 (h)
873 744 1044 786 Etenim
1071 743 1219 806 stupra-

183 813 319 846 torum
343 833 355 855 ,
379 814 447 844 aut
472 802 611 857 sponte
649 803 917 856 stupratarum
969 800 1216 863 honestiores

181 858 345 914 quidem
367 859 501 902 media
519 871 629 913 parte
662 860 863 901 bonorum
886 857 1088 911 pubhcata
1110 859 1218 900 mul-

1266 743 1365 800 'quid
1382 747 1478 789 novi
1502 748 1548 791 de
1564 748 1625 791 his
1645 765 1869 805 emergeret
1885 787 1895 806 ,
1913 758 1961 798 ad
1988 757 2120 813 legem
2149 763 2305 815 Juliam

1270 801 1484 847 referretur
1507 836 1516 847 .
1559 808 1844 861 Quamobrem
1881 813 2161 863 Jurisconsulti
2205 837 2305 867 curn

1268 858 1384 912 huius
1411 861 1511 917 legis
1533 864 1785 926 expositione
1818 868 1901 912 suas
1928 870 1973 914 de
1995 873 2146 919 incestu
2173 878 2311 935 dispu-

182 927 322 959 tantur
352 931 361 939 ·
397 914 637 960 humiliores
688 931 786 958 vero
841 915 1010 970 relegati
1049 930 1215 969 corpore
1267 919 1441 961 tationes
1465 935 1792 970 conjunxerunt.
1823 927 1886 982 (g)
1917 929 2050 981 Hujus
2076 946 2212 978 autem
2240 938 2314 979 in-

179 947 422 1018 coercen’tur
479 974 582 1028 sive«,
604 985 647 1017 ut
672 975 989 1016 Hottomannus
1012 974 1069 1024 (c)
1088 973 1217 1015 inter-
1239 977 1243 988 '
1269 974 1454 1019 terciiffio
1479 977 1668 1021 criminis
1703 981 1834 1025 oritur
1864 1001 1886 1027 a
1917 991 2209 1048 communibus
2229 993 2320 1038 hoa

180 1043 362 1084 pretatur
412 1006 454 1074 δέ
477 1031 688 1085 Vinnius,
721 1029 951 1073 verberibus
974 1030 1183 1073 caeduntur
1204 1047 1213 1073 τ
1267 1031 1430 1075 minum
1453 1035 1741 1098 moribu5,five
1756 1070 1769 1092 ,
1785 1052 1828 1082 ut
1845 1054 2006 1097 optime
2027 1047 2220 1098 Cujacius
2233 1067 2309 1096 ex-

179 1064 423 1133 humilior'es
446 1088 559 1132 enim
581 1088 712 1132 servos
735 1086 1024 1142 intelligimus,
1042 1086 1085 1129 δε
1109 1086 1214 1130 infa-
1266 1089 1408 1151 ponit,
1433 1091 1520 1143 (h)
1556 1108 1577 1135 a
1600 1109 1688 1158 jure
1709 1098 1913 1162 naturali,
1945 1103 2052 1157 quod
2087 1105 2129 1148 in
2168 1123 2305 1154 mores

181 1160 293 1188 mes.
314 1147 380 1198 (d)
400 1148 482 1190 Lex
512 1146 654 1189 Attica
678 1145 946 1200 stupratorem
963 1176 974 1198 ,
991 1143 1056 1188 vel
1074 1144 1121 1186 ad
1142 1145 1214 1188 du·
1264 1144 1487 1191 hommum
1524 1165 1711 1216 manavit
1751 1158 2034 1218 universorum
2062 1178 2072 1203 :
2119 1165 2308 1211 effer-2103

178 1203 348 1245 cendam
375 1203 554 1259 puellam
574 1202 664 1247 ,vel
687 1202 733 1245 ad
761 1202 981 1245 dotandam
1008 1202 1175 1256 cogebat
1198 1218 1211 1256 3
1260 1203 1403 1258 enim,
1426 1221 1604 1261 quorum
1628 1221 1755 1263 ratio,
1791 1227 1837 1255 m
1857 1229 1935 1270 qua
1962 1216 2143 1263 hominis
2177 1236 2300 1267 natu-

178 1259 242 1302 lex
265 1259 447 1303 Mosaica
469 1252 586 1304 simul
605 1260 651 1302 ad
666 1260 885 1302 dotandam
906 1259 948 1302 ἃ
968 1259 1208 1302 ducendam.
1262 1275 1304 1302 ra
1328 1262 1532 1316 versatur,
1555 1264 1828 1324 elanguescit,
1861 1273 1931 1316 vix
1958 1273 2177 1322 hominum
2204 1280 2298 1325 loco

177 1298 258 1368 (e)
283 1319 560 1360 Exacerbatur
590 1333 686 1360 vero
724 1318 879 1359 crimen
901 1347 913 1369 ,
953 1316 1208 1372 vindicesque
1260 1316 1468 1362 ducimus:
1496 1321 1566 1376 qui
1601 1322 1628 1364 fi
1660 1326 1912 1380 consopitam
1947 1332 2057 1376 vitiis
2090 1336 2300 1383 rationem

173 1388 306 1428 poenae
328 1375 495 1417 saeviunt
518 1374 692 1429 asperius
725 1373 766 1416 in
792 1374 962 1416 suasores
992 1372 1205 1425 adjutores·
1257 1375 1665 1431 exuscitarent‚cum
1690 1384 1832 1426 ceteris
1855 1389 2096 1434 mortalibus
2131 1393 2172 1435 in
2200 1411 2301 1438 ean-

172 1446 250 1486 que
274 1431 448 1473 flaoitii:
474 1431 666 1486 exemplo
690 1430 829 1485 legum
859 1431 1095 1473 Atticarum
1116 1431 1205 1485 qul·
1256 1431 1348 1495 dem
1394 1433 1610 1479 honestatis
1643 1437 1776 1493 legem
1811 1444 1951 1496 procul
1990 1447 2114 1491 dubio
2146 1467 2303 1496 conve·

171 1488 242 1531 bus
269 1489 310 1530 in
328 1467 416 1532 tiioc
447 1504 593 1543 genere
626 1488 854 1531 criminum
879 1487 987 1530 fraus
1011 1490 1172 1543 gravius
1192 1520 1205 1542 ,
1228 1532 1231 1537 ,
1257 1502 1394 1532 nitent
1418 1523 1426 1533 .
1465 1494 1747 1546 Quamobrem
1776 1498 1875 1544 servi
1901 1533 1912 1553 ,
1949 1504 2018 1559 qui
2054 1521 2148 1550 cum
2188 1508 2299 1553 cives

170 1560 295 1600 quarn
321 1526 517 1589 violeniia
544 1545 815 1601 puniebatur:
840 1545 899 1587 vis
923 1545 1036 1588 enim
1061 1561 1082 1588 a
1110 1544 1204 1588 libi·
1226 1539 1231 1629 J
1256 1560 1340 1589 non
1370 1547 1472 1602 fint,
1503 1549 1600 1600 juris
1625 1552 1759 1597 civilis
1791 1556 1966 1603 minime
2005 1564 2254 1621 participant
2281 1583 2296 1621 3

169 1603 264 1645 dine
313 1618 400 1657 quae
420 1603 567 1646 vitium
589 1603 640 1645 est
662 1613 861 1657 corruptae
885 1602 1080 1646 rationis:
1098 1601 1204 1646 fraus
1255 1615 1393 1648 tamen
1417 1607 1686 1660 prohibentur
1709 1614 1952 1660 contrahere
1990 1622 2154 1675 nuptias
2188 1623 2299 1668 inter

167 1674 191 1702 a
217 1634 525 1714 calliditate,in
544 1676 623 1715 qua
644 1659 687 1701 in
710 1659 867 1702 ratione
889 1660 1121 1715 incorrupta
1143 1661 1203 1702 vi·
1253 1674 1409 1715 patrem
1433 1663 1476 1706 3:
1500 1664 1631 1709 filiam
1648 1698 1659 1717 ‚
1693 1669 1787 1724 quia
1812 1671 1849 1714 id
1875 1686 2033 1719 vetatur
2057 1676 2143 1728 jure
2175 1695 2302 1725 natu-

167 1717 272 1760 tium
299 1718 484 1774 arguitur
509 1717 904 1772 voluntatis,eoque
926 1717 1200 1772 perniciosius,
1253 1717 1327 1782 rali
1345 1750 1357 1772 ,
1383 1735 1463 1775 quo
1490 1733 1680 1767 tenentur
1704 1743 1872 1772 omnes.
1899 1733 1976 1783 (ι)
2010 1735 2106 1778 Ideo
2132 1736 2297 1782 Paullus

168 1774 274 1829 quod
294 1775 450 1818 cautius
469 1787 589 1818 nocet
611 1787 731 1830 atque
756 1788 842 1817 arte
859 1773 1030 1825 majori.
1045 1776 1203 1829 Quam-
1252 1788 1333 1818 ait:
1367 1779 1410 1819 in
1433 1781 1706 1826 contrahendis
1733 1789 1997 1833 matrimoniis
2027 1796 2208 1837 naturale
2229 1797 2299 1850 jus

162 1831 307 1874 obrem
346 1832 477 1888 capite
515 1831 777 1887 pleStuntur,
810 1831 1042 1886 quicunque
1074 1831 1203 1875 hone·
1253 1832 1309 1875 (9'
1327 1835 1515 1888 pudorem
1560 1836 1632 1900 effe
1654 1840 1940 1896 inspjcjendum
1963 1864 1977 1887 .·
2011 1861 2145 1893 comm
2170 1855 2299 1908 Pudo-

164 1887 238 1930 stas
262 1888 481 1941 mulieres,
512 1900 581 1932 aut
608 1888 786 1943 virgines
806 1888 924 1931 donis
944 1920 954 1941 ‚
973 1888 1176 1932 illecebris
1193 1921 1206 1945 ,
1254 1906 1333 1932 rem
1363 1904 1493 1935 autem
1526 1895 1597 1950 effe
1618 1928 1630 1950 ‚
1653 1897 1796 1952 filiam
1826 1919 1986 1946 uxorem
2016 1907 2152 1950 ducere
2171 1940 2182 1951 .
2217 1911 2297 1955 Pu·-

164 1957 234 1988 aut
258 1945 360 1989 dolis
385 1947 436 1989 ab
460 1946 666 1989 honestate
684 1945 734 1988 ad
759 1944 1054 2000 turpitudinem
1078 1946 1202 1990 abdu-
1250 1959 1350 2003 gnat
1405 1950 1520 1994 enim
1568 1954 1797 2013 conjugalis
1839 1962 1991 2005 amoris
2034 1962 2297 2011 familiaritas

161 2014 285 2045 cunt.
316 2002 395 2056 (f)
432 2005 496 2046 Ac
532 2002 709 2058 perfe&o
745 2002 907 2059 flagitio
936 2003 1068 2058 capite
1094 2004 1200 2048 mul·
1254 2020 1349 2049 curn
1379 2009 1672 2066 veneratione,
1697 2015 1757 2068 (⁸)
1781 2016 1975 2074 cultuque
2000 2033 2170 2074 paterno
2189 2055 2202 2077 ,
2238 2026 2297 2068 ita

159 2070 298 2102 tantur
321 2075 332 2112 3
363 2059 601 2115 imperfecto
638 2075 735 2103 vero
770 2059 1039 2115 deportantur
1063 2061 1106 2103 in
1137 2062 1201 2105 in·
1221 2053 1226 2086 ⁸
1249 2074 1294 2105 ut
1316 2077 1501 2118 oporteat
1526 2067 1701 2114 alterum
1728 2073 1779 2114 ab
1792 2074 1920 2118 altero
1951 2077 2070 2121 tolli:
2098 2080 2295 2138 nullaque

160 2116 261 2159 sulas
283 2132 292 2156 τ
326 2118 587 2173 corruptique
610 2117 784 2161 comites
812 2118 972 2162 summo
999 2118 1199 2174 supplicio
1248 2120 1458 2178 utrimque
1501 2127 1617 2178 possit
1641 2127 1834 2191 existere,
1874 2132 1947 2176 nisi
1982 2135 2149 2180 absurda
2174 2153 2294 2194 pror-

156 2173 390 2218 afficiuntur
411 2206 422 2217 .
1248 2177 1375 2233 sus&
1404 2182 1624 2227 monstrosa
1666 2188 1903 2238 comunffio
1934 2222 1944 2233 .

1800 2248 1835 2288 R
1853 2261 1872 2289 r
1934 2263 1955 2292 2

1580 2315 2293 2339 **“ῌ-“-.-

1244 2336 1297 2379 spe
1323 2340 1551 2375 remitteretur
1576 2354 1652 2376 cura
1679 2345 1885 2382 educationis
1902 2372 1913 2389 ,
1937 2361 2035 2393 quam
2074 2363 2191 2388 natura
2231 2366 2293 2398 pa-

1245 2383 1393 2416 rentibus
1419 2395 1485 2418 non
1510 2388 1620 2421 minus
1645 2411 1658 2428 ‚
1682 2400 1780 2433 quam
1802 2402 1916 2427 curam
1953 2396 2073 2430 sobolis
2111 2410 2287 2441 procrean-

1243 2426 1291 2459 dae
1314 2430 1527 2464 commendat
1543 2455 1553 2471 ‚
1585 2434 1614 2465 ὃ(
1642 2437 1693 2466 cui
1719 2446 1779 2469 nec
1805 2439 1994 2473 renunciare
2034 2451 2125 2483 pater
2152 2447 2256 2486 potest
2272 2468 2285 2486 ,

1242 2479 1277 2504 ut
1304 2482 1380 2515 pote
1406 2474 1602 2510 introduftae
1629 2489 1695 2511 non
1719 2480 1754 2512 in
1779 2481 1853 2522 sui,
1877 2484 1929 2518 sed
1956 2485 1990 2517 in
2027 2487 2208 2521 liberorum
2234 2489 2282 2522 fa-

1241 2527 1355 2550 vorem
1381 2541 1389 2549 .
1416 2522 1603 2555 Earundem
1629 2523 1684 2567 spe
1711 2527 1902 2567 nuptiarum
1927 2541 1946 2561 a
1981 2539 2072 2572 parte
2101 2533 2285 2569 liberorum

1241 2562 1446 2596 minueretur
1485 2566 1623 2601 studium
1649 2569 1794 2613 obsequii
1821 2594 1832 2611 ‚
1872 2574 1938 2607 fine
1979 2585 2045 2618 quo
2084 2576 2173 2611 felici
2213 2580 2284 2622 ple·

1241 2618 1375 2650 rumque
1411 2609 1504 2644 exitu
1541 2621 1631 2646 caret
1670 2624 1843 2655 parentum
1881 2619 2069 2653 sollicitudo
2096 2646 2103 2653 .
2145 2625 2283 2659 Accedit

1238 2652 1441 2697 inaequalitas
1481 2656 1643 2691 seminum
1678 2660 1767 2693 iuter
1791 2672 1942 2704 parentes
1968 2666 1999 2697 &
2028 2666 2150 2702 liberos
2179 2690 2191 2708 ,
2216 2681 2280 2712 qua

1237 2696 1303 2738 ipsa
1328 2709 1457 2741 quoque
1484 2710 1600 2736 natura
1624 2703 1746 2737 liberos
1769 2709 1934 2741 extraneis
1951 2733 1961 2749 ‚
2004 2721 2102 2746 aetate
2142 2718 2281 2758 aequaii-

1236 2742 1294 2774 bus
1313 2765 1323 2782 ,
1361 2743 1525 2780 destinare
1551 2747 1705 2781 videtur.
1737 2754 1851 2794 Neque
1876 2755 1919 2786 est
1937 2776 1948 2793 ‚
1980 2756 2069 2798 quud
2109 2758 2152 2791 fic
2177 2761 2281 2793 etiam

1236 2788 1365 2829 nuptias
1381 2789 1490 2822 senum
1508 2792 1636 2836 quasvis
1648 2805 1722 2827 cum
1741 2797 1894 2837 puellulis
1910 2798 2048 2834 nefarias
2074 2804 2134 2836 effe
2160 2803 2247 2837 dicas
2271 2817 2280 2837 :

1233 2843 1308 2865 cum
1332 2834 1422 2867 enim
1449 2835 1497 2869 hae
1523 2838 1637 2880 utique
1661 2838 1770 2872 decori
1793 2845 1936 2877 naturali
1955 2856 2137 2889 repugnent
2166 2873 2176 2888 ,
2206 2858 2277 2881 rur-

1234 2877 1349 2918 pitudo
1376 2881 1569 2922 nuptiarum
1593 2884 1683 2916 inter
1709 2895 1863 2927 parentes
1890 2890 1921 2921 &
1949 2890 2070 2924 liberos
2107 2903 2147 2925 eo
2172 2893 2277 2933 adhuc

147 2910 256 2950 junsta
280 2917 339 2949 esse
364 2916 493 2959 potest,
1231 2922 1442 2962 intenditur,
1468 2926 1557 2968 quod
1584 2929 1756 2962 necessaria
1781 2932 1824 2965 est
1850 2945 1966 2966 eorum
1992 2937 2067 2968 vitae
2093 2937 2267 2971 consuetu-

189 2960 324 2992 πίητε,
348 2970 385 2991 „3
408 2962 516 3003 pietas
529 2962 693 3003 geminato
714 2963 833 3003 crescat
846 2972 975 3003 amore,
1228 2966 1271 2998 do
1299 2969 1389 3012 vagis
1415 2972 1625 3012 amplexibus
1647 2975 1856 3016 quotidianas
1882 2980 2064 3013 occasiones
2090 2982 2272 3021 praestitura

147 3008 184 3035 ut
209 3003 255 3035 est
279 3003 314 3036 in
339 3005 564 3039 matrimoniis
592 3007 780 3050 Principum
818 3018 893 3040 cum
933 3007 1056 3050 plebeis
1085 3030 1096 3048 ‚
1122 3017 1178 3043 aut
1230 3015 1308 3045 Non
1336 3022 1506 3048 uteremur
1535 3016 1584 3050 his
1608 3022 1835 3061 argumentis,
1864 3023 1886 3055 fi
1914 3025 2072 3057 constaret
2095 3025 2135 3059 de
2154 3026 2270 3060 horro-

146 3047 196 3079 eui
225 3048 416 3080 renunciare
434 3059 527 3091 pater
550 3059 648 3094 queat
666 3073 678 3090 ,
704 3058 862 3094 tanquam
888 3051 950 3089 juri
976 3064 1036 3095 pro
1062 3055 1091 3087 se
1129 3057 1177 3088 in·
1228 3067 1260 3089 re
1288 3059 1453 3092 naturali.
1475 3063 1596 3094 Verum
1624 3062 1710 3097 hunc
1732 3067 1958 3101 consuetudini
1985 3070 2083 3104 multi
2106 3092 2117 3111 ,
2146 3071 2269 3115 solique

145 3090 304 3125 troduisto
322 3115 331 3125 .
362 3096 434 3126 Imo
459 3095 635 3132 conjuncta
661 3095 728 3129 haee
752 3098 938 3130 reverentia
963 3109 1036 3131 curn
1064 3111 1177 3134 amore
1228 3103 1432 3139 institut-{eni
1456 3106 1606 3142 tribuere
1632 3109 1788 3143 malunt.
2168 3131 2172 3134 ·

141 3135 306 3181 conjugali
349 3138 407 3171 effe
448 3140 560 3183 nequit
598 3163 607 3180 ‚
651 3141 727 3184 quia
765 3141 867 3175 etiam
892 3141 957 3175 sola
984 3145 1174 3186 nuptiarum

1089 2307 1197 2318 ——....

163 2303 608 2315 ————-

200 2334 260 2374 (a)
286 2337 324 2366 1..
340 2345 410 2367 cum
425 2336 483 2379 qui
500 2338 550 2368 18.
578 2334 616 2367 (9⁴
644 2337 667 2368 l.
680 2335 890 2379 soedtffimum
906 2345 959 2367 20.
979 2340 1012 2369 C.
1028 2337 1072 2369 ad
1084 2339 1193 2379 l.Ju1.

153 2378 408 2461 dagaleifum.
435 2424 473 2456 de
487 2424 613 2457 crimin.
637 2425 680 2457 in
704 2426 725 2458 1.
740 2426 772 2467 J
776 2427 820 2458 ul.
866 2426 904 2457 de
927 2425 1034 2458 adult.
1062 2432 1130 2469 cap.
1163 2436 1191 2466 5·

153 2477 321 2550 nuzyizd
335 2512 390 2544 tie.
408 2511 517 2552 Instit.
535 2513 573 2545 de
585 2512 659 2553 pub.
675 2512 772 2552 judic.
789 2514 816 2555 §.
834 2513 914 2547 ium
926 2515 1061 2556 lexJut.

196 2556 250 2595 (A)
280 2559 317 2588 L.
334 2569 364 2598 7.
383 2561 418 2589 C.
435 2558 472 2590 de
485 2556 590 2598 incest.
606 2565 701 2600 nupt.

197 2601 242 2641 [e]
271 2605 371 2634 Deae.
392 2612 443 2633 22.
462 2613 494 2633 v.
513 2613 567 2642 29.
584 2605 687 2636 Exod.
704 2614 757 2635 22·
774 2615 808 2636 v.
833 2607 884 2636 16.

195 2647 246 2688 [f]
274 2650 310 2678 L.
333 2658 358 2678 1.
398 2670 405 2677 .
421 2649 484 2679 αἶς.
496 2646 535 2691 ff
552 2648 589 2679 de
604 2650 760 2680 extraord.
777 2649 904 2681 crimin.

196 2692 248 2734 [g]
278 2693 315 2721 L.
329 2691 359 2733 [ἓ
373 2692 572 2724 adulterium
586 2695 636 2730 38.
649 2691 689 2736 ff.
704 2693 747 2725 ad
760 2695 782 2725 1.
796 2694 874 2734 Jut.
892 2693 929 2725 de
946 2694 1051 2726 adult.

194 2738 243 2776 [h]
272 2737 306 2767 in
321 2736 383 2776 Lfi
396 2737 505 2780 adopt.
545 2736 646 2781 14.ff
662 2738 701 2771 de
714 2739 785 2771 ritu
814 2745 908 2780 nupt.
939 2739 1004 2772 sive
1020 2739 1063 2772 ad
1086 2740 1109 2772 l.
1132 2749 1186 2780 33.

145 2778 248 2865 ''alfii-
265 2782 308 2858 {d
320 2780 496 2867 :lciiiofjiivus
517 2836 566 2866 14.
580 2825 620 2870 ff
641 2827 679 2860 de
692 2828 761 2860 ritu
776 2834 873 2876 nupt.
891 2827 1070 2870 §.servilis
1084 2852 1093 2861 .

192 2870 270 2910 (⁴²)
295 2871 357 2904 Sed
400 2881 470 2913 quae
494 2882 569 2905 cum
594 2882 706 2905 amore
730 2872 897 2917 congugali
933 2871 1070 2907 forsitan
1106 2884 1181 2907 con-
