2596 3479
311 58 420 123 336

304 187 399 241 saepe
461 185 629 229 venenis
660 215 669 226 .

970 50 1111 103 DE
1192 50 1777 121 LEGIBUS,

304 131 339 172 se
372 122 577 171 fraudibus
606 135 738 170 armet
773 152 785 176 ,
828 125 871 168 &
922 140 994 178 pro
1025 122 1168 180 gladiis
1199 137 1337 168 utatur

734 183 867 226 Postea
917 181 1061 228 iudicia
1105 182 1188 224 haec
1247 183 1336 238 lege

301 241 502 287 Cornelia
535 242 701 286 fuerunt
731 238 1011 284 administrata
1049 270 1062 292 ‚
1112 255 1236 295 eaque
1270 240 1333 283 lex

299 301 464 358 praelata
494 299 625 345 etiam
657 298 733 341 fuit
766 295 843 352 legi
886 327 898 350 ‚
948 311 1071 352 quarn
1115 299 1255 340 eadem
1288 297 1335 340 de

297 374 339 404 re
372 359 504 416 postea
537 357 669 400 Caesar
690 354 878 397 Diuator
897 353 1075 397 tulerat.
1110 355 1335 399 Venenum

298 429 437 460 autem
472 415 634 470 perinde
664 425 784 467 atque
815 410 920 465 apud
951 413 1116 454 Graecos
1147 414 1210 463 (a)
1245 415 1334 462 φάρ-

298 490 416 525 μακον
450 473 493 515 in
527 474 677 513 bonam
710 485 754 512 ac
788 468 940 511 malam
967 468 1334 523 significationem,

298 541 419 585 prout
445 543 502 571 res
524 527 725 582 proposita
747 527 916 581 postulat
939 557 952 579 ‚
984 526 1206 580 accipitur.
1244 527 1333 568 Poe-

1386 125 1464 170 five
1499 125 1570 180 se,
1621 139 1690 170 aut
1721 127 1824 171 alios
1857 124 2080 183 voluptatis
2110 155 2123 183 ,
2165 139 2235 173 aut
2267 129 2372 175 lucri
2405 141 2423 187 ,'

1383 183 1513 247 Sic-ut
1546 184 1861 235 Jurisconsultus
1894 184 2074 241 loquitur
2099 218 2111 239 ,
2162 189 2379 242 promercii
2405 218 2420 243 ,

1384 240 1612 303 libidinisve
1643 242 1757 286 causa
1788 243 2020 286 castraverit
2051 275 2063 297 ‚
2108 256 2152 286 ut
2182 246 2331 288 exeffis
2363 258 2422 289 te-

1383 297 1503 361 stibus
1535 297 1615 341 fine
1648 299 1839 343 muliebri
1873 301 2021 355 pudore
2043 301 2289 345 muliebrem
2312 302 2419 345 mol·-

1385 353 1516 398 l1t1em
1542 386 1554 408 ‚
1585 355 1628 397 &
1663 357 1827 401 virilem
1858 357 2069 402 audaciam
2103 359 2183 402 fine
2216 359 2327 402 virili
2358 373 2425 401 ro-

1383 412 1476 455 bore
1510 427 1588 467 prae
1622 413 1656 476 se
1688 413 1821 457 ferant
1854 431 1863 457 τ
1915 416 2020 472 quod
2070 415 2123 459 est
2167 416 2209 458 in
2244 429 2415 472 utroque

1384 469 1475 512 sexu
1507 470 1774 515 deterrimum
1796 472 1838 514 in
1862 472 1915 515 sui
1943 473 2061 515 unius
2083 474 2293 526 personam
2316 488 2421 517 con-

1384 526 1634 579 trahentes3
1685 528 1964 585 pestiferosque
2007 545 2140 573 mores
2184 530 2227 573 in
2259 531 2422 573 animos

297 602 351 629 na
396 585 582 629 veneficii
615 584 755 627 eadem
788 595 874 626 erat
899 615 913 637 ‚
960 599 1006 625 ac
1052 582 1286 626 sicariorum
1321 615 1332 637 ‚
1383 584 1664 638 potentiorum
1696 586 1866 629 effrafflis
1891 617 1902 639 ,
1935 599 2053 643 atque
2085 587 2286 630 obscoenis
2318 603 2416 629 can·

294 659 444 707 nempe
486 641 719 686 interdiffio
751 655 863 695 aquae
894 640 936 683 &
971 640 1078 696 ignis
1103 672 1115 692 ,
1160 653 1229 684 aut
1262 643 1322 684 de-

296 714 473 757 portatio
500 717 508 742 z

1381 641 1561 684 tionibus
1595 641 1891 695 infundentes3
1937 657 1980 685 ut
2025 659 2109 687 non
2143 644 2296 687 mirum
2334 675 2346 697 ,
2394 643 2422 686 fi

545 714 669 743 nuncx
689 713 784 742 vero
817 697 1013 741 ultimum
1041 697 1285 753 supplicium
1316 729 1328 751 ,
1380 698 1601 754 aliquando
1634 701 1799 756 praemia
1832 701 2054 742 virtutibus
2084 701 2217 743 debita
2238 732 2250 754 ‚
2297 700 2421 743 einae-

294 760 360 803 cui
404 773 500 802 cum
543 757 689 800 sicariis
733 756 861 799 etiam
907 755 1080 798 venefici
1115 755 1330 806 subjiciun·
1379 755 1437 798 dis
1465 787 1476 809 ,
1511 755 1727 800 lenonibus
1752 789 1764 810 ‚
1796 773 1842 799 ac
1875 757 2156 800 meretricibus
2191 772 2312 800 unice
2346 773 2423 812 pa-

293 826 358 859 tur
384 848 396 866 3
440 816 540 867 (h)
573 814 649 858 sive
683 811 926 868 praebuerint
956 826 1164 855 venenum
1197 844 1210 865 3
1254 812 1332 855 sive
1381 824 1492 855 teant
1521 844 1531 855 .

293 872 407 917 malo
438 872 607 916 consilio
643 870 886 914 retinuerint
915 900 926 922 ‚
960 869 1217 912 vendiderint
1246 901 1259 922 3
1291 885 1333 913 e-

293 931 449 974 merint
476 961 488 984 ,
520 929 736 973 attulerint
763 959 776 981 ,
817 942 992 981 opemve
1027 925 1286 982 praestiterint
1317 957 1330 980 3

293 988 374 1032 five
406 1003 490 1032 non
524 985 706 1030 hominis
741 983 968 1038 perimendi
1000 1014 1012 1036 ,
1058 983 1119 1026 sed
1151 984 1331 1027 abortio-

292 1046 356 1089 nis
388 1044 503 1089 causa
533 1042 760 1088 obtulerint
798 1073 810 1095 ‚
852 1053 923 1085 aut
964 1041 1213 1084 amatorium
1260 1056 1328 1096 po-

293 1102 433 1147 culum
490 1100 801 1159 propinaverint
827 1131 838 1153 ,
887 1098 994 1142 unde
1054 1098 1143 1155 quis
1198 1098 1330 1141 vitam

292 1160 473 1204 amiserit
504 1177 514 1202 ε

292 1278 375 1321 rint
402 1309 414 1331 ,
457 1275 645 1333 quamvis
687 1273 776 1329 lege
807 1270 1009 1315 Cornelia
1041 1286 1124 1314 non
1156 1285 1327 1314 tenean-

291 1346 357 1378 tur
388 1351 401 1387 3
451 1347 590 1377 tamen
624 1346 787 1387 propter
819 1328 1044 1384 periculum
1072 1359 1084 1382 ‚
1126 1329 1232 1384 quod
1254 1328 1330 1378 vin-

292 1393 511 1435 tenderunt
543 1423 556 1444 3
605 1389 714 1446 quasi
758 1399 901 1431 contra
943 1387 1076 1441 legem
1109 1385 1283 1428 fecerint
1314 1417 1325 1438 3

292 1450 539 1492 honestiores
594 1446 758 1502 quidem
809 1445 1012 1487 bonorum
1068 1454 1177 1498 parte
1219 1442 1328 1486 mul-

294 1508 370 1551 tati
406 1507 628 1548 mittuntur
661 1505 703 1546 in
736 1501 911 1545 insulam
944 1517 956 1555 3
1001 1500 1242 1543 humiliores
1282 1500 1325 1542 in

292 1563 509 1609 metallum
541 1594 549 1603 .
583 1562 686 1613 (d)
719 1560 838 1603 Plura
867 1574 963 1602 vero
994 1557 1325 1601 Senatusconsul-

291 1636 331 1665 ta
357 1654 368 1675 ‚
411 1635 588 1677 quorum
632 1633 715 1661 non
757 1616 949 1661 omniurn
981 1615 1163 1658 au&0res
1189 1646 1202 1668 3
1256 1626 1326 1657 aut

291 1693 479 1733 tempora
511 1690 622 1721 certa
654 1675 930 1732 producuntur
954 1706 967 1727 3
1002 1672 1247 1716 sententiam
1270 1672 1326 1715 le-

287 1736 350 1796 gis
380 1735 599 1792 aliquando
632 1733 826 1777 latentem
847 1764 859 1786 ‚
892 1731 941 1774 ad
974 1730 1118 1785 species
1151 1744 1233 1772 non
1254 1744 1324 1773 ex-

289 1792 432 1849 pressas
463 1793 733 1836 extenderunt
770 1807 779 1832 :
830 1804 1007 1846 quorum
1062 1789 1239 1843 primum
1272 1787 1326 1829 est

287 1851 434 1904 illud,
483 1865 564 1906 quo
617 1848 820 1904 relegatur
861 1845 1040 1902 quisquis
1083 1860 1171 1888 non
1215 1843 1325 1887 malo

287 1910 430 1953 animo
463 1939 475 1960 ‚
526 1906 587 1950 sed
618 1907 666 1949 ad
698 1907 1016 1959 conceptionem
1049 1902 1326 1946 medicamen-

290 1979 379 2009 tum
411 1964 518 2008 dedit
558 1996 570 2017 ,
621 1963 648 2006 si
693 1963 842 2005 mulier
873 1961 1180 2004 medicamento
1213 1974 1325 2002 acce-

290 2036 360 2079 pto
406 2021 571 2077 perierit
600 2053 608 2063 .
651 2021 751 2072 (e)
795 2019 895 2062 Alio
937 2019 976 2060 S.
1009 2019 1060 2060 C.
1095 2016 1327 2072 pleuuntur

288 2077 617 2136 pharmacopola*
654 2109 666 2131 3
715 2089 834 2133 atque
868 2074 1174 2132 pigmentarii,
1223 2073 1328 2118 fuci-

288 2154 365 2194 que
398 2138 572 2180 artifices
597 2168 608 2188 ‚
652 2134 722 2191 qui
757 2134 898 2178 noxias
932 2133 1074 2176 herbas
1105 2133 1152 2175 ad
1185 2131 1324 2175 eluen-

288 2197 386 2237 dum
422 2193 731 2249 purgandumve
763 2207 908 2246 corpus
938 2191 1120 2234 dederint
1140 2222 1152 2242 3
1186 2188 1323 2231 vendi-

291 2251 425 2295 derint
450 2283 461 2304 ,
506 2249 582 2302 (f)
614 2250 759 2304 quibus
790 2249 938 2291 viscera
970 2248 1170 2291 vitiantur
1195 2265 1214 2300 ‚-
1257 2261 1325 2289 ve—

291 2309 367 2352 luti
400 2306 656 2353 cantharides
681 2338 693 2359 ‚
743 2321 830 2362 quae
861 2321 957 2349 cum
991 2305 1117 2348 urinae
1149 2303 1324 2360 suppres-

287 2366 397 2409 sione
440 2365 617 2408 vesicam
659 2364 836 2407 exedunt
878 2395 886 2406 .
941 2362 1166 2415 Porrigitur
1196 2361 1323 2405 etiam

286 2439 357 2480 per
389 2424 428 2465 S.
461 2423 513 2466 C.
547 2421 687 2466 eadem
720 2420 783 2464 lex
816 2418 1014 2464 Cornelia
1045 2419 1092 2462 ad
1123 2434 1191 2462 eos
1213 2449 1225 2469 3
1256 2417 1325 2472 qui

288 2480 472 2525 adversus
506 2491 695 2523 naturam
730 2477 919 2534 ingrati,
965 2477 1172 2519 summum
1216 2474 1326 2519 illius

288 2538 447 2583 donum
477 2537 702 2583 utilitatem
735 2536 840 2590 fibi,
872 2545 943 2578 aut
972 2534 1061 2577 aliis
1082 2532 1323 2590 praecidunt:

290 2667 1326 2686 ——u-——n———a—-n—--n————

330 2754 387 2796 (al
413 2751 548 2789 Homer.
565 2756 602 2788 in
619 2753 721 2797 Odiff.

335 2800 386 2841 [ό]
419 2801 518 2833 pauli.
531 2801 656 2840 senas.
672 2800 728 2831 eit.
743 2809 796 2839 23·
816 2798 852 2830 in
866 2802 911 2840 pr.
927 2795 1053 2831 Matth.
1069 2797 1107 2830 de
1124 2795 1211 2832 crim.
1231 2795 1323 2829 niest-

284 2843 326 2890 θ’.
342 2848 368 2879 Ι.
381 2849 436 2885 48.
457 2843 557 2885 deſse.
575 2851 641 2885 cap.
665 2853 693 2880 3.
712 2843 749 2874 ἴς
765 2851 834 2885 cap.
850 2852 878 2881 ς.
895 2855 984 2875 num.
1000 2852 1030 2881 3.

330 2891 386 2931 (c)
412 2895 450 2925 L.
468 2900 497 2929 3.
510 2888 549 2933 'ff
566 2889 608 2921 ad
621 2890 644 2920 l.
664 2891 784 2920 cornel.
801 2889 838 2920 de
849 2887 902 2927 fic-

331 2937 394 2977 (d)
420 2934 496 2976 1..Ιὶ
511 2934 583 2977 quis
600 2935 652 2972 38.
671 2935 699 2975 §-
716 2934 773 2974 qui
789 2932 964 2964 abortionis
978 2929 1013 2973 ff
1030 2932 1067 2964 de
1081 2932 1181 2973 poem's
1200 2953 1210 2962 .

331 2982 403 3021 [e]
433 2985 507 3019 L.3.
525 2981 542 3022 §
560 2990 589 3011 2.
605 2977 691 3022 ffad
708 2979 848 3009 temet
864 2977 900 3007 de
917 2976 1054 3015 sicvlgss.
1074 2979 1140 3019 §sp
1156 2978 1193 3009 de
1207 2976 1320 3018 poenis.

327 3028 402 3068 (f)
430 3030 467 3058 I..
485 3035 514 3064 3.
529 3023 625 3067 ffiad
638 3026 663 3057 l.
680 3025 804 3056 cornel.
823 3023 859 3053 de
872 3021 964 3062 sicar.
983 3020 1094 3057 Cuiac.
1113 3020 1164 3059 ξς.
1182 3021 1245 3062 obs:
1267 3032 1320 3062 27.

282 3069 323 3103 Θ·
350 3068 552 3107 Gothofred.
576 3069 619 3105 ad
647 3071 672 3105 Ι.
689 3079 716 3111 3·
744 3068 782 3112 ff·
811 3069 865 3102 hoc
892 3067 980 3101 titul.
1004 3067 1061 3109 qm·
1075 3069 1184 3100 omnia
1201 3077 1324 3100 venena

283 3118 425 3158 mense!
438 3140 448 3149 .

1566 815 1723 868 Quibus
1756 827 1799 856 ut
1831 813 1950 856 malis
1983 814 2222 869 Respublica
2243 815 2419 869 eripere-

1378 883 1447 913 tur
1477 885 1526 914 ex
1559 870 1912 914 Senatusconsulto
1941 902 1952 925 ,
1985 871 2051 914 lex
2083 871 2283 914 Cornelia
2316 870 2419 914 ulci-

1379 927 1499 970 scitur
1528 943 1596 970 eos
1617 960 1630 981 ‚
1666 929 1734 984 qui
1768 928 1940 979 castrant
1972 927 2124 971 invitos
2150 945 2162 981 3
2212 930 2279 984 (g
2305 930 2322 979 )
2352 943 2420 971 eos

1378 999 1473 1028 vero
1500 1015 1512 1037 ‚
1542 984 1586 1028 δε
1617 987 1686 1042 qui
1716 1000 1800 1028 non
1823 984 1976 1028 invitos
1997 985 2282 1038 castraverint,
2317 1000 2419 1028 con-

1376 1041 1582 1085 stitutione
1628 1043 1692 1085 sua
1734 1042 1953 1087 damnavit
1984 1044 2189 1086 Adrianus
2222 1058 2234 1096 3
2276 1041 2343 1098 qui
2377 1042 2422 1085 δι

1376 1099 1555 1143 medicos
1588 1100 1724 1144 virilia
1755 1100 2019 1144 excindentes
2052 1112 2183 1144 morte
2215 1098 2416 1154 punivit,

568 1191 579 1210 a
606 1161 664 1210 c)
707 1173 804 1201 nam
848 1157 875 1200 fi
919 1155 1049 1200 vitam
1082 1171 1166 1199 non
1199 1156 1329 1199 abstu·
1350 1162 1355 1203 l
1375 1155 1463 1208 (h)
1499 1157 1542 1200 &
1573 1173 1640 1201 eos
1665 1189 1678 1210 3
1720 1159 1790 1214 qui
1824 1157 1963 1213 sponte
1997 1158 2032 1201 se
2064 1157 2289 1202 castrandos
2322 1171 2423 1211 prae-

292 1219 417 1262 lerint
449 1251 461 1273 ‚
509 1218 552 1261 &
595 1216 810 1261 consilium
856 1213 1027 1257 necandi
1060 1228 1145 1256 non
1178 1212 1327 1256 habue-
1376 1214 1551 1257 buerunt
1587 1246 1597 1257 .

1648 1217 1712 1259 Ac
1768 1216 1946 1260 Neratio
1988 1214 2123 1259 Prisco
2182 1215 2226 1259 &
2271 1213 2421 1257 Annio

1376 1272 1489 1314 Vero
1520 1271 1630 1315 Coss.
1661 1275 1700 1315 S.
1735 1274 1789 1315 C.
1821 1272 1970 1327 prodiit
2001 1273 2044 1316 in
2076 1288 2145 1317 eos
2181 1304 2194 1326 ‚
2236 1272 2305 1329 qui
2341 1271 2422 1314 ser-

1374 1344 1476 1371 vum
1509 1329 1623 1372 suum
1655 1330 1909 1374 castrandum
1932 1330 2188 1382 obtulerint,
2219 1342 2264 1372 ut
2290 1328 2332 1371 in
2357 1326 2419 1370 di-

1375 1385 1502 1429 midia
1535 1387 1738 1430 bonorum
1772 1400 1883 1441 parte
1915 1388 2187 1431 multarentur
2208 1418 2217 1428 .
2250 1386 2419 1438 (i)Se-

1375 1442 1677 1505 natusconsulto
1721 1445 1848 1487 etiam
1881 1445 2057 1487 trahitur
2089 1445 2137 1487 ad
2170 1457 2310 1498 poenas
2342 1441 2420 1485 hu-

1375 1515 1435 1550 Jus
1480 1499 1584 1556 legis
1617 1501 1648 1543 is
1674 1531 1686 1553 ‚
1729 1500 1842 1551 cujus
1886 1501 2086 1552 familia,
2132 1501 2279 1544 sciente
2321 1515 2370 1541 eo
2402 1529 2416 1552 ‚

1374 1557 1635 1611 adipiscendae
1674 1588 1686 1610 ‚
1735 1569 1806 1600 aut
1848 1557 2129 1613 recuperandae
2172 1555 2417 1611 possessionis

1374 1613 1488 1657 causa
1519 1613 1678 1658 venerit
1708 1614 1756 1657 ad
1787 1630 1901 1658 arma
1933 1629 1946 1668 3
1995 1615 2097 1658 item
2139 1613 2184 1656 δε
2214 1611 2284 1669 qui
2317 1612 2419 1655 sedi-

1374 1671 1500 1715 tionis
1531 1671 1671 1715 auS’tor
1702 1670 1825 1715 fuerit
1855 1688 1865 1714 :
1900 1672 1988 1725 (k)
2019 1687 2107 1728 quae
2137 1668 2325 1727 quamvis
2356 1684 2420 1713 re-

1375 1729 1545 1784 spiciant
1575 1730 1704 1773 etiam
1736 1730 1784 1772 ad
1817 1728 1953 1786 legem
1985 1728 2140 1781 juliam
2173 1730 2219 1771 de
2240 1728 2308 1780 vi,
2341 1742 2416 1769 no-

1374 1802 1473 1829 vum
1508 1797 1648 1830 tamen
1683 1802 1766 1830 non
1797 1787 1852 1830 est
1880 1818 1894 1840 ,
1936 1798 1980 1830 ut
2022 1788 2165 1830 eodem
2196 1785 2243 1828 de
2276 1783 2420 1827 crimi-

1374 1858 1423 1886 ne
1455 1842 1607 1899 duplici
1641 1844 1730 1900 lege
1764 1856 1958 1888 caveatur
1978 1875 1990 1897 ,
2024 1855 2068 1888 ut
2099 1842 2182 1893 jam
2215 1841 2417 1897 fignifica-

1372 1900 1508 1943 vimus
1544 1933 1552 1943 .
1606 1902 1689 1955 Qui
1739 1917 1884 1945 omnes
1931 1916 2005 1957 pro
2046 1914 2188 1943 eorum
2242 1898 2369 1954 gradu
2400 1927 2416 1951 ‚

1372 1970 1494 2013 atque
1526 1958 1668 2001 ordine
1696 1990 1708 2010 3
1757 1972 1827 2001 aut
1871 1958 1916 2002 in
1958 1972 2122 2002 crucem
2166 1955 2372 1998 tolluntur
2403 1982 2418 2007 3

1376 2026 1447 2057 aut
1481 2015 1610 2058 bestiis
1641 2015 1892 2065 objiciuntur
1921 2046 1934 2068 ‚
1965 2027 2033 2057 aut
2067 2014 2108 2056 in
2140 2012 2319 2056 insulam
2351 2011 2422 2055 de-

1373 2083 1585 2127 portantur
1608 2103 1618 2114 .
1650 2074 1667 2124 (
1696 2074 1710 2113 l
1734 2074 1751 2124 )
1785 2074 1840 2117 Et
1874 2083 2063 2127 praeterea
2095 2102 2108 2124 ‚
2153 2070 2224 2126 qui
2255 2067 2422 2113 naufra-

1376 2145 1447 2183 gos
1482 2145 1551 2183 per
1583 2129 1668 2172 vim
1699 2129 1951 2185 suppresserit
1977 2160 1990 2182 3
2021 2144 2103 2184 quo
2135 2127 2273 2170 minus
2298 2139 2424 2181 opem

1375 2186 1443 2229 sibi
1469 2186 1560 2241 ipsis
1582 2186 1733 2230 ferrent
1774 2218 1785 2235 .,
1834 2186 1899 2230 vel
1945 2187 2087 2228 navim
2116 2183 2297 2239 periculo
2331 2182 2422 2226 exi-

1374 2257 1535 2285 merent
1560 2275 1572 2296 ‚
1603 2259 1652 2287 ex
1679 2244 1718 2285 S.
1746 2243 1943 2294 Cshujus
1970 2243 2070 2297 legis
2099 2256 2220 2294 poena
2240 2252 2414 2283 tenetur.

1373 2301 1450 2351 (m)
1478 2301 1571 2355 Quo
1600 2301 1777 2355 pertinet
1800 2299 1912 2342 aliud
1934 2300 1976 2341 S.
2001 2300 2056 2341 C.
2081 2297 2413 2340 Claudianorum

1375 2370 1611 2412 temporum
1644 2357 1690 2400 de
1723 2356 1805 2399 illis
1831 2388 1843 2409 ‚
1892 2356 1960 2412 qui
1998 2371 2047 2398 ex
2090 2353 2304 2409 naufragio
2333 2351 2421 2396 cla-

1375 2430 1472 2468 vos,
1507 2413 1570 2457 vel
1602 2429 1729 2458 unum
1756 2430 1805 2457 ex
1836 2413 1898 2456 his
1912 2411 2187 2465 abstulissent,
2224 2408 2420 2454 utomni-

1375 2487 1445 2515 um
1476 2487 1609 2515 rerum
1641 2473 1809 2515 nornine
1834 2482 2075 2521 teneantur,
2108 2471 2196 2520 (n)
2227 2467 2334 2525 quod
2359 2478 2420 2511 et-

1374 2529 1458 2573 iam
1488 2529 1684 2574 convenit
1712 2545 1808 2575 cum
1832 2527 1955 2574 titulo
1980 2527 2027 2571 de
2054 2526 2194 2571 furtis.
2227 2523 2420 2579 (o)Cir-

2307 2596 2422 2626 cum-

1380 2665 1592 2681 ——n——Q
1606 2667 1826 2677 ——-
1838 2664 2054 2676 ———-
2064 2657 2424 2676 -—=--——-—-

1400 2748 1474 2799 'cg
1494 2747 1514 2788 2
1539 2747 1645 2781 Pauli.
1669 2750 1757 2790 fine.
1784 2746 1844 2781 tib.
1862 2756 1892 2787 ς.
1918 2747 2013 2781 titul.
2030 2755 2084 2785 23.
2110 2746 2136 2778 Ι.
2151 2754 2184 2783 4.
2213 2745 2290 2781 5.6.
2311 2738 2352 2784 ff.
2372 2738 2426 2772 hoc

1378 2801 1434 2825 nt.

1417 2837 1476 2877 (h)
1501 2839 1539 2868 L·
1559 2849 1592 2877 4.
1617 2837 1722 2878 infin.

1420 2881 1489 2923 [i]
1520 2885 1558 2914 L.
1579 2881 1665 2925 ⁶·ff·
1685 2884 1751 2915 eod.

1416 2929 1470 2968 (k)
1504 2930 1540 2959 L.
1562 2938 1590 2965 3.
1613 2930 1642 2969 §.
1659 2928 1740 2960 item
1761 2929 1790 2960 ἐς
1805 2925 1844 2970 ff.
1860 2926 1902 2959 ad
1917 2928 1940 2959 1.
1959 2928 2052 2958 Com.
2067 2921 2208 2966 deficar-

1415 2974 1434 3012 ζ
1452 2972 1497 3010 Ι)
1525 2973 1631 3004 s’aull.
1650 2973 1731 3011 [σπι.
1751 2971 1811 3005 lib.
1831 2982 1861 3011 ς,
1882 2973 1938 3004 tie.
1962 2981 2016 3009 23.

1415 3019 1435 3058 (
1449 3017 1512 3055 m)
1539 3020 1580 3049 L·
1601 3028 1616 3056 3
1629 3038 1636 3047 ·
1653 3018 1688 3048 ¹3¹
1697 3016 1750 3058 fin
1774 3016 1816 3060 ff-
1837 3018 1877 3051 de
1895 3016 2019 3052 intend·
2036 3014 2122 3051 min.
2138 3011 2290 3055 naufrag-

1419 3062 1509 3103 [n]
1539 3065 1575 3094 L·
1598 3072 1629 3100 3·
1647 3064 1676 3104 §·
1697 3066 1728 3095 8.
1749 3063 1816 3095 eod.

1427 3107 1503 3150 [ο]
1532 3110 1570 3141 L.
1593 3117 1644 3141 21.
1658 3105 1698 3151 ff.
1713 3108 1752 3140 de
1765 3108 1853 3150 fure.

1737 2836 1775 2882 ff.
1794 2839 1902 2871 eadem
1923 2859 1933 2869 .
