2524 3479
741 110 1690 189 JURtsCIV1L1S.
2196 132 2260 188 35

199 194 362 239 amore
383 190 641 248 obligentur.
654 190 719 243 (a)
751 189 910 244 Quibus
923 190 1111 234 addendae
1128 189 1217 233 sunt
1267 205 1356 233 rum
1373 188 1642 242 judicatarum
1657 185 1882 232 constantia
1897 185 2056 232 firmius
2069 188 2285 237 haeserunt.

199 267 345 296 omnes
370 250 515 306 regulae
538 248 635 301 juris
660 248 701 291 ὃ(
727 248 843 290 bonae
857 248 948 291 fidei
976 246 1125 299 judicia
1150 249 1216 291 sub

197 325 246 354 ea
271 309 475 353 formula:
509 319 552 360 ut
572 308 673 349 inter
703 305 818 348 bonos
849 306 943 348 bene
974 307 1083 362 agier
1110 317 1217 361 opor-

199 380 256 411 tet
282 400 294 421 ‚
325 368 368 411 8<
405 366 510 410 affio
536 363 591 406 rei
616 364 770 406 uxoriae
803 395 815 417 ‚
847 363 890 406 ἃ
921 379 969 406 ex
1005 364 1216 419 receptiori

200 426 421 476 sententia,
442 420 652 466 inofficiosi
674 420 900 464 testamenti
924 421 1086 477 querela
1105 454 1114 464 .
1133 424 1213 465 De-

196 484 324 540 nique
348 478 544 538 quidquid
580 494 602 521 a
630 476 931 530 jurisconsultis
957 495 1118 523 morum
1136 513 1147 534 ‚
1171 479 1214 522 ὃς

197 538 526 590 consuetudinis,
560 536 602 579 ἃ
635 537 785 591 recepti
811 536 908 588 juris
941 538 1110 581 nornine
1134 538 1208 580 fer-

196 611 264 643 tur
292 627 304 650 5
335 612 460 640 omne
490 594 668 650 ipsorum
705 594 945 638 auctoritate
968 595 1142 649 prodiit,
1167 611 1211 638 ac

193 656 358 700 versum
387 654 504 698 estin
532 652 647 695 usum
665 684 675 694 .
696 653 839 696 Multa
861 653 974 695 enim
1001 668 1049 696 ex
1076 654 1211 706 certis,

196 730 244 758 ac
261 712 429 768 privatis
450 711 629 764 casibus,
645 710 687 753 in
702 709 898 765 populum
916 710 1094 754 tradus’ta
1122 712 1211 754 sunt

196 771 431 814 universum
447 802 458 823 ‚
479 781 729 824 exceptaque
757 785 779 810 a
802 768 1104 820 Jurisconsultis
1120 802 1131 822 ‚
1156 769 1207 812 ci-

196 828 272 873 vili
296 828 456 872 ratione
481 826 645 871 munita
676 824 876 880 fuerunt3
908 826 1119 882 posteaque
1150 842 1210 871 re-

638 978 1089 991 ——u.————‘-·——
1099 980 1210 989 ——.

191 978 301 994 μ·-
417 981 523 992 —

239 1013 299 1053 (a)
325 1016 361 1045 L.
381 1024 464 1046 more
479 1011 519 1057 ff.
535 1011 573 1043 de
591 1010 708 1050 jurisd.
729 1022 811 1042 omn.
822 1011 911 1051 Jud-

185 1099 207 1136 ι
239 1058 299 1099 (b)
325 1056 438 1095 cujac.
469 1059 511 1090 ad
540 1059 563 1090 l.
580 1067 610 1088 2.
636 1054 675 1099 ff
708 1056 746 1088 de
772 1057 856 1097 orig.
884 1054 949 1094 iur-
978 1056 1009 1098 ᾗ.
1037 1056 1087 1089 his
1121 1055 1206 1097 legi-

209 1115 246 1137 us
279 1113 309 1140 5.

238 1148 295 1189 (Ὁ
349 1152 397 1181 De
435 1146 545 1181 stoica
584 1144 900 1187 Jurisconsultorum
951 1144 1169 1188 Philosophia
1194 1167 1204 1184 ,

198 1192 289 1225 idem
315 1193 465 1226 docendo
493 1193 646 1224 Gravinae
673 1192 869 1233 praeiverant
883 1188 1034 1226 Cuiacius
1051 1191 1112 1232 obs.
1132 1188 1204 1222 Lib.

192 1240 332 1271 XXVI.
348 1250 431 1277 c.40.
465 1238 495 1270 8<
521 1238 689 1269 Merillius
715 1234 778 1275 obs?
797 1238 870 1267 L.1.
890 1245 913 1266 c.
935 1238 966 1278 85
981 1239 1128 1277 sequem-
1159 1239 1205 1267 De

195 1285 311 1317 eadem
356 1284 481 1317 librum
521 1282 550 1314 se
594 1280 790 1323 singularem
828 1278 982 1311 affectum
1024 1280 1166 1313 habuisse
1193 1301 1203 1318 ‚

195 1332 247 1363 M.
270 1328 425 1363 Aurelius
457 1327 625 1363 Galvanus
652 1325 764 1358 scribit
782 1344 792 1362 ‚
820 1325 859 1356 de
885 1325 989 1365 usufr.
1022 1336 1046 1356 c.
1070 1336 1096 1356 ι.
1129 1327 1157 1366 §.
1177 1333 1201 1355 1.

193 1375 258 1407 Sed
281 1374 331 1406 his
359 1385 424 1406 non
440 1372 588 1406 credulus
610 1371 793 1413 Paganinus
820 1369 1030 1404 Gaudentius
1059 1371 1097 1402 de
1125 1370 1204 1402 Phi-

195 1420 342 1461 lofhphia
367 1419 455 1458 apud
482 1420 643 1450 Romanos
667 1423 735 1458 tap.
757 1425 814 1454 43·
842 1414 980 1457 negabat
1007 1434 1017 1452 ‚
1056 1415 1200 1448 Philoso-

193 1464 308 1507 phiam
328 1485 338 1502 ,
365 1473 437 1506 quae
463 1463 497 1495 in
525 1461 593 1499 jure
620 1470 734 1503 regnat
766 1483 777 1500 ‚
817 1461 963 1492 Stoicam
988 1460 1071 1492 esse.
1099 1464 1200 1504 Argu-

190 1518 305 1543 menta
352 1519 412 1550 pro
453 1508 563 1541 Stoica
591 1511 752 1549 JCtorum
790 1504 1003 1548 Philosophia
1040 1506 1201 1538 concinne

194 1554 392 1596 complexus
434 1554 479 1586 est
525 1554 671 1586 Gravina
696 1575 706 1592 ‚
733 1550 785 1584 sed
811 1572 822 1589 ‚
850 1550 928 1584 licet
956 1573 967 1589 ‚
1007 1550 1202 1584 insectemur

191 1601 325 1634 Stoicos
355 1622 365 1639 ‚
407 1610 446 1632 ne
474 1599 532 1631 soli
566 1596 753 1640 Philosophi
789 1596 853 1629 sint
880 1619 888 1627 .
927 1595 1075 1629 Primum
1101 1597 1202 1639 igitur

192 1646 280 1688 quod
310 1649 398 1677 Zeno
426 1644 497 1677 suos
524 1643 564 1676 ad
593 1654 641 1676 res
675 1642 791 1675 civiles
826 1641 984 1685 gerendas
1015 1641 1165 1675 admittit
1187 1664 1197 1680 ,

193 1690 330 1724 haberet
361 1690 505 1732 aliquam
533 1689 627 1727 vim,
655 1688 676 1720 fi
709 1697 826 1721 omnes
854 1687 985 1730 reliquae
1013 1686 1111 1720 8ectae
1127 1686 1193 1720 Phi

189 1735 406 1779 Iosophorurn
438 1735 510 1767 suos
535 1734 576 1767 ab
610 1734 649 1766 iis
675 1733 859 1765 avocassent
891 1742 903 1773 ,·
925 1732 1078 1775 quamvis
1105 1733 1136 1764 &
1163 1742 1200 1765 ea

191 1781 244 1813 vis
283 1781 402 1821 exigua
434 1780 510 1812 esset
538 1802 550 1819 ,
589 1779 664 1821 quia
698 1777 821 1811 dudum
857 1777 938 1810 bene
973 1777 1199 1810 administrata

195 1826 395 1869 Respublica
424 1833 493 1858 erat
521 1847 530 1863 ‚
573 1833 749 1866 antequam
790 1820 982 1864 Philosophi
1011 1825 1124 1855 Romae
1150 1823 1196 1855 in·

199 1871 411 1904 notescerent
438 1892 447 1901 .
484 1870 722 1902 Definitionem
770 1868 850 1911 legis
877 1890 888 1907 ‚
928 1867 1058 1900 laudata
1083 1879 1198 1901 eorum

192 1917 352 1959 sapientia
370 1939 380 1955 ,
406 1927 424 1947 a
452 1915 572 1948 Stoicis
603 1916 688 1957 petit
719 1914 914 1947 Marcianus
948 1924 960 1954 ,-
985 1912 1197 1957 Philosopho-

189 1973 264 1996 rum
293 1970 409 1995 contra
444 1961 578 1993 nornine
610 1961 697 1993 solos
725 1960 903 2003 Epicureos
930 1958 1118 2001 intelligere
1150 1959 1194 1991 vi-

196 2007 294 2040 detur
324 2005 460 2040 Alfenus
489 2008 525 2038 in
552 2009 590 2037 L.
607 2012 662 2046 76.
692 2010 738 2038 D.
769 2006 816 2040 de,
830 2004 986 2043 judiciis.
1014 2003 1198 2037 Vocabulo-

193 2062 268 2085 rum
299 2052 451 2093 indagare
480 2051 642 2093 originem
661 2072 672 2089 ‚
697 2061 773 2082 cum
799 2048 1091 2089 Grammaticum,·
1118 2060 1194 2082 con—

193 2097 265 2130 cisis
293 2097 328 2128 in
356 2097 507 2129 oratione
537 2096 681 2128 numeris
708 2095 784 2133 uti,
810 2105 886 2126 cum
917 2093 1100 2127 Rhetorem
1128 2105 1196 2126 ma-

189 2142 264 2185 gis,
290 2152 389 2185 quam
416 2140 650 2183 Philosophum
676 2139 822 2182 designet
854 2150 861 2171 :
904 2137 987 2171 nihil
1019 2138 1094 2172 inde
1123 2150 1195 2182 pro-

189 2188 300 2221 ficitur
323 2187 364 2219 ad
396 2187 440 2219 rei
467 2187 627 2218 summam
658 2208 669 2226 ,
708 2184 795 2228 quod
821 2184 898 2226 JCti
922 2194 1052 2226 quoque
1078 2185 1193 2217 verbo-

183 2243 263 2266 rum
293 2233 491 2275 proprietati
517 2231 643 2264 student
670 2255 680 2272 ‚
722 2232 753 2263 &
782 2229 934 2264 brevibus
963 2229 998 2261 in
1026 2229 1196 2263 sententiis

188 2279 338 2311 numeris
367 2285 527 2310 utuntur.
557 2276 659 2319 Atqui
688 2275 806 2319 regulis
837 2276 867 2306 δε
898 2274 1072 2317 principiis
1109 2275 1193 2309 Stoi-

187 2334 302 2358 corum
334 2322 539 2356 delectantur
567 2344 576 2354 .
603 2321 694 2356 Cedo
726 2322 843 2364 quibus
874 2321 886 2354 ?
916 2331 957 2352 an
982 2320 1195 2364 opinionibus

188 2369 378 2403 Stoicorum
404 2367 619 2410 singularibus
656 2389 667 2407 ‚
711 2367 765 2400 seu
791 2389 802 2402 ,
830 2366 850 2399 si
879 2365 984 2398 mavis
1010 2388 1021 2405 ‚
1066 2367 1192 2408 opinio-

185 2426 267 2448 num
297 2415 461 2457 portentis
491 2413 586 2452 illis,
613 2423 683 2457 quae
712 2411 882 2454 παράδοξα
897 2411 1090 2454 appellant.
1121 2415 1195 2445 Imo

185 2461 328 2494 minime
364 2472 373 2499 ;
400 2471 484 2496 eum.
501 2460 593 2492 enim
622 2482 632 2498 ‚
675 2460 731 2501 qui
758 2468 886 2501 partem
911 2458 1022 2490 acervi
1048 2455 1193 2489 frumen-

187 2506 216 2539 ti
243 2505 435 2544 abstulerit‚
459 2505 563 2538 totius
605 2505 712 2537 acervi
756 2503 863 2536 furem
892 2503 979 2540 esse,
1006 2509 1104 2543 negat
1132 2502 1193 2535 Ul-

185 2551 302 2593 pianus
329 2550 364 2582 in
397 2554 434 2582 L.
455 2560 506 2581 21.
526 2558 573 2593 pr.
594 2554 637 2582 D.
655 2551 808 2593 defurtis
823 2571 833 2585 ,
859 2555 975 2580 contra
998 2546 1194 2579 sententiam

188 2596 379 2630 stoicorum
405 2618 415 2634 ,
452 2606 515 2638 qua
555 2595 579 2627 ii
620 2596 733 2628 omnia
776 2601 908 2637 peccata
937 2591 1074 2634 aequalia
1100 2600 1189 2633 puta-

190 2641 272 2675 bant
297 2664 306 2673 .
334 2640 456 2682 Quodsi
484 2640 507 2672 ii
543 2651 657 2674 omnes
685 2640 786 2674 Stoici
815 2638 914 2676 sunt,
939 2637 995 2680 qui
1023 2637 1186 2669 allusioni-

189 2687 251 2721 bus
292 2698 351 2730 pre
382 2685 630 2719 definitionibus
668 2694 805 2718 utuntur
831 2706 842 2722 ‚
886 2692 986 2716 nemo
1035 2692 1187 2715 veterum

191 2732 320 2765 Stoicus
362 2742 428 2764 non
465 2732 529 2764 erit
553 2755 561 2763 .
603 2731 818 2764 Delectantur
859 2729 950 2762 enim
993 2727 1033 2761 iis
1075 2739 1192 2761 omnes

192 2777 358 2819 Theologi
387 2800 398 2817 ,
436 2777 594 2815 Medici,
634 2775 859 2818 Jurisconsulti
897 2782 1026 2808 veteres
1053 2796 1062 2806 .
1091 2777 1193 2816 Jctos

193 2830 271 2854 vero
297 2831 453 2865 praeterea
477 2834 496 2855 a
524 2821 712 2856 definiendo
737 2820 914 2854 cohibebat
940 2818 1064 2852 invidia
1096 2841 1107 2858 ‚
1131 2830 1194 2862 qua

195 2866 323 2909 plebem
357 2867 437 2907 iuris
470 2869 656 2911 ignorantia
683 2867 876 2910 premebant
906 2886 916 2905 ‚
963 2877 1002 2898 ne
1047 2864 1192 2907 ipsorum

194 2910 287 2945 facile
316 2914 450 2948 consilio
477 2926 586 2947 carere
603 2914 727 2956 possent
746 2935 754 2944 .
782 2915 893 2953 Quare
910 2910 1048 2945 minime
1063 2910 1193 2952 φιλοεὶ-

200 2959 295 2997 ξσνιες
322 2968 415 2992 erant
441 2983 452 3001 ‚
478 2961 647 3003 multoque
672 2959 780 2992 minus
808 2969 845 2991 ea
874 2956 1052 2990 definiendi
1084 2955 1194 2988 libidi-

194 3012 236 3034 ne
264 3003 451 3043 pruriebant
484 3027 495 3043 ‚
521 3016 591 3048 quae
620 3005 815 3037 recentiores
853 3002 1008 3046 quosdam
1035 3001 1153 3034 invasit
1182 3025 1193 3042 ‚

197 3047 228 3079 &
256 3057 355 3090 quam
380 3049 414 3081 in
438 3051 637 3083 Feltmanno
674 3049 800 3083 deridet
838 3048 974 3084 Ulricus
1015 3047 1192 3085 Huberus,

197 3092 337 3136 Justitiae
375 3104 450 3126 cum
493 3096 524 3129 se
552 3094 733 3128 sacerdotes
773 3096 941 3137 appellant
967 3116 978 3134 ‚
1016 3102 1192 3134 veramque

198 3146 267 3168 non
292 3137 477 3171 simulatam
523 3140 768 3181 Philosophiam
811 3140 917 3173 colere
957 3139 1154 3182 profitentur
1178 3159 1189 3176 ‚

197 3182 302 3226 m²gi⁵
328 3183 372 3218 est
398 3204 409 3223 ²
452 3190 489 3216 ut
515 3185 734 3220 umbraticam
772 3185 962 3220 stoicorum
1001 3182 1194 3228 sapientiam

1265 249 1329 300 (b)
1361 249 1558 303 Cumque
1591 245 1653 289 his
1675 246 1938 303 aggreganda,¹
1967 246 2055 289 sunt
2090 248 2283 294 formula:

1268 306 1480 358 solemnes,
1495 305 1538 347 ἃ
1553 305 1762 347 cautiones
1777 337 1788 357 ,
1800 306 1842 347 ὅ(
1867 303 2046 347 affloncs
2062 304 2179 361 legis,
2195 324 2282 362 quae

1265 361 1505 414 omniajam
1532 362 1778 406 ostendimus
1801 362 2274 414 deberiJurisconsultis.

1408 477 1449 520 C
1510 478 1549 520 A
1611 476 1641 520 P
1700 478 1744 519 U
1806 478 1849 519 T
1939 479 2135 521 XLIV.

1381 565 1449 609 De
1473 563 1851 621 jurisconsultorum
1883 563 2001 606 Philo
2025 564 2162 620 aphia.

1294 703 1296 706 ι
1358 652 1402 694 Τ
1432 650 1630 707 quoniam
1666 682 1678 705 ,
1719 662 1764 693 ut
1800 649 1980 693 diximus
2019 681 2030 704 ,
2093 652 2140 696 ad
2176 668 2275 707 prun

1387 709 1571 753 dentiam
1620 712 1912 753 Romanorum
1958 708 2036 752 suit
2067 711 2273 755 adtributa

1262 764 1520 824 philosophia
1551 769 1610 820 (*)
1635 769 1901 821 Graecorum3
1934 766 2048 821 plura
2081 769 2272 822 dogmata

1260 824 1469 870 versantur
1498 826 1540 869 in
1573 824 1659 878 jure
1692 823 1806 868 civili
1838 855 1851 879 ,
1884 840 1971 881 quae
2007 824 2274 882 philosopho-

1884 897 1906 925 z
2184 899 2277 929 rum

1259 978 1806 988 ——ss—-u—
1815 975 2164 988 -ι--ι-ι--ι--ιῡῂ

1256 1016 1467 1042 contemnere
1512 1007 1689 1040 videantur
1721 1029 1733 1047 ‚
1758 1018 1857 1050 quam
1885 1007 1971 1050 quod
2000 1019 2037 1040 ea
2075 1018 2277 1049 magnopere

1256 1051 1459 1085 delefflentur
1483 1075 1493 1085 .

1258 1099 1288 1130 &
1326 1096 1547 1131 humanarum
1584 1098 1719 1132 scientia
1758 1097 1917 1130 des-initur
1946 1120 1958 1138 ‚
1998 1108 2065 1130 non
2111 1098 2197 1140 quod
2237 1100 2268 1131 δε

1258 1142 1374 1175 Stoicis
1400 1143 1610 1186 Philosophia
1653 1142 1832 1175 earundem
1875 1153 1984 1176 rerum
2025 1143 2146 1176 notitia
2186 1143 2269 1176 dici-

1260 1195 1337 1226 tur,
1365 1187 1416 1219 sed
1442 1189 1518 1230 quia
1549 1191 1607 1229 Jus
1642 1188 1855 1221 Pontificium
1881 1198 2003 1231 magna
2037 1198 2110 1230 pars
2123 1197 2194 1221 erat
2212 1187 2262 1226 ju-

1255 1233 1300 1264 ris
1316 1231 1425 1264 civilis
1443 1255 1454 1271 ,
1480 1232 1592 1274 utique
1609 1243 1679 1274 quae
1694 1233 1733 1263 ad
1750 1233 1838 1264 sacra
1852 1254 1862 1270 ‚
1891 1233 1932 1265 ad
1955 1241 2037 1266 vota
2053 1255 2063 1271 ,
2090 1232 2130 1264 ad
2151 1232 2264 1274 ferias,

1254 1276 1293 1308 ad
1308 1276 1521 1317 sepulchra&
1538 1278 1559 1308 si
1577 1276 1655 1318 quid
1682 1275 1846 1313 ejusmodi
1875 1278 1919 1310 est
1940 1300 1950 1316 ‚
1978 1278 2121 1320 pertiuet
2139 1302 2146 1309 .
2176 1279 2260 1311 Nul-

1255 1322 1284 1352 la
1322 1329 1434 1354 autem
1477 1321 1753 1363 Philosophorum
1794 1320 1881 1354 festa
1916 1322 1996 1353 adeo
2041 1322 2260 1356 humanitatis

1253 1365 1362 1398 oblita
1385 1374 1480 1405 erat,
1506 1366 1586 1409 quin
1617 1367 1679 1398 suis
1711 1366 1877 1399 societatis
1906 1366 2058 1400 humanae
2089 1378 2260 1401 commen-

1252 1410 1345 1444 daret
1360 1412 1536 1443 commoda
1553 1434 1561 1443 .
1588 1411 1657 1445 Soli
1675 1422 1774 1454 porro
1802 1411 1953 1454 Epicurei
1979 1422 1997 1443 a
2016 1411 2157 1451 Stoicis,
2182 1423 2254 1446 cre-

1252 1455 1294 1488 do
1322 1477 1331 1495 ‚
1359 1456 1575 1494 distentiunt,
1603 1455 1736 1500 quando
1764 1456 1798 1489 hi
1827 1477 1837 1495 ‚
1866 1457 1979 1489 omnia
2008 1455 2153 1491 hominis
2186 1469 2260 1491 cau-

1251 1501 1282 1534 sa
1297 1509 1373 1534 nata
1400 1503 1483 1540 esse.
1511 1501 1606 1540 ajunt
1634 1525 1642 1534 .
1669 1502 1804 1542 Ceteri,
1830 1503 1887 1545 qui
1900 1501 1986 1536 hunc
2012 1502 2159 1537 orbema
2176 1507 2260 1544 Deo,

1251 1547 1382 1580 austore
1410 1547 1575 1590 provido,
1603 1547 1787 1590 profestum
1818 1548 1879 1580 esse
1905 1548 2148 1590 profitebantur
2165 1569 2175 1586 ‚
2205 1559 2260 1581 or-

1252 1593 1326 1625 bem
1356 1601 1412 1625 aut
1447 1593 1529 1625 nulli
1561 1615 1571 1631 ‚
1611 1592 1699 1636 quod
1727 1592 1945 1635 providentiae
1984 1592 2216 1627 adversabatur
2246 1606 2259 1634 ;

1249 1646 1304 1670 aut
1348 1638 1416 1670 usui
1455 1638 1599 1671 hominis
1629 1658 1639 1676 ‚
1678 1638 1831 1671 animalis
1873 1638 2025 1671 omnium
2064 1638 2253 1672 nobiliffimi

1250 1682 1432 1721 destinari,
1460 1683 1639 1717 concedere
1668 1685 1870 1727 cogebantur
1899 1707 1907 1715 .
1938 1687 2025 1726 Ergo
2053 1694 2119 1716 non
2151 1683 2256 1727 magis

1251 1729 1384 1768 Stoica,
1411 1740 1510 1772 quam
1538 1729 1734 1768 Platonica,
1762 1738 1818 1761 aut
1852 1728 2074 1771 Peripatetica
2105 1730 2149 1762 est
2187 1728 2256 1763 haec

1250 1773 1413 1807 sententia
1443 1797 1451 1805 .
1480 1778 1639 1808 Praeterea
1667 1775 1850 1807 rationibus
1877 1773 1945 1806 haec
1976 1774 2061 1806 ratio
2089 1772 2159 1812 jure
2197 1785 2255 1808 an-

1251 1819 1480 1852 numerabitur
1518 1819 1780 1853 claudicantibus
1810 1842 1818 1850 .
1858 1818 1946 1860 Quid
1990 1819 2080 1851 enirn
2110 1821 2117 1853 l
2160 1819 2193 1853 Si
2218 1820 2256 1854 in

1248 1864 1412 1898 usufructu
1441 1875 1507 1898 non
1547 1866 1591 1898 est
1621 1864 1723 1898 foetus
1754 1865 1902 1897 mulieris
1934 1888 1944 1903 ,
1968 1864 2045 1907 quia
2074 1872 2190 1897 natura
2217 1875 2254 1897 o-

1249 1910 1339 1942 mnia
1372 1910 1518 1943 hominis
1545 1911 1635 1943 causa
1655 1910 1842 1953 produxit,
1871 1920 1928 1943 nec
1960 1910 1994 1942 in
2012 1909 2162 1942 dominio
2180 1932 2190 1949 ‚
2216 1910 2251 1942 vi

1249 1954 1393 1992 ejusdem
1423 1956 1487 1989 erit
1519 1956 1658 1989 rationis
1686 1980 1694 1988 .
1733 1957 1856 1990 Usuras
1888 1958 2006 1988 Seneca
2032 1954 2165 1998 quando
2191 1954 2251 1988 hu-

1248 2011 1352 2033 manae
1391 2000 1584 2043 cupiditatis
1620 2010 1716 2034 extra
1754 2009 1909 2033 naturam
1950 2000 2083 2043 quaefita
2119 2001 2255 2033 nomina.

1247 2046 1416 2088 appellat,
1442 2046 1519 2089 quid
1545 2045 1633 2078 aliud
1658 2047 1750 2089 agit,
1777 2056 1877 2089 quam
1895 2053 1930 2078 ut
1956 2045 2131 2078 avaritiam
2151 2056 2242 2077 com-

1252 2092 1359 2132 pescat
1388 2092 1418 2123 8(
1449 2092 1607 2134 reprimat
1636 2090 1781 2125 foenebre
1823 2090 1948 2123 malum
1975 2088 1995 2122 ?
2019 2090 2247 2131 Jurisconsulti

1248 2145 1388 2175 contra,
1415 2147 1491 2169 cum
1521 2137 1631 2169 usuras
1658 2145 1775 2170 natura
1804 2136 1976 2178 provenire
2008 2144 2126 2179 negant
2156 2156 2167 2174 ,
2194 2134 2249 2167 sed.

1248 2179 1317 2218 jure
1345 2181 1470 2224 percipi
1498 2205 1509 2222 ‚
1534 2180 1629 2219 aiunt
1656 2205 1667 2221 ,
1714 2183 1822 2215 usuras
1851 2191 1917 2213 non
1944 2181 2149 2214 naturalibus
2174 2180 2247 2223 qui-

1246 2226 1321 2259 dem
1341 2226 1501 2260 fructibus
1525 2227 1696 2261 accensent
1712 2251 1722 2268 ,
1749 2226 1799 2260 sed
1826 2234 1939 2259 tamen
1968 2225 2092 2259 habent
2117 2236 2175 2267 pro
2202 2226 2248 2258 ci-

1247 2272 1394 2312 vilibus,
1422 2281 1546 2305 naturae
1574 2284 1687 2306 earum
1715 2271 1955 2305 convenienter
1976 2294 1985 2303 .
2014 2275 2130 2314 Neque
2154 2271 2245 2304 enim

1245 2329 1262 2350 e
1289 2329 1320 2351 re
1351 2318 1443 2360 ipsa,
1473 2326 1509 2351 ut
1535 2329 1658 2361 poma,
1686 2329 1780 2357 uvae,
1807 2316 2003 2355 frumenta,
2030 2316 2155 2355 olivae,
2182 2315 2244 2349 foe⁴

1247 2374 1324 2396 num
1353 2364 1381 2396 ἃ
1412 2363 1490 2396 silva
1517 2363 1625 2397 caedua
1656 2371 1780 2396 naturae
1805 2363 1857 2395 vel
1893 2361 1992 2395 solius
2005 2372 2091 2404 ope,
2117 2361 2169 2394 vel
2198 2361 2249 2393 in-

1244 2408 1364 2441 dustria
1392 2408 1535 2442 humana
1574 2418 1776 2450 cooperante
1811 2407 2046 2451 concipiuntur
2072 2419 2082 2446 ,-
2123 2406 2176 2438 sed
2204 2407 2250 2438 le-

1245 2465 1322 2496 gum
1364 2453 1524 2488 beneficio
1563 2454 1745 2488 obveniunt
1776 2476 1787 2492 ,
1824 2453 1895 2486 vice
1941 2460 2055 2485 mutua
2088 2450 2250 2484 utilitatis

1244 2499 1341 2539 ejus,
1368 2509 1468 2542 quam
1494 2511 1534 2532 ex
1563 2500 1706 2542 pecuniae
1734 2499 1788 2531 usu
1817 2497 2034 2531 mutuatarius
2049 2496 2160 2538 capit.
2190 2499 2248 2528 Se-

1245 2552 1383 2586 ptennes
1404 2544 1510 2577 aetatis
1537 2544 1653 2587 gradus
1685 2542 1752 2582 jam
1768 2544 1872 2576 Solon
1898 2543 2136 2585 epigrammate
2164 2541 2249 2574 cele-

1245 2590 1395 2622 braverat
1421 2612 1432 2628 ,
1459 2589 1583 2622 dudum
1621 2597 1797 2632 antequam
1830 2587 1932 2621 Stoici
1971 2588 2070 2619 essent
2103 2610 2111 2618 .
2139 2587 2248 2618 Mitto

1246 2635 1482 2677 Hippocratem
1500 2657 1510 2673 ‚
1534 2635 1610 2677 quia
1640 2645 1705 2667 non
1739 2635 1808 2673 est,
1836 2643 1893 2666 cur
1921 2632 2133 2666 Medicorum
2152 2632 2242 2673 prin-

1244 2679 1310 2722 cipi
1335 2680 1559 2713 testimonium
1587 2680 1781 2713 denuntiem
1821 2678 1856 2711 in
1890 2689 1923 2711 re
1963 2676 2162 2720 quotidianae
2187 2686 2245 2708 ex-

1245 2725 1414 2767 perientiae
1440 2747 1450 2766 ‚
1489 2726 1666 2768 eademque
1702 2725 1804 2767 vulgo
1844 2723 2006 2757 notissima
2032 2745 2040 2753 .
2068 2724 2243 2754 Materno-

1244 2781 1316 2804 rum
1349 2782 1449 2815 porro
1490 2771 1650 2804 viseerum
1678 2770 1783 2803 latens
1810 2779 1892 2802 onus
1918 2792 1929 2804 .
1968 2767 2132 2801 infantem
2161 2777 2243 2799 non-

1242 2815 1321 2849 dum
1348 2816 1503 2857 editum,
1533 2817 1727 2853 hominem,
1755 2816 1824 2848 imo
1853 2814 1976 2847 animal
2007 2814 2065 2846 esse
2083 2834 2092 2851 ‚
2122 2819 2241 2854 negant

1244 2862 1494 2904 Jurisconsulti:
1523 2862 1611 2895 idem
1637 2861 1739 2896 Stoici
1768 2861 1889 2902 putasse
1926 2859 2081 2906 dicuntur
2108 2857 2237 2889 Plutar-

1242 2908 1330 2944 cho,
1354 2908 1441 2952 quod
1470 2908 1593 2941 mirum
1621 2930 1631 2947 ‚
1659 2918 1734 2940 cum
1757 2906 1839 2949 ipsas
1868 2905 2032 2941 virtutes,
2062 2901 2235 2941 justitiam,

1240 2951 1502 2992 fortitudinem,
1530 2954 1739 2997 prudentiam
1756 2975 1766 2993 ‚
1795 2950 1951 2984 animalia
1977 2949 2171 2991 appellent,
2196 2954 2235 2980 ut

1243 3007 1334 3041 patet
1361 3009 1404 3032 ex
1435 3004 1555 3034 Seneca
1583 2998 1752 3042 epistng.
1785 2995 1846 3029 Sed
1871 2997 1985 3028 demus
2012 2994 2045 3025 id
2063 2991 2237 3025 Plutarcho

1242 3044 1280 3077 de
1311 3044 1456 3078 Stoicis.
1484 3047 1531 3078 De
1560 3042 1804 3087 Jurisconsultis
1834 3051 1912 3075 vero
1942 3040 2030 3072 idem
2056 3038 2131 3071 inde
2167 3037 2237 3069 col-

1243 3090 1356 3133 ligitur
1382 3112 1393 3129 ,
1429 3090 1517 3134 quod
1545 3090 1635 3132 spem
1662 3096 1792 3121 tantum
1832 3085 2050 3134 animantis„
2089 3082 2234 3132 adeoque

1243 3147 1309 3169 non
1337 3135 1461 3168 animal
1488 3134 1593 3177 ipsum
1629 3145 1669 3167 ex
1699 3133 1768 3175 lege
1795 3132 1883 3174 regia
1909 3129 2074 3173 peremisse
2113 3127 2234 3158 dicitur

1242 3182 1277 3216 in
1316 3184 1356 3217 L.
1384 3192 1416 3214 2.
1440 3185 1490 3218 D.
1519 3181 1556 3215 de
1582 3190 1706 3215 mortuo
1731 3178 1795 3221 inf.
1833 3176 1891 3220 qui
1927 3174 2102 3209 mulierem
2127 3168 2233 3246 gggli·

2210 3235 2231 3255 ,θ

1532 1052 1798 1095 Jurisprudentia
1850 1052 1889 1084 iis
1927 1063 2037 1085 rerum
2077 1053 2268 1086 divinarum
2307 1070 2329 1088 ο
