2596 3479
264 104 371 170 23⁷6

403 234 448 280 C
505 234 548 279 A
607 233 639 277 P
698 230 741 272 U
800 229 845 271 T
942 226 1158 272 XXXVI.

363 353 431 399 De
460 352 540 409 lege
564 349 707 404 Iulia,
740 343 797 390 (9⁰
827 344 964 401 Papia
995 344 1194 400 Poppaea.

392 469 470 511 Uae
487 465 616 510 adhuc
635 479 684 508 ex
705 459 884 518 antiquis
906 458 1189 503 monumentis
1209 472 1297 500 eru-

264 469 391 592 Q
411 539 459 568 tae
486 526 574 568 sunt
601 523 707 579 leges
725 553 737 574 ,
767 531 887 576 atque
914 518 953 560 S.
970 521 1021 560 C.
1051 517 1098 558 ad
1127 515 1300 570 fingula-

410 598 498 626 rum
538 580 800 637 personarum
841 576 988 619 statum
1031 574 1254 636 respiciunt
1292 603 1302 615 .

259 645 387 686 Nune
417 657 462 684 ea
489 638 574 691 jura
599 637 874 692 expendamus
896 665 908 688 ‚
939 648 1026 690 quse
1056 633 1103 674 ad
1130 645 1299 680 coniun-

257 701 437 743 &ionem
479 697 686 753 pertinent
719 707 862 738 earum
897 723 908 744 ‚
956 696 1063 734 inter
1098 704 1185 744 quae
1215 690 1302 731 sunt

258 757 345 808 jura
375 754 575 810 nuptialia
605 785 618 807 ‚
667 768 689 796 e
712 751 858 808 quibus
889 750 933 791 δὲ
961 748 1203 790 au&orit;ite
1238 762 1293 809 re-

260 831 352 858 rum
394 812 743 857 decernendarutn
803 808 847 851 &
888 805 1154 849 multitudine
1192 819 1301 867 capi-

258 885 348 916 tum
371 904 383 926 ,
415 870 458 914 ὅ(
479 868 720 914 eruditionis
746 865 942 908 varietate
969 895 981 916 ,
1031 862 1303 905 celeberrima

259 932 304 974 &
328 929 576 985 amplissima
602 927 657 971 est
689 925 755 968 lex
784 921 893 975 Julia
916 953 928 975 ,
978 920 1020 963 δι
1049 919 1171 973 Papia
1202 919 1285 974 Pop
1351 920 1479 962 stituit
1510 936 1520 960 τ

1001 94 1829 164 DE-LEGIBUS,

1351 181 1471 227 atque
1496 171 1746 215 inciderint.
1779 168 1893 217 Huic
1911 181 2051 218 autem
2071 170 2152 232 legi
2174 185 2258 220 tam
2279 177 2412 223 mul-·

1353 240 1393 270 ta
1416 228 1806 280 Jurisconsultorum
1835 230 2016 285 responsa
2047 263 2059 285 ,
2090 235 2132 276 ὅ(
2155 232 2390 291 fragmenta

1353 297 1539 348 veterum
1573 286 1662 329 sunt
1690 288 1929 343 implicata;
1964 302 2006 332 ut
2027 291 2092 345 qui
2121 290 2194 335 hac
2216 292 2304 336 luce
2324 309 2392 337 ca-

1353 354 1436 385 reat
1458 375 1469 394 ‚
1503 359 1544 385 in
1579 344 1693 388 cursu
1724 345 1822 397 juris
1855 345 1988 391 civilis
2023 347 2162 401 passim
2194 349 2389 404 offendat,

1350 400 1394 464 ὃς
1421 400 1652 462 prolabatur
1679 419 1690 456 3
1723 405 1907 459 tantique
1941 407 2029 447 usus
2052 437 2063 458 ‚
2106 406 2149 448 ὃ(
2172 405 2391 451 auetorita-

1351 472 1403 501 tis
1427 458 1495 501 diu
1522 458 1688 502 fuerunt
1717 460 1821 516 leges
1851 463 1911 504 hae
1937 462 2044 513 Julia
2065 494 2077 514 ‚
2097 463 2140 505 ὃ(
2168 464 2315 517 Papia.
2348 477 2394 508 ut

1352 528 1516 571 propter
1549 516 1830 562 celebritatem
1853 535 1992 562 earum
2016 521 2118 576 leger
2141 521 2231 560 κατ’
2251 521 2388 573 εξοχήν

1351 574 1676 629 appellarentur.
1701 578 1861 619 Harum
1890 576 2025 631 legum
2048 577 2285 631 inscriptio,
2309 591 2395 620 non

1352 631 1475 674 modo
1490 632 1660 686 Papium
1676 665 1687 686 ‚
1703 635 1744 676 ὃς
1764 635 1978 689 Poppaeum
1993 636 2102 677 Cois.
2119 634 2177 677 sed
2197 634 2241 676 ὅτ.
2261 634 2392 688 ipsum
2414 680 2421 683 ,

1350 688 1507 742 Julium
1535 705 1688 734 nornen
1714 690 1875 744 praefert
1908 707 1922 730 .·
1977 705 2066 735 turn
2102 691 2197 747 quia
2235 691 2391 746 primus

1350 747 1483 798 Julius
1514 747 1649 790 Caesar
1686 748 1872 790 Distitor
1898 750 2108 790 censuram
2138 763 2259 802 agens
2287 780 2298 801 ‚
2343 761 2389 791 ut

1352 819 1458 847 nova
1486 803 1618 848 sobole
1642 805 1870 848 absumtam
1898 803 2013 847 bellis
2033 804 2224 848 civilibus
2244 806 2389 849 urbem

1349 861 1558 916 expleret,
1580 861 1835 908 multitudini
1861 861 2080 905 liberorum
2104 862 2268 917 praemia
2289 877 2392 906 con-

1566 921 1649 971 (c)
1681 932 1773 962 tum
1803 919 1928 962 etiarn
1956 921 2050 974 quia
2075 919 2117 962 &
2152 919 2353 975 Augustus
2377 951 2393 973 ,
2447 953 2452 958 .

260 1003 344 1044 paea
366 1019 377 1041 ‚
408 987 456 1030 ad
480 1000 604 1042 quarn
638 983 754 1040 plura
777 979 941 1024 condita
972 977 1061 1020 sunt
1087 977 1195 1019 S.C.
1213 991 1302 1033 quae
1349 992 1473 1033 quem
1501 976 1597 1030 saepe
1624 975 1783 1028 Julium
1811 975 2066 1031 appellatum
2092 976 2264 1032 legimus
2285 1008 2297 1029 ‚
2317 992 2392 1020 an-

261 1047 354 1089 loeo
383 1045 448 1088 suo
474 1042 779 1098 persequemur.
802 1040 953 1094 Legem
978 1036 1084 1078 hanc
1106 1049 1190 1077 non
1216 1048 1301 1076 tam
1322 1058 1329 1089 i
1351 1050 1405 1077 no
1429 1038 1482 1077 A.
1505 1034 1563 1076 U.
1586 1034 1639 1077 C.
1663 1035 2001 1078 DCCXXXVi.
2026 1033 2271 1077 coelibatum
2305 1049 2394 1089 poe·

261 1103 367 1146 ratio
387 1133 399 1156 ‚
430 1116 554 1157 quam
585 1099 792 1142 necessitas
815 1095 1004 1149 expressit
1031 1095 1081 1136 ab
1105 1092 1303 1136 ORavia-
1352 1092 1414 1135 nis
1436 1092 1703 1135 damnaverat
1723 1123 1735 1145 ‚
1769 1092 1930 1143 nuptias
1955 1091 2156 1135 extulerat
2182 1093 2357 1146 praemiis
2378 1119 2402 1135 .›

259 1176 316 1204 no
341 1159 522 1215 Augusto
561 1189 571 1201 .
621 1157 737 1199 Cum
761 1154 876 1198 enim
903 1152 1149 1195 diuturnum
1177 1150 1302 1193 civile

260 1217 416 1262 bellum
444 1217 588 1260 urbem
609 1213 713 1258 caede
738 1211 893 1256 civium
911 1242 923 1263 ,
954 1210 996 1253 ἃ
1022 1223 1210 1270 :eranum
1239 1209 1301 1250 in-

261 1276 456 1333 gentibus
483 1273 680 1323 sumtibus
704 1269 970 1321 exhaufiffet3
1005 1268 1138 1310 Caesar
1172 1265 1304 1321 publi-

262 1335 319 1378 cis
345 1332 641 1376 necessitatibus
676 1360 690 1382 ‚
739 1326 993 1380 singulorum
1035 1323 1302 1367 incommodo

264 1391 419 1435 censuit
447 1387 780 1445 occurrendum3
823 1384 981 1427 etenim
1010 1383 1140 1424 multa
1168 1380 1302 1423 millia

262 1460 517 1492 armatorum
551 1444 793 1487 interierant
825 1472 837 1494 ,
879 1441 964 1492 (a)
996 1440 1037 1483 ὃς
1064 1441 1155 1482 urbs
1186 1438 1302 1480 valde

263 1506 493 1549 decreverat
525 1501 621 1558 fuga
644 1533 655 1555 ,
687 1500 730 1542 ὃς
756 1498 1000 1541 abstinentia
1026 1496 1263 1550 nuptiarum
1288 1526 1296 1535 .

263 1563 381 1608 Adeo
414 1574 456 1604 ut
489 1575 584 1603 cum
615 1557 688 1613 ips1
722 1556 870 1598 latores
891 1554 1000 1610 ¹legis
1035 1553 1180 1607 Papius
1205 1585 1216 1606 ,
1260 1552 1302 1594 ὃ(

266 1621 458 1676 Poppaeus
482 1617 598 1660 Coss.
626 1613 793 1658 coelibes
819 1612 943 1655 essent
963 1642 976 1664 ‚
1007 1611 1051 1653 ὃς
1074 1625 1302 1666 quaereren-

263 1692 333 1721 tur
370 1676 443 1719 alii
477 1706 489 1728 ‚
534 1674 604 1730 qui
641 1672 789 1715 liberos
817 1669 1014 1712 haberent
1036 1700 1048 1721 ,
1091 1667 1194 1723 quod
1221 1667 1302 1709 illis

264 1733 379 1777 Coss·
407 1730 692 1787 Praeferrentur
715 1731 732 1781 (
760 1727 906 1770 liberos
931 1728 1047 1769 enim
1073 1725 1224 1768 habens
1259 1726 1300 1767 in

261 1791 512 1836 Consulatus
555 1788 752 1845 petitione
787 1784 1070 1839 praeferebatur
1101 1785 1118 1834 )
1153 1783 1298 1837 reperti

263 1865 351 1893 non
386 1848 542 1891 fuerint
581 1860 676 1890 cum
704 1843 843 1886 liberis
866 1843 976 1886 cives
1000 1840 1211 1884 consulatu
1243 1840 1298 1882 di-

265 1907 340 1964 gni
369 1938 383 1959 ,
425 1905 494 1961 qui
522 1919 589 1947 eos
613 1903 657 1946 in
683 1901 882 1957 petitione
910 1899 1174 1957 superarent.
1217 1897 1303 1949 (b)

265 1967 409 2019 Itaque
451 1961 653 2016 Augustus
688 1959 882 2014 augendae
927 1955 1030 2011 proli
1057 1955 1301 1999 coelibatum

264 2021 399 2078 poenis
436 2052 448 2073 ,
497 2018 687 2073 conjugia
733 2016 777 2060 ἃ
812 2013 1122 2058 multitudinem
1155 2012 1304 2055 libero-

265 2094 356 2122 rum
389 2076 564 2132 praemiis
587 2073 722 2118 affecit
754 2090 766 2127 3
810 2071 1013 2128 explendo
1043 2083 1180 2114 autem
1206 2085 1300 2112 aera·

265 2136 329 2180 rio
360 2134 591 2178 libertatem
623 2130 809 2188 capiendi
838 2146 890 2174 ex
920 2129 1058 2173 alieno
1084 2129 1300 2172 testamen-

266 2207 309 2236 to
331 2225 342 2245 ‚
376 2207 523 2247 magna
547 2207 596 2234 ex
623 2201 735 2245 parte
762 2187 944 2244 praecidit
963 2219 976 2240 ‚
1021 2202 1066 2229 ac
1099 2185 1302 2228 transtulit

266 2250 312 2294 in
345 2250 543 2305 populum
575 2248 662 2299 jura
682 2247 725 2290 ἃ
752 2245 866 2289 lucra
892 2245 1148 2299 privatorum
1186 2274 1198 2295 ‚
1229 2255 1302 2294 ut,

264 2305 372 2364 quod
399 2304 578 2348 solemne
601 2305 655 2347 est
675 2336 686 2357 ,
718 2302 928 2358 publicum
959 2301 1227 2344 commodum
1253 2316 1303 2343 ex

265 2365 521 2421 privatorum
543 2362 686 2417 opibus
706 2359 893 2404 coauum
914 2359 1103 2402 deflueret
1124 2358 1170 2400 ad
1194 2357 1301 2413 prin-

264 2424 400 2478 cipem
428 2452 436 2462 .
470 2420 584 2464 Cum
607 2432 727 2463 autex
755 2419 818 2461 lex
846 2417 930 2460 haec
955 2417 1076 2471 Papia
1100 2418 1303 2459 coerceret

264 2479 423 2524 civium
446 2493 542 2521 cum
566 2478 610 2520 in
641 2477 818 2520 testando
854 2507 867 2525 ,
917 2486 1005 2517 tum
1043 2474 1084 2516 in
1111 2474 1303 2517 nubendo

264 2537 498 2580 libertatem
532 2552 540 2576 ι
586 2532 870 2586 jurisconsulti
908 2531 1090 2587 aequitati
1125 2531 1257 2587 magis
1289 2563 1302 2585 ,

264 2609 389 2650 quam
415 2593 649 2648 principum
673 2590 877 2642 consiliis,
910 2589 1084 2644 legisque
1112 2589 1303 2632 severita-

265 2652 298 2694 ti
325 2650 520 2693 studentes
553 2666 565 2704 3
612 2650 673 2692 ita·
706 2665 753 2693 ea
781 2648 1159 2703 interpretabantur
1191 2662 1204 2700 3
1256 2661 1301 2690 ut

265 2719 468 2764 quantum
493 2707 536 2750 in
568 2707 602 2750 se
627 2707 705 2751 suit
731 2738 743 2761 ,
793 2706 898 2750 vires
923 2704 1032 2748 illius
1058 2704 1255 2759 fregerint
1287 2735 1299 2756 ,

265 2842 828 2854 κου-*ψ’*

311 2880 371 2921 (α)
398 2878 563 2912 Scholiai‘l.
585 2880 701 2911 Horat.
719 2880 754 2910 in
774 2878 989 2918 σπῆι-[τεαῖ-

313 2925 362 2967 [b]
390 2924 534 2963 Dionys.
555 2932 608 2962 33.
643 2925 720 2956 ωλι
733 2921 846 2959 cuiae.
861 2924 904 2956 ad
922 2924 978 2955 tit.
996 2924 1029 2953 C.
1047 2923 1085 2954 de
1101 2923 1208 2956 caduc.
1228 2923 1300 2956 toll.

264 2972 374 3004 Tacit.
392 2970 449 3003 lib.
469 2981 483 3008 3
514 2971 628 3001 annal.

309 3017 363 3056 (c)
388 3017 486 3048 Dion.
502 3013 557 3047 lib.
575 3024 629 3053 43.

306 3062 364 3101 O)
390 3062 474 3094 Dein
490 3067 598 3092 autern
616 3057 741 3101 perlata
755 3058 799 3090 est
813 3068 901 3090 anno
914 3056 1046 3090 circiter
1063 3061 1108 3091 U.
1125 3061 1162 3091 C.
1187 3061 1300 3092 DCC·

263 3107 373 3140 Lvn.
407 3110 509 3139 Sexto
534 3105 629 3138 Aetio
661 3108 745 3139 Cato
772 3104 800 3135 ἃ
817 3108 854 3138 C.
875 3103 988 3136 Sentio
1005 3103 1190 3136 Saturnino
1205 3103 1296 3137 Coss.

259 3152 485 3195 quinquennio
512 3159 587 3185 ante
602 3151 709 3194 legem
726 3149 865 3192 Papiam
880 3152 1056 3193 Poppaeam
1073 3171 1083 3190 ,
1111 3149 1140 3181 ἃ
1163 3149 1297 3192 quidem

1059 2841 1296 2853 ..—---—

1351 1152 1454 1205 Quae
1479 1161 1618 1192 tamen
1643 1149 1707 1193 lex
1735 1147 1880 1198 rejecta
1905 1149 1989 1202 (²³)
2013 1148 2291 1194 multitudinis
2314 1148 2393 1192 dis-

1352 1208 1465 1252 sensu
1491 1206 1602 1251 fuit:
1638 1207 1746 1250 nnde
1779 1205 2043 1263 Propertius:

1471 1322 1632 1376 Gavisa
1654 1320 1705 1377 est
1718 1335 1816 1365 certe
1826 1321 2033 1376 sublatam
2047 1323 2225 1379 Cynthia
2240 1322 2362 1378 legem
2376 1352 2390 1377 ,

1468 1382 1565 1432 Qua
1596 1381 1756 1435 quenda
1772 1397 1795 1419 n
1820 1380 1948 1423 edida
1957 1380 2104 1434 flemus
2121 1392 2281 1436 uterque
2293 1381 2365 1422 diu
2380 1409 2395 1433 ,

1468 1438 1535 1479 Ne
1567 1455 1636 1480 nos
1671 1437 1875 1480 dtvtderit
1895 1468 1904 1479 .

1351 1496 1549 1537 Horatius
1591 1507 1729 1537 autem
1775 1495 1817 1537 in
1862 1493 2044 1537 carmine
2087 1492 2262 1537 saeculari
2296 1492 2390 1538 fau·

1352 1553 1455 1595 stum
1487 1552 1649 1594 exitum
1685 1552 1885 1600 praestatur
1918 1551 1980 1593 his
2015 1551 2193 1606 legibus:

1470 1611 1592 1653 Diva
1619 1609 1813 1663 producas
1836 1608 2041 1661 sobolem,
2070 1620 2309 1665 patrumque

1468 1665 1679 1720 Prosperes
1710 1666 1862 1708 decreta
1887 1665 2008 1720 super
2038 1666 2230 1722 iugandis

1469 1724 1663 1766 Foemr'nis
1677 1738 1704 1774 ;.
1726 1723 1928 1778 prolisque
1960 1740 2067 1767 novae
2090 1724 2221 1777 feraci

1469 1781 1570 1837 Lege
1600 1782 1746 1823 marita
1765 1811 1774 1821 .
2160 1790 2171 1796 '

1353 1894 1525 1939 Etenim
1555 1895 1622 1938 sub
1645 1907 1877 1940 extremum
1905 1893 2154 1950 imperium,
2186 1894 2313 1938 lenita
2336 1895 2392 1940 se-

1354 1953 1524 1997 veritate
1552 1969 1769 2008 poenarum
1790 1986 1802 2006 ,
1840 1953 1918 1996 lata
1942 1954 2075 1996 denuo
2100 1953 2164 1996 lex
2191 1953 2244 1996 est
2268 1969 2290 1995 a
2319 1954 2391 1995 Pa-

1353 2013 1420 2066 pio
1447 2010 1604 2054 Mutilo
1626 2044 1637 2057 .
1657 2011 1700 2054 ὅ(
1722 2013 1773 2065 Q.
1798 2011 1967 2065 Poppaeo
1988 2010 2101 2053 Coss.
2124 2025 2234 2053 anno
2257 2012 2309 2052 A.
2329 2009 2385 2052 U.

1353 2070 1405 2112 C.
1437 2069 1705 2112 DCCLXII.
1730 2069 1820 2120 (d)
1846 2083 1935 2124 quae
1953 2068 2119 2111 demum
2148 2066 2313 2119 tenuit,
2346 2067 2392 2110 in

1352 2141 1522 2181 eamque
1557 2124 1789 2169 Consulum
1816 2126 2072 2180 rogationem
2106 2125 2247 2180 prioris
2285 2124 2384 2179 legis

1352 2184 1486 2239 capita
1513 2183 1636 2226 relata
1664 2183 1776 2227 fuere
1813 2216 1825 2237 ‚
1876 2183 2050 2239 indeque
2086 2182 2289 2238 appellata
2324 2181 2389 2225 lex

1352 2241 1461 2292 Julia
1480 2271 1491 2290 ,
1525 2242 1569 2284 ὃς
1596 2240 1716 2296 Papia
1740 2242 1934 2296 Poppaea,
1967 2255 2009 2284 ut
2036 2253 2174 2283 tamen
2190 2238 2392 2292 Julia-po-

1354 2299 1552 2342 tissimum
1585 2299 1632 2340 ad
1663 2298 1945 2341 contrahenda
1975 2296 2281 2348 matrimonia3
2316 2296 2395 2339 Pa-

1356 2357 1418 2409 pia
1443 2371 1538 2399 vero
1559 2355 1605 2398 ad
1625 2354 2054 2410 suscipiendosliberos
2070 2353 2307 2397 referretur.
2331 2353 2390 2405 (e)

1352 2415 1455 2456 Sane
1482 2426 1579 2456 ante
1605 2412 1674 2454 lias
1700 2412 1832 2467 leges,
1862 2411 2052 2468 quamvis
2065 2410 2176 2454 nulla
2194 2425 2315 2465 poena
2328 2409 2388 2452 es-

1355 2470 1412 2515 set
1442 2487 1464 2514 a
1485 2469 1568 2522 jure
1589 2469 1806 2514 constituta
1833 2501 1845 2522 ,
1890 2469 2056 2512 coelibes
2088 2482 2228 2511 tamen
2254 2467 2392 2523 aliqua

1354 2527 1590 2584 ignominia
1617 2543 1685 2582 per
1712 2526 1912 2571 Censores
1940 2526 2187 2569 notabantur
2200 2523 2391 2580 exemplo

1356 2585 1760 2637 ‚Lacedaemoniorum
1790 2617 1799 2627 .
1849 2583 1929 2638 [f]
1973 2583 2097 2627 Unde
2139 2594 2250 2626 extat
2283 2582 2391 2636 apud

1353 2643 1543 2687 Gellium
1573 2643 1704 2686 oratio
1727 2641 1894 2686 Metelli
1924 2640 2175 2693 Numidici,
2208 2642 2297 2696 (g)
2316 2639 2390 2694 qui

1352 2701 1492 2745 censor
1523 2700 1887 2744 matrimoniorum
1920 2698 2197 2755 frequentiam
2231 2695 2390 2796 suasitE.

2375 2765 2393 2796 t

2175 2831 2259 2844 -Ἀ

1807 2834 2048 2848 —ae·——

1470 2837 1575 2846 ”-

1354 2874 1488 2906 nomine
1510 2872 1590 2913 legis
1605 2872 1701 2916 Juliae
1717 2870 1756 2903 de
1776 2869 1973 2903 maritandis
1987 2869 2174 2907 ordinibus,
2189 2876 2225 2900 ut
2241 2879 2281 2900 eit
2305 2871 2388 2901 Sve-

1351 2918 1444 2951 tonio
1459 2920 1488 2951 εε
1505 2918 1610 2950 Dione
1626 2925 1775 2950 accurate
1792 2914 1933 2948 ostendit
1952 2914 2008 2948 Vir
2030 2914 2167 2948 Illusttis
2184 2937 2192 2949 .
2214 2917 2255 2954 Jo
2272 2913 2382 2948 Gotti-

1351 2963 1570 2996 Heinneccius
1584 2985 1594 3002 ‚
1621 2964 1658 2993 in
1683 2961 1899 3004 eruditiffimo
1913 2961 2140 2994 commentario
2155 2959 2196 2990 ad
2211 2967 2382 3001 utramque

1350 3010 1449 3052 legem
1464 3009 1552 3051 p.4‘3.
1602 3008 1662 3048 (d)
1689 3007 1787 3037 Dion.
1803 3006 1862 3038 lib.
1880 3010 1930 3044 56.
1951 3004 2024 3038 md.
2041 3004 2098 3037 lib.
2119 3014 2146 3043 3.
2164 3005 2284 3045 ofig.5.

1393 3054 1450 3094 (e)
1475 3051 1587 3091 cujac.
1605 3053 1647 3084 ad
1667 3052 1720 3084 rit.
1739 3052 1877 3094 Ulpica.
1899 3055 1950 3083 16·
1981 3053 2010 3094 ς.
2026 3051 2080 3095 qui
2094 3050 2184 3084 incra
2199 3047 2286 3083 verb.
2303 3057 2382 3080 neu·

1351 3099 1395 3133 tri
1409 3101 1479 3141 legi
1493 3123 1501 3130 .
1598 3099 1673 3138 (f)
1700 3097 1797 3128 Dion.
1819 3098 1843 3129 Ι.
1859 3107 1917 3135 44.

1407 3145 1461 3188 [g]
1488 3145 1572 3178 Vide
1587 3143 1719 3189 epitom.
1735 3141 1865 3175 Livian.
1880 3144 1904 3177 Ι.
1923 3150 1976 3182 50.
