2596 3479
131 0 166 7 Ὗ,

159 92 277 147 168·

153 175 205 224 ge
239 176 428 222 agentes,
460 177 585 220 quam
619 159 924 221 Athenienses,
955 157 1020 207 (a)
1051 154 1198 218 &ipse

159 225 306 278 Plato,
338 222 402 275 (b)
427 237 522 265 nam
551 219 614 263 illi
642 218 812 276 pecunia
844 228 1014 277 crimen·
1034 211 1194 274 aefhtna-

158 295 285 327 runt:
322 280 391 324 hic
424 278 548 334 duplo
580 277 663 329 ejus
696 275 778 328 rei,
810 287 896 329 quae
931 286 972 313 in
1004 268 1198 332 judicium

156 339 456 389 deducebatur,
487 336 593 393 quod
624 334 739 386 judex
773 332 931 374 reddere
964 338 1124 383 cogitur
1148 341 1200 378 el,

162 413 286 454 quem
332 395 395 440 fua
440 393 636 439 sententia
685 390 808 434 laefit.
861 389 928 431 Ab
959 386 1033 451 liae
1066 396 1202 449 autern

96 467 98 470 ’
163 458 269 501 ΧΗ.
303 455 382 497 tab.
409 452 614 497 severitate
642 450 795 492 recessit
830 447 1018 499 posterior
1050 455 1142 486 aetas
1163 456 1204 484 in

162 513 380 557 deteriores
405 508 586 566 prolapsa
613 522 745 550 mores
763 538 772 548 .
804 505 995 566 Cumque
1023 513 1204 544 veterum

166 570 304 622 legum
355 568 510 611 oblivio
551 566 595 609 &
646 563 870 618 impunitas
913 561 1104 622 judicum·
1139 573 1209 611 pu-

163 628 338 672 dendam
372 625 616 677 judiciorum
648 619 922 676 corruptelam
974 615 1211 677 peperiffet3

165 685 399 740 supervenit
426 683 486 726 lex
513 680 620 733 Julia
647 677 1079 734 repetundarum‚qua
1099 672 1211 714 dein-

167 758 258 796 ceps
290 741 372 784 tale
406 740 563 784 crimen
598 749 850 781 coerceretur
877 751 886 775 τ
939 732 986 794 de
1019 746 1096 784 qua
1124 728 1212 784 lege

166 799 392 854 disputandi
420 798 529 840 locus
554 795 630 838 erit
645 794 751 837 libro
779 793 982 847 sequenti.
1016 788 1211 848 Pijaeterea

164 874 215 902 ex
242 855 428 899 Praetoris
452 853 626 905 EffiSm,
660 851 727 908 qui
763 850 878 892 litem
915 847 1024 890 suam
1047 842 1214 907 fecisset,

169 915 247 959 five
285 930 353 966 per
385 911 525 956 dolum
560 909 700 959 injuste
731 904 965 959 judicasset,
1000 913 1103 956 parti
1150 900 1212 964 lee-

171 972 217 1014 sae
250 986 388 1014 veram
424 968 557 1021 judieii
591 964 899 1008 aestimationem
945 959 1215 1023 praestare-ju-

172 1031 316 1081 betur,
349 1028 406 1077 (c)
438 1026 602 1078 aliaequc
637 1036 766 1077 poenae
799 1036 820 1062 a
854 1017 1215 1078 constitutionibus

172 1085 408 1142 principum
441 1081 708 1125 accesserunt.
741 1078 803 1131 [d]
850 1075 960 1119 Dolo
992 1086 1216 1136 autem-Ju-

173 1143 306 1186 dicare
328 1141 490 1183 videtur
509 1171 520 1191 ‚
542 1138 610 1192 qui
632 1152 700 1191 per
724 1134 896 1190 gratiam
914 1164 925 1185 ‚
949 1144 1017 1175 aut
1045 1147 1112 1185 per
1134 1146 1216 1173 ini-

175 1198 355 1243 micitias
372 1230 383 1250 ,
403 1210 471 1240 aut
492 1211 560 1250 per
583 1193 708 1237 sordes
729 1194 771 1235 in
794 1191 977 1235 fraudem
1006 1189 1107 1245 legis
1129 1188 1212 1230 sen-

176 1255 349 1300 tentiam
372 1253 632 1298 tulerit.Lex
660 1264 799 1293 autern
829 1248 922 1291 talis
949 1246 1104 1290 fortasse
1123 1244 1214 1288 fuit:

255 1315 308 1368 Si
352 1313 509 1384 judex
553 1309 816 1364 arbiterve
877 1307 987 1378 jure
1030 1306 1175 1358 datus
1201 1345 1216 1373 ,

178 1393 246 1446 ob
301 1408 411 1443 rem
468 1388 736 1442 dicendam
806 1386 1079 1458 pecuniam
1134 1401 1217 1436 ac-

175 1468 373 1542 cepsit‚
415 1465 601 1539 capital
643 1462 788 1533 est0‚
831 1460 903 1534 (Ὃ

334 1599 375 1642 C
435 1600 475 1642 A
537 1598 568 1640 P
627 1599 670 1639 U
731 1596 775 1638 T
890 1594 1059 1638 LVIII·

483 1714 548 1756 De
573 1709 690 1765 salfis
720 1709 879 1766 testibus
899 1740 908 1752 .

281 1829 389 1873 Orro
432 1826 675 1879 judiciorum
721 1825 934 1877 integritas
979 1838 1063 1865 non
1093 1819 1221 1864 solum

301 1886 470 1929 avaritia
514 1884 655 1936 judicis
700 1883 918 1925 coercenda
945 1912 957 1933 ‚
1005 1881 1063 1922 sed
1095 1880 1220 1923 etiam

183 1943 350 1999 perfidia
382 1942 540 1984 testium
575 1940 795 1983 avertenda
827 1939 1087 1982 conservatur
1111 1969 1120 1979 .
1155 1936 1221 1986 Ju-

181 2001 289 2044 dices
320 2000 434 2043 enirn
465 2014 485 2041 e
516 1998 630 2040 djffis
677 2014 722 2040 ac
757 1998 830 2039 fide
870 1995 1029 2038 testium
1065 1995 1220 2037 senten-
1261 2010 1266 2015 ·

182 2057 285 2100 tiam
335 2068 584 2111 expromunt
638 2054 789 2096 suam.
834 2053 1115 2106 Quamobrem
1174 2065 1223 2092 ne

183 2113 333 2157 falfitas
385 2113 544 2156 testium
598 2111 813 2154 sententias
862 2110 991 2164 pariat
1023 2108 1222 2160 injustas:

184 2169 369 2228 oportuit
401 2181 511 2213 metu
546 2184 762 2225 poenarum
807 2166 923 2210 falsos
956 2167 1067 2209 telles
1100 2167 1149 2207 ab
1181 2181 1217 2205 a·

185 2223 272 2271 ditu
304 2227 551 2279 judiciorum.
581 2227 816 2269 absterrere·
854 2224 949 2266 ldeo
981 2223 1082 2276 apud
1109 2224 1218 2265 Grae-

186 2300 256 2328 cos
277 2316 288 2337 ,
322 2286 482 2339 (quarn
517 2282 728 2325 nationem
761 2281 913 2324 Cic'ero
945 2279 1073 2330 ajebat
1101 2280 1224 2321 sacra-

183 2353 425 2385 mentorum
459 2338 578 2382 fidem
612 2354 821 2394 nunquam
856 2336 1017 2380 coluisse
1044 2368 1054 2387 ‚
1087 2338 1104 2387 )
1136 2351 1225 2392 gra-

187 2398 306 2441 vibus
339 2397 470 2452 poenis
503 2396 713 2438 mendacia
764 2394 923 2438 testium
959 2394 1226 2448 prohibeban-

188 2466 286 2498 tur:
320 2466 365 2497 ut
399 2453 550 2496 Atticis
583 2453 767 2507 legibus,
811 2453 878 2507 qui
913 2451 1058 2493 falsum
1092 2451 1133 2494 in
1167 2450 1224 2501 ju-

188 2511 296 2555 dicio
340 2510 595 2567 protulissent
625 2541 638 2564 ,
691 2522 831 2566 praeter
880 2508 1057 2552 multam
1103 2508 1227 2552 etiam

194 2677 305 2694 μ-

241 2711 295 2748 ta)
322 2710 387 2751 Jul.
411 2711 538 2744 Pollux.
554 2715 612 2745 l.8.
629 2717 732 2752 cap-1.
758 2712 883 2752 Interp.
899 2708 1052 2749 Thucyd.
1069 2709 1113 2741 ad
1128 2711 1163 2739 6.

239 2754 298 2795 (b)
325 2753 432 2786 Ls'biss.
458 2757 495 2787 de
518 2756 665 2797 legibus.

241 2800 298 2838 (c)
324 2802 419 2836 [ηις.
440 2801 456 2841 §
480 2799 654 2841 filiusfam·
674 2797 712 2841 ff
728 2799 765 2831 de
777 2797 879 2836 iudit-

238 2844 298 2885 (ὅ)
327 2846 368 2875 C.
402 2844 439 2876 de
463 2854 545 2887 poen.
582 2844 652 2883 jud.
681 2845 737 2886 qui
773 2846 857 2876 male
892 2841 963 2882 iud.
989 2842 1028 2875 (5·
1052 2854 1127 2876 nov.
1158 2852 1227 2881 124.

193 2898 220 2924 3.
249 2900 280 2921 2.

244 2934 292 2975 [⁴²]
321 2936 490 2966 Summam
510 2933 589 2971 {cais
603 2931 730 2966 Gellius
753 2931 889 2964 exhibet
907 2934 1024 2964 LXX.
1048 2942 1108 2965 c.1.
1134 2933 1231 2966 verba

198 2977 269 3018 ejus
283 2979 325 3012 ab
341 2979 577 3016 interpretibus
598 2978 727 3020 penitus
742 2977 878 3010 confifta
896 2977 968 3008 sunt
984 3000 991 3006 .

420 2681 764 2693 ——.-—
771 2680 896 2691 ——..
1121 2677 1228 2687 ——n-

243 3025 290 3066 [e]
320 3025 461 3055 nemost.
481 3023 510 3056 ἐν
525 3027 571 3056 τᾶ
595 3020 670 3057 κατ’
692 3021 832 3064 Ευίμγσν
859 3021 890 3055 ἐν
905 3023 948 3055 εὖ
963 3020 1037 3062 πρδς
1052 3021 1233 3065 Τσμὸθεον

190 3070 322 3103 Pollux.
343 3070 402 3100 l.8.
425 3070 522 3101 Petit.
539 3070 581 3101 ad
603 3072 666 3108 leg.
689 3069 793 3102 Attic-
809 3066 904 3107 lib.4.
922 3068 1015 3109 ‘'¹57-

230 3115 292 3158 [f]
321 3113 451 3149 Gellius
467 3112 583 3155 lib.29.
607 3121 710 3158 cap-1.

587 85 690 140 DE
732 81 922 158 JURE
963 62 1388 134 NATURALI
1413 108 1430 138 ‚
1471 69 1893 140 GENTIUM,

1257 145 1482 190 infamiam
1515 148 1776 193 sustinerent:
1811 163 1898 203 quae
1927 144 1970 190 &
2001 145 2044 192 in
2079 146 2303 204 producen-

1255 218 1344 267 tem
1371 219 1537 267 quoque
1571 206 1689 250 falsos
1723 206 1835 249 testes
1868 205 2144 249 redundabat.
2179 203 2300 261 Quod

1255 261 1456 309 iudicium
1482 269 1737 316 κακοτεχνιῶν
1771 263 1990 306 vocabatur
2017 295 2027 306 .
2057 265 2114 316 (e)
2148 266 2305 307 Roma-

1258 317 1300 360 ni
1340 332 1437 362 vero
1471 322 1661 374 quamvis
1699 320 1935 378 integrioris
1974 320 2064 364 fidei
2095 352 2107 374 ‚
2158 335 2301 364 tamen

1258 387 1422 431 propter
1448 375 1646 427 majorem
1666 375 1908 429 judiciorum
1939 376 2184 433 religionem
2208 379 2300 433 sup-

1259 432 1432 488 plicium
1465 435 1759 478 exacerbarunt
1786 468 1795 478 .
1829 434 1907 489 (s)
1940 435 2073 491 Igitur
2107 435 2303 490 exemplo

1260 489 1468 544 Platonis,
1493 491 1564 546 qui
1590 503 1650 535 ter
1670 491 1774 535 falsis
1800 493 2037 536 convietum
2065 493 2203 537 testem
2231 507 2304 535 ne-

1259 548 1294 592 ci
1328 547 1555 591 dedendum
1589 548 1768 593 decrevit
1804 552 1874 592 lib.
1914 566 1973 592 11.
2014 551 2064 593 de
2094 552 2166 606 leg.
2193 549 2304 601 jusse-

1263 617 1358 649 runt
1391 605 1656 660 Decemviri,
1689 619 1733 650 ut
1761 607 1878 650 falsus
1898 607 2003 650 testis
2026 623 2047 650 e
2080 608 2174 650 saxo
2197 608 2304 649 Tar-

1263 662 1352 718 pejo
1383 661 1621 714 dejiceretur
1647 680 1656 704 ε
1692 663 1804 715 cujus
1845 663 1924 706 loci
1957 663 2275 717 profunditatem
2295 693 2310 717 ,

1265 719 1484 773 nondum,
1535 732 1579 763 ut
1613 720 1743 775 postea
1786 720 1919 764 eversa
1962 722 2100 763 Roma
2144 721 2308 773 veteri,

1264 777 1389 821 ruinae
1421 777 1685 821 aedificiorum
1737 777 2013 830 impleverant
2044 808 2058 830 ‚
2108 789 2151 819 ut
2181 776 2307 819 altior

1263 847 1381 878 antea
1407 865 1420 887 ,
1454 849 1565 878 nunc
1608 834 1650 878 in
1685 833 1902 888 planitiem
1935 845 2105 890 vergat.
2141 835 2304 877 Verum

1263 893 1443 936 relaxata
1476 890 1595 935 simul
1622 907 1716 935 cum
1743 892 1966 935 virtutibus
1999 891 2154 935 civium
2182 891 2302 947 lege,

1263 948 1452 1004 capitalis
1483 963 1605 1003 poena
1625 950 1815 992 conversa
1838 949 1916 993 fuit
1940 950 1983 991 in
2008 948 2179 992 exilium
2197 981 2208 1000 ‚
2233 956 2303 991 aut

1267 1005 1563 1062 relegationem
1591 1006 1635 1048 in
1660 1005 1931 1062 insulam‚(g)
1955 1022 2079 1062 quam
2113 1019 2310 1061 perpetuat

1265 1063 1440 1108 infamia
1467 1062 1766 1116 comitabatur,
1799 1063 1968 1118 aliaeque
2000 1077 2132 1117 poenae
2160 1079 2182 1104 a
2204 1062 2310 1114 judi-

1265 1122 1321 1165 cis
1355 1119 1530 1164 arbitrio
1563 1119 1804 1174 pendentes:
1840 1119 1924 1172 [h]
1959 1134 2045 1175 qua:
2089 1132 2228 1163 tamen
2257 1120 2311 1162 ab

1265 1178 1432 1222 eruditis
1456 1176 1710 1220 Triboniani
1747 1175 1918 1229 adjeffio
1951 1188 2183 1230 reputatur.
2218 1178 2312 1220 No-

1268 1236 1343 1280 luit
1367 1234 1482 1279 enim
1501 1233 1814 1288 Tribonianus,
1849 1246 1898 1278 ut
1917 1233 2116 1285 Cujacius
2141 1234 2316 1289 suspica-

1268 1307 1333 1337 tur
1353 1325 1365 1346 ,
1408 1292 1479 1334 has
1512 1306 1683 1346 poenas,
1731 1291 1836 1344 forte
1880 1291 1973 1347 quia
2005 1291 2075 1334 fibi
2108 1292 2316 1348 graviores

1269 1352 1506 1393 viderentur
1532 1379 1544 1401 ‚
1576 1349 1806 1404 exprimere
1834 1366 1843 1389 τ
1881 1349 1985 1391 unde
2013 1348 2159 1400 adjecit
2184 1349 2233 1392 ad
2259 1349 2317 1392 le-

1268 1423 1361 1463 gem
1412 1405 1479 1462 qui
1526 1404 1626 1447 falso
1667 1406 1709 1448 ff.
1741 1406 1788 1449 de
1821 1406 2018 1448 testibus:
2052 1424 2077 1448 a
2108 1407 2312 1458 judicibus

1267 1475 1519 1519 competenter
1554 1464 1778 1518 puniantur
1810 1495 1822 1516 ‚
1864 1462 1928 1506 vel
1979 1475 2024 1505 ut
2069 1463 2167 1518 legit
2201 1465 2313 1506 Har-

1270 1519 1515 1576 menopulus
1539 1552 1551 1573 ‚
1593 1537 1618 1561 a
1662 1520 1865 1572 iudicibus
1912 1521 2215 1573 competentibus
2239 1531 2317 1574 pu-

1269 1580 1435 1621 niamur
1459 1608 1470 1629 ‚
1501 1575 1568 1616 ὑπὸ
1599 1579 1674 1616 τῶν
1705 1578 1908 1626 προσφόρων
1941 1578 1999 1628 (¹⁵)
2031 1577 2225 1628 ἀρχὸν-των
2255 1591 2319 1616 τι..

1269 1639 1494 1687 μορσῦνται.
1541 1632 1668 1675 Unde
1722 1632 1908 1674 consulto
1941 1633 2150 1688 suppressit
2185 1630 2319 1675 Paulli

1272 1692 1390 1733 verba
1418 1722 1430 1743 ,
1481 1706 1569 1746 quae
1614 1690 1656 1732 in
1691 1688 1984 1732 sententiarum
2020 1689 2165 1743 libris,
2211 1688 2317 1732 unde

1271 1748 1336 1791 lex
1371 1748 1443 1790 illa
1478 1751 1638 1800 lumta,
1670 1745 1746 1790 fuit
1779 1747 2080 1790 inveniuntur.

1457 1861 1498 1903 C
1560 1864 1597 1904 A
1659 1861 1690 1903 P
1749 1862 1794 1902 U
1853 1862 1897 1903 T
2015 1861 2130 1904 LIX.

1565 1964 1630 2007 De
1661 1962 1774 2018 Teste
1804 1962 2009 2016 Desertore
2028 1993 2038 2004 .

1389 2047 1503 2091 Falso
1531 2048 1624 2092 teste
1651 2048 1899 2092 transeamus
1918 2048 1964 2090 ad
1984 2064 2078 2091 eum
2095 2079 2107 2098 ‚
2132 2047 2199 2104 qui
2222 2062 2319 2092 cum

1413 2106 1485 2149 sele
1512 2106 1652 2148 testem
1678 2106 1900 2158 obtulerit,
1933 2105 1996 2148 vel
2025 2105 2315 2160 libripendem‚

1274 2179 1395 2218 quem
1421 2163 1513 2206 loco
1541 2164 1646 2205 testis
1667 2164 1940 2216 adhibebant,
1973 2163 2104 2218 postea
2135 2164 2318 2206 testimo-

1277 2221 1390 2262 nium
1418 2219 1519 2262 ferre
1545 2220 1585 2262 in
1608 2219 1759 2270 judicio
1776 2253 1787 2272 ‚
1820 2220 2003 2274 dietaque
2039 2220 2101 2262 sua
2127 2233 2318 2273 compro-

1278 2280 1367 2319 bare
1393 2276 1611 2319 detree'tet:
1647 2278 1716 2332 qui
1748 2276 1966 2319 testimonii
1993 2275 2192 2329 desertor,
2226 2290 2320 2318 meo

1277 2333 1425 2385 judicio
1445 2365 1457 2385 ‚
1484 2333 1587 2375 recle
1615 2332 1913 2388 appellabitur,
1938 2333 2045 2388 isque
2065 2333 2191 2376 etiam
2214 2332 2321 2375 testi-

1280 2390 1469 2433 monium
1502 2388 1687 2444 defugere
1719 2389 1896 2442 dicitur,
1929 2401 1972 2432 ut
1998 2389 2041 2432 δ(
2065 2390 2133 2444 qui
2161 2389 2215 2433 rei
2239 2389 2322 2431 ali-

1278 2447 1389 2498 cuius
1418 2447 1555 2490 :tucior
1575 2446 1712 2489 haberi
1747 2447 1875 2489 nolit.
1906 2447 1936 2488 is
1961 2446 2148 2502 defugere
2175 2446 2324 2489 dicitur

1281 2505 1568 2549 auetoritatem
1584 2536 1595 2565 ·,
1613 2503 1733 2560 Quod
1748 2503 1851 2560 apud
1865 2504 2028 2547 Graecos
2042 2504 2198 2549 crimen
2220 2502 2323 2546 dici-

2250 2573 2316 2603 tur

1869 2635 2334 2684 --..--.....-.ο’

2011 2704 2017 2710 ’
2039 2725 2047 2734 .
2072 2712 2098 2733 ι.
2120 2698 2161 2742 ff
2187 2700 2229 2732 ad
2253 2702 2317 2741 leg.

1323 2705 1384 2749 (g)
1408 2704 1497 2737 Paul.
1522 2706 1607 2744 sent.
1635 2705 1727 2744 liius.
1756 2712 1824 2747 cap.
1847 2714 1895 2743 13.

1279 2752 1404 2784 Comel-
1434 2750 1474 2782 de
1496 2750 1577 2791 falfi

1326 2796 1386 2836 (h)
1414 2796 1452 2825 L.
1471 2796 1527 2836 qui
1541 2795 1629 2835 falso
1640 2792 1680 2836 ff·-
1698 2794 1735 2825 de
1753 2790 1853 2834 testib.

1326 2843 1400 2882 θ’)
1425 2838 1664 2879 Harmcnopuli
1684 2837 1779 2870 lectio
1800 2837 1900 2869 etiarn
1941 2834 2254 2873 refelliturl.14.·c.
2283 2835 2322 2865 cie

1282 2885 1438 2926 testibus,
1465 2893 1504 2916 ex
1534 2893 1597 2925 qua
1629 2891 1764 2924 apparet
1800 2903 1810 2920 ,
1836 2880 1877 2912 ad
1905 2890 2036 2923 poenam
2067 2877 2204 2913 falsariis
2236 2878 2327 2911 infli-

1280 2930 1420 2973 gendam
1441 2951 1452 2967 ,
1478 2938 1558 2970 opus
1577 2937 1641 2959 non
1657 2927 1716 2958 effe
1735 2949 1745 2964 9
1773 2934 1808 2958 ut
1825 2923 1920 2962 judex
1939 2925 1976 2957 fit
1992 2931 2181 2966 competens
2195 2945 2204 2960 7
2224 2924 2326 2956 modo

1279 2972 1449 3008 falsarium
1490 2971 1604 3014 puniat
1638 2977 1867 3013 competenter
1893 2992 1901 3001 .
1941 2970 2153 3002 Basilicorum
2199 2979 2327 3011 quoque

1280 3017 1505 3054 scholiaillud
1523 3025 1755 3058 competenter
1785 3015 1953 3057 probam,-
1978 3014 2100 3047 habent
2131 3013 2216 3045 enim
2250 3027 2328 3055 πμ-

1281 3077 1425 3109 ς-Φσρως,
1455 3062 1513 3096 etfi
1532 3062 1631 3094 aliter
1657 3060 1780 3102 inipffs
1812 3060 1954 3092 Basilicis
1985 3060 2136 3101 legatur,
2168 3059 2330 3094 ut.obser·

1279 3119 1338 3147 vat
1357 3107 1586 3152 schultingius
1614 3105 1653 3140 ad
1676 3106 1792 3140 Paulli
1803 3106 1888 3147 fine.
1911 3107 1988 3138 L-V.
2009 3105 2124 3142 tiras·
2143 3105 2206 3146 §.5.

1517 2673 1754 2686 ———-.-—-
