2524 3479
666 87 1032 165 JURI‘s
1113 81 1668 142 CIVILIS.

713 166 810 218 (a)
854 162 1012 206 Eodem
1030 158 1160 206 ”enim
1186 177 1191 211 ῃ
1216 172 1307 203 rum
1335 192 1346 214 ‚
1378 161 1421 204 ὃς
1456 162 1664 206 sumtuum
1699 162 1869 217 praemio
1896 193 1909 217 ‚
1952 165 2233 222 antiquiorem

154 167 300 214 aedium
335 164 621 225 procuratione
655 198 664 208 .

154 239 340 281 tempore
373 257 385 279 ‚
427 242 508 281 quo
551 225 661 281 plebs
699 223 743 266 in
788 223 977 264 montem
1010 217 1191 264 sacrum?

156 284 339 327 secedens
374 283 613 335 impetravit
643 297 666 324 a
698 281 849 324 Senatu
882 293 993 321 anno
1025 280 1078 321 A.
1110 265 1191 352 U.l

152 342 207 384 C.
233 343 406 386 CCLX.
441 341 652 383 Tribunos
682 370 694 391 ,
726 336 907 381 obtinuit
933 336 1031 379 duos
1056 337 1165 379 AEdi—

149 396 209 442 les
241 416 261 443 e
294 399 406 456 plebe
428 396 646 448 creandos,
678 397 746 452 qui
775 395 972 437 Tribunis
997 410 1163 449 operam

151 459 380 512 praeberent
406 488 417 509 ‚
451 455 494 498 δε
527 454 810 497 ministrarent
837 484 848 507 ‚
884 453 969 504 (b)
1001 468 1164 495 eorum-

149 529 227 569 que
258 515 356 567 jussu
382 517 516 557 caulas
542 512 713 555 leviores
741 543 752 564 ,
785 509 950 566 litesque
985 524 1164 565 privatas

1185 393 1188 395 ’
1215 404 1299 434 tem
1333 392 1670 435 transmittebant

2162 109 2223 161 31

1215 216 1258 259 in
1291 219 1442 262 Senatu
1473 220 1651 265 dicendae
1683 221 1892 264 sententiae
1926 219 2066 265 locum
2101 225 2233 280 impe-

1214 276 1408 331 trabant,
1439 277 1482 320 ὃς
1515 290 1654 334 togam
1690 291 1931 332 praetextam
1968 310 1980 333 ‚
2012 279 2056 323 &
2092 281 2231 326 sellam

1214 334 1400 377 curulem
1442 366 1453 386 ,
1505 334 1604 379 item
1636 334 1696 387 jus
1728 336 1997 394 imaginis-in
2028 338 2237 392 posterita-

1705 424 1714 434 .
1748 395 1918 438 Matura
1951 393 2069 447 hujus
2100 396 2256 452 magi--

1212 448 1353 491 stratus
1390 462 1482 492 aetas
1519 462 1604 492 erat
1635 465 1841 493 annorum
1870 468 1937 507 37.
1984 453 2235 510 praecipuam

1210 518 1348 549 autem
1398 505 1724 557 jurisdictionem
1757 512 2003 552 exercebant
2035 526 2080 553 in
2116 513 2233 555 rebus

150 572 310 628 aliquot
354 570 627 625 dijudicandas
661 569 902 624 susciperent
931 599 943 621 ‚
994 570 1037 610 ὅ(
1067 582 1190 615 curn}
1216 563 1431 609 venalibus
1465 597 1477 618 ‚
1510 564 1554 607 3<
1588 581 1720 608 rerum
1756 579 2043 622 corruptarum
2079 568 2234 613 vitium

149 630 298 673 aedium
333 628 530 673 sacrarum
565 660 577 681 ,
622 642 709 671 tum
757 627 943 670 locoruin
978 627 1158 680 publico-

148 701 240 729 rum
263 719 275 739 ‚
309 701 401 730 turn
434 700 609 730 annonae
641 700 780 729 curam
813 694 998 738 gererent
1028 715 1040 736 ,
1075 700 1162 727 ma-

146 755 365 791 tronarum
399 759 532 787 mores
560 777 572 797 ,
605 744 764 787 civium
799 742 951 785 sumtus
976 773 988 794 ‚
1039 742 1157 785 dieta?

147 816 257 858 que,
291 801 474 859 faetaque
508 801 746 845 immodesta
782 799 1043 843 observarent
1076 831 1089 854 ‚
1120 799 1164 842 &

146 873 408 904 coercerent.
440 861 516 903 Sed
550 875 644 903 cum
676 858 891 902 contentio
923 870 1065 901 exorta
1098 857 1162 901 in-

146 928 211 960 ter
237 919 400 961 Plebem
418 948 429 970 ‚
461 917 504 960 &
532 918 729 960 Senatum
757 917 803 959 de
824 915 1007 958 Consule
1028 931 1158 958 crean.

144 973 196 1016 do
227 973 440 1030 quievisset
460 1007 471 1028 ‚
508 975 698 1030 plebsque
734 973 959 1028 pervicisset
984 1005 995 1026 ‚
1029 986 1072 1016 ut
1104 974 1160 1015 al-

1210 621 1507 675 observabant,
1539 622 1582 665 ἅ
1608 622 1764 667 fraudes
1822 637 1891 668 aut
1918 627 2231 681 praecavebant‚
2261 662 2267 671 i

1210 691 1280 721 aut
1326 679 1667 724 redhibitionibus
1699 683 1974 726 emendabant
2008 715 2017 725 .

2064 684 2140 726 Pro
2174 697 2233 728 te-

1214 752 1278 780 rea
1299 769 1310 790 ,
1359 740 1582 781 Praetorum
1617 739 1740 781 instar
1764 772 1776 793 ,
1821 740 1887 783 his
1917 741 1964 785 de
1999 741 2114 786 rebus
2146 700 2233 786 Ξάἱ-

1211 794 1323 838 &urn
1356 795 1673 852 proponebant,
1706 813 1787 853 quo
1819 798 1993 854 populus
2023 800 2227 844 admone-

1214 853 1357 906 batur,
1389 869 1435 898 ac
1465 853 1711 908 docebatur,
1745 872 1870 911 quam
1899 856 2106 902 rationem
2132 857 2230 901 aedi-

1214 910 1268 953 les
1301 924 1439 955 tenere
1471 912 1626 955 vellent
1658 927 1769 956 anno
1803 914 1858 958 sui
1892 915 2148 971 magistratus
2181 916 2227 959 in

1213 968 1411 1012 reddendo
1441 967 1526 1020 jure
1559 986 1567 1010 :
1605 971 1707 1013 unde
1735 972 1871 1028 Hegio
1895 974 1999 1028 apud
2032 973 2227 1017 Plautum

147 1042 207 1075 ter
232 1032 464 1076 Consulum
489 1048 509 1076 e
536 1031 703 1088 plebeiis
731 1032 843 1074 fieret
870 1062 882 1085 ‚
913 1031 966 1072 ob
991 1022 1186 1086 eamque:l
1212 1025 1267 1068 ita
1310 1026 1492 1083 loquitur
1536 1027 1583 1070 de
1625 1029 1796 1083 parasito
1829 1028 1966 1074 festive
1999 1030 2134 1086 legem
2167 1030 2227 1075 fe-

147 1089 308 1133 causam
352 1090 396 1133 in
445 1090 645 1143 honorem
680 1091 866 1132 Deorum
898 1089 1069 1131 Senatus
1105 1089 1161 1132 lu-

143 1146 214 1190 dos
245 1147 478 1191 decrevisset
508 1163 521 1201 3
553 1147 686 1190 aediles
716 1145 841 1201 plebis
867 1161 1016 1189 munus
1050 1145 1161 1189 ludo-

146 1220 240 1248 rum
273 1204 505 1248 recusarunt
533 1221 541 1246 :
591 1205 655 1248 cui
700 1202 861 1246 muneri
897 1203 971 1246 sese
1004 1202 1159 1246 obtule—

144 1275 242 1306 runt
277 1261 441 1306 Patricii
472 1262 674 1314 juvenes:
709 1261 788 1311 (c)
820 1260 964 1316 quibus
991 1261 1041 1302 ab
1071 1260 1164 1302 uni—

147 1320 268 1364 versis
293 1321 434 1377 gratiae
459 1320 580 1372 as‘tae,
616 1316 845 1374 prodiitque
868 1317 906 1358 S,
925 1317 976 1358 C.
1012 1329 1054 1359 ut
1085 1318 1164 1359 duo

147 1378 282 1421 aediles
313 1393 362 1420 ex
399 1376 580 1432 patriciis
605 1408 617 1429 ‚
660 1387 829 1429 rogante
864 1373 1076 1418 DiRatore
1098 1405 1109 1426 ‚
1141 1390 1163 1417 a

144 1436 298 1491 populo
330 1447 565 1478 crearentur
595 1451 602 1473 τ
635 1446 756 1489 atque
790 1432 846 1475 ita
880 1433 923 1475 in
960 1432 1162 1486 posterum

144 1492 268 1536 additi
302 1493 390 1535 lunt
422 1491 553 1535 aediles
577 1490 656 1535 duo
682 1522 694 1543 ‚
739 1489 809 1546 qui
842 1492 892 1533 ab
920 1488 1012 1534 sella
1044 1506 1160 1533 curu-

146 1550 204 1603 li,
237 1565 315 1606 qua
347 1552 568 1594 utebantur
590 1580 601 1602 ‚
633 1547 791 1592 curules
819 1548 908 1591 sunt
933 1546 1127 1603 appellati
1154 1580 1162 1590 .

146 1609 341 1663 Cumque
399 1607 519 1651 initio
569 1622 618 1650 ex
669 1605 852 1660 patriciis
896 1620 1131 1648 crearentur
1151 1639 1162 1659 ,

149 1665 501 1720 progredientibus
549 1663 801 1717 temporibus
852 1695 865 1716 ‚
930 1663 1056 1705 etiam
1100 1663 1163 1706 his

146 1722 406 1778 magistratus
451 1738 544 1766 cum
593 1721 707 1775 plebe
755 1719 832 1763 fuit
866 1720 1160 1776 promiscuus:

147 1792 191 1823 ut
226 1795 309 1823 non
345 1780 466 1823 modo
494 1778 626 1823 aediles
652 1777 777 1834 plebis
810 1810 822 1830 ,
857 1778 916 1821 sed
941 1779 1066 1821 etiam
1094 1795 1160 1822 cu-

149 1837 260 1881 rules
289 1854 338 1881 ex
374 1837 489 1892 plebe
523 1837 618 1891 saepe
651 1848 884 1880 crearentur
911 1867 920 1877 .
957 1835 1162 1892 primique

150 1895 276 1938 creati
311 1897 400 1937 sunt
434 1894 566 1937 aediles
597 1893 755 1937 curules
787 1909 899 1936 anno
941 1895 992 1936 A,
1028 1895 1084 1935 U.
1111 1895 1163 1937 C.

145 1954 548 1997 CCCLXXXVH.
582 1954 722 1995 Cneus
746 1952 965 2006 Quineiius
992 1951 1162 2003 Capito-

146 2009 280 2061 lium,
314 2010 357 2052 ὅ(
384 2011 480 2053 Pub.
496 2009 718 2052 Cornelius
734 2010 898 2062 Scipio,
936 2011 980 2051 L.
996 2009 1163 2061 Sextio,

147 2067 190 2110 &
219 2069 262 2110 L.
290 2066 463 2110 AEmilio
492 2069 707 2109 Mamerco
733 2067 843 2108 Caii.
870 2066 926 2108 Hi
947 2064 1059 2118 plura
1076 2081 1164 2108 mu-

147 2139 246 2167 nera
278 2140 373 2168 cum
402 2123 580 2167 aedilibus
616 2123 741 2178 plebis
775 2123 950 2165 habuere
976 2139 1144 2166 commu

148 2181 219 2225 nia
244 2214 256 2236 ‚
292 2181 417 2225 veluti
451 2197 627 2246 annona’
647 2179 1165 2244 curationempplurium-

145 2254 226 2296 que
273 2254 410 2282 rerum
455 2252 739 2294 cognitionem
775 2252 786 2291 ς
838 2253 1034 2294 praecipue
1069 2254 1166 2282 vero

1185 2235 1316 2287 iaetio
1349 2235 1605 2278 aestimatoria
1637 2235 1845 2279 dicebatur
1870 2268 1881 2280 .
1928 2239 2045 2281 Duos

1213 1097 1325 1127 rente
1359 1101 1401 1127 in
1434 1083 1619 1129 laniones
1641 1118 1652 1139 ‚
1687 1086 1730 1129 ὃς
1765 1087 1983 1142 piscatores
2001 1105 2016 1130 .·

1346 1144 1456 1197 Euge
1488 1143 1696 1186 edic‘liones
1733 1145 1919 1189 aedilitias
1948 1147 2067 1190 habet
2089 1177 2097 1187 .
2210 1189 2212 1191 ,

1214 1199 1332 1252 Quod
1364 1199 1541 1242 edietum
1572 1231 1584 1253 ,
1630 1216 1713 1243 non
1747 1203 1886 1246 minus
1917 1220 2042 1260 quam
2078 1216 2233 1260 praeto-,

1214 1257 1322 1298 rium
1355 1256 1745 1307 Jurisconlultorum
1771 1261 2088 1304 commentariis
2106 1278 2226 1304 exor-

1213 1315 1303 1354 nari
1349 1315 1500 1355 meruit
1529 1344 1541 1367 ,
1588 1327 1631 1355 ut
1679 1328 1835 1368 partem
1877 1316 1979 1374 juris
2011 1318 2226 1362 honorarii

1213 1370 1467 1413 constituerit
1490 1402 1498 1411 .
1535 1374 1595 1413 De
1629 1372 1774 1427 quibus
1804 1375 1920 1417 enim
1941 1375 2137 1418 'edicebat
2161 1376 2230 1418 AE-

1211 1427 1302 1471 dilis
1323 1460 1335 1482 ,
1368 1427 1523 1472 edicere
1557 1442 1714 1483 poterat
1746 1430 1790 1473 δι
1824 1431 1973 1476 Praetor
2004 1463 2017 1486 ‚
2059 1432 2103 1475 ὅ(
2134 1432 2231 1476 defi-

1214 1486 1417 1529 cientibus
1450 1485 1631 1529 :edilibus
1662 1518 1673 1540 ,
1723 1485 1923 1539 judicium
1957 1489 2230 1534 transfereba-

1214 1556 1277 1587 tur
1309 1544 1356 1586 ad
1391 1544 1607 1587 Praetorem
1634 1576 1642 1587 .
1688 1547 1703 1596 (
1731 1546 1759 1588 d
1786 1546 1803 1596 )
1836 1548 1903 1590 Ex
1936 1547 2070 1591 edisio
2103 1548 2229 1602 igitur

1212 1601 1378 1644 aedilitio
1402 1632 1414 1654 ,
1446 1601 1625 1644 actiones
1659 1605 1884 1647 manabant
1917 1618 2057 1650 contra
2081 1605 2224 1649 vendi-

1214 1672 1319 1703 tores
1354 1674 1488 1702 rerum
1523 1660 1762 1704 vitiatarum
1786 1693 1797 1714 ,
1830 1661 1873 1705 ἃ
1906 1676 2226 1718 corruptarum:

1214 1732 1388 1773 quarum
1433 1716 1560 1759 altera
1604 1717 1710 1760 :idtio
1743 1719 1999 1765 redhibitoria
2031 1721 2181 1765 dicitur
2214 1736 2226 1774 3

1214 1776 1338 1818 altera
1367 1775 1511 1830 quanti
1542 1776 1705 1817 minoris
1729 1807 1737 1817 .
1773 1777 1900 1820 Priori
1935 1778 2121 1823 venditio
2142 1791 2229 1821 tota

1214 1832 1512 1876 reicindebatur
1542 1864 1555 1885 ,
1597 1834 1639 1875 ὃς
1675 1834 1730 1876 rei
1760 1833 1915 1878 vitiosae
1939 1837 2128 1880 venditor
2159 1851 2231 1878 co-

1212 1892 1381 1947 gebatur
1408 1906 1492 1933 rem
1522 1890 1658 1943 suam,
1692 1890 1846 1935 reddito
1872 1894 2008 1948 precio
2028 1926 2041 1948 ‚
2073 1894 2123 1938 ab
2142 1908 2229 1936 em-

1214 1961 1299 1991 tore
1344 1947 1555 2002 recipere.
1603 1949 1812 1993 Posteriori
1859 1950 2020 1995 afflone
2066 1963 2231 1994 contra-

1211 2005 1297 2048 &us
1330 2006 1626 2048 rescindebatur
1658 2021 1707 2048 ex
1741 2019 1853 2060 parte
1885 2039 1898 2061 ,
1932 2009 2104 2063 repetita
2138 2024 2228 2064 pre·

1213 2062 1266 2105 cii
1301 2062 1516 2116 portione,
1548 2077 1634 2117 quae
1660 2063 1793 2106 deerat
1822 2065 1878 2107 rei
1905 2066 2078 2109 venditae
2105 2082 2116 2119 3
2149 2066 2228 2110 five

1213 2120 1369 2163 reddito
1402 2136 1424 2162 a
1457 2118 1670 2163 venditore
1701 2135 1750 2164 eo
1776 2152 1789 2174 ‚
1832 2137 1913 2177 quo
1958 2122 2132 2166 minoris
2166 2139 2228 2167 re-

1212 2190 1325 2232 perta
1357 2177 1434 2221 fuit
1460 2192 1546 2230 res,
1577 2193 1700 2233 quam
1730 2177 1860 2221 fuerat
1883 2179 2062 2223 indicata
2095 2213 2108 2234 ‚
2139 2197 2228 2238 quae

2089 2252 2231 2294 praete-

149 2312 292 2340 curam
327 2296 524 2353 gerebant
556 2297 772 2340 Sacrarum
806 2298 951 2338 aedium
982 2327 992 2347 ‚
1029 2291 1276 2352 publi-{rea
1320 2293 1451 2336 aediles
1493 2292 1628 2335 Caesar
1669 2293 1820 2336 addidit
1863 2311 1886 2338 a
1930 2295 2124 2340 mandata
2157 2295 2228 2340 sibi

149 2370 294 2398 corum
329 2355 514 2399 locorum
535 2387 547 2409 ,
580 2354 621 2398 ὅ(
655 2354 826 2398 tutelam
863 2357 996 2397 urbis.
1033 2354 1089 2396 Hi
1122 2352 1189 2412 &l
1213 2367 1253 2394 re
1286 2350 1557 2394 frumentaria
1588 2350 1781 2394 Cereales
1814 2365 2098 2410 nuncupatos,
2133 2356 2226 2406 (e)

149 2413 347 2455 curabant
380 2412 494 2456 ludos
516 2445 527 2466 ,
574 2412 813 2469 eosdemque
841 2410 1002 2467 proprio
1029 2411 1187 2455 sumtu?
1211 2410 1340 2452 Nunc
1383 2408 1430 2450 ad
1474 2408 1509 2459 J.
1544 2408 1596 2450 C.
1629 2408 1917 2454 auetoritatem
1951 2442 1963 2465 ,
2011 2410 2055 2454 ἃ
2096 2424 2228 2455 artem

146 2469 427 2525 magistratum
465 2471 652 2514 ineuntes
685 2469 835 2524 populo
855 2469 1029 2512 dabant:
1064 2484 1162 2524 quo·
1212 2468 1479 2510 accedamus.
1512 2467 1595 2517 (⁴²)
1984 2477 1999 2482 ’“

147 2542 240 2570 rum
273 2527 510 2592 plerumque
542 2527 851 2584 magnificentia
884 2529 900 2579 (
928 2538 971 2570 ut
995 2526 1048 2568 est
1073 2542 1162 2569 arn-

147 2585 249 2648 bitio
275 2587 317 2629 in
346 2601 488 2641 primis
510 2585 717 2631 honorum
740 2585 926 2642 gradibus
955 2588 1164 2640 praeceps)

147 2657 329 2697 privatas
361 2659 459 2698 opes
488 2644 752 2699 exsuperabat
788 2659 796 2684 :
845 2641 950 2686 unde
1001 2641 1162 2696 profuso

148 2699 425 2755 patrimonio,
459 2701 750 2756 contractoque
783 2715 936 2754 magno
964 2714 1038 2743 aere
1065 2700 1162 2743 alie-

151 2771 206 2798 no
230 2788 242 2810 ‚
287 2759 421 2816 spoliis
465 2758 786 2815 provincialium
815 2758 1007 2815 deinceps
1038 2756 1161 2809 jafftu-

154 2829 241 2856 ram
288 2833 471 2874 reparare
506 2817 758 2874 cogebantur
786 2848 813 2877 ·.
842 2818 1009 2860 Horum
1053 2816 1161 2860 labo-

153 2945 481 2959 ----ι--
953 2947 1163 2957 -οι--ιι-

201 2974 285 3015 (a)
310 2980 360 3008 De
387 2980 470 3020 ling.
501 2980 560 3010 lat.
590 2978 648 3011 lib.
664 2990 695 3019 4.
729 2986 807 3022 pag.
824 2990 877 3010 20.

201 3022 219 3059 ζ
236 3019 286 3058 b)
312 3021 445 3061 Dionys·
473 3022 530 3056 lib.
550 3028 580 3055 6.

201 3064 278 3105 (ε’)
307 3065 376 3112 Liv3
393 3066 449 3098 lib.
469 3072 499 3099 6.
529 3076 670 3111 cap-42.
687 3068 725 3101 (Ὺ
740 3071 761 3101 Ι.
777 3082 810 3111 7.
838 3074 906 3109 cap.
928 3079 954 3101 1.
986 3069 1068 3101 (9⁰12.

158 3111 220 3188 ΓΕ(
237 3110 288 3148 ⁶²)
314 3113 425 3147 CuJac.
452 3111 665 3153 observation-
695 3113 802 3149 nens.
832 3126 855 3150 c.
879 3117 932 3155 38.
961 3125 996 3148 ex
1025 3114 1162 3156 Dionys

173 3166 184 3186 ι
209 3178 216 3187 .
236 3164 289 3194 53.

596 2947 830 2959 ..ι-ι,-

1386 2524 1426 2566 C
1488 2523 1526 2564 A
1591 2523 1619 2564 P
1681 2525 1724 2565 U
1784 2524 1828 2566 T

1485 2580 1551 2622 De
1575 2580 1902 2636 jurisprudentia
1927 2614 1937 2625 .

1215 2636 1292 2739 P
1317 2636 1473 2680 Ublica
1525 2637 1714 2681 voluntas
1759 2637 1914 2693 legibus
1956 2642 2191 2688 concredita
2212 2674 2230 2700 ‚-

1328 2711 1411 2738 non
1445 2694 1568 2738 modo
1600 2695 1831 2740 ministrum
1865 2698 2038 2752 postulat
2070 2731 2083 2754 ,
2114 2702 2227 2755 cujus

1212 2769 1311 2797 voce
1358 2752 1514 2797 civibus
1557 2765 1827 2808 expromatur
1861 2787 1876 2809 ,
1937 2757 2044 2813 quod
2078 2774 2228 2805 munus

1211 2811 1264 2855 est
1308 2811 1618 2868 magistratuum
1653 2827 1662 2853 τ
1710 2811 1807 2867 sed,
1854 2828 1998 2869 praeter
2039 2815 2175 2874 legem
2211 2851 2222 2873 ,

2145 2892 2227 2931 ipra

1945 2527 2049 2570 XL.

1251 2974 1337 3026 fle)
1363 2973 1501 3014 Dionys.
1529 2972 1660 3013 lib.43.
1685 2973 1746 3016 sub
1769 2974 1835 3017 fin.
1863 2978 2023 3019 Pompon·
2048 2977 2107 3010 tib.
2131 2989 2156 3010 1.
2185 2980 2223 3012 de

1210 3029 1416 3110 ‘’rigi‘qrdd
1444 3063 1635 3106 exemplum
1676 3063 1820 3098 aedilium
1865 3070 2094 3100 Romanorum
2121 3069 2222 3101 creati

1211 3109 1321 3143 aediles
1350 3110 1384 3142 in
1417 3110 1570 3143 Colouiis
1602 3111 1631 3141 ἓ(
1649 3110 1867 3152 Municipiis,
1892 3111 1931 3145 de
1961 3112 2078 3154 quibus
2104 3113 2221 3154 plenis-

1212 3157 1290 3192 sime
1315 3155 1386 3199 egit
1413 3157 1452 3188 V.
1482 3155 1533 3190 cl.
1563 3154 1747 3188 Everaxdus
1773 3160 1888 3197 Otto,
1932 3156 2017 3190 libre-
2043 3157 2218 3199 lingulati.
