2596 3479
636 98 766 155 ET
830 87 2008 159 SENATUSCQNSULTIS.

239 170 426 229 «corporis
457 170 675 217 custodiam
708 171 893 227 capiendi
923 183 1043 236 erunt
1062 203 1075 225 ‚
1106 186 1230 228 quarn
1250 187 1273 215 a

249 232 411 273 suorum
436 245 608 274 numero
632 231 811 273 civium:
845 244 940 272 cum
973 229 1086 272 enim
1119 245 1190 293 pro
1216 230 1272 272 ci-

247 288 394 342 vibus,
427 304 510 330 non
552 302 650 330 vero
679 301 832 328 contra
873 287 980 330 cives
1015 288 1224 330 muniatur
1258 302 1270 340 3

244 360 346 400 opus
387 345 562 389 minime
592 343 762 386 habebit
798 343 992 387 satellitio
1022 357 1270 388 exterorum.

246 403 342 457 Quo
372 416 510 446 autem
543 399 623 443 tale
652 401 744 455 quis
792 399 1006 456 ingenium
1031 402 1192 445 adserat
1223 402 1269 445 ad

246 474 447 512 regnum,
470 458 522 501 &
547 457 755 514 regnando
776 472 856 501 reti
859 471 978 511 neat,
1010 472 1196 513 oportet,
1227 471 1270 502 ut

242 516 348 572 quod
378 515 587 580 optimum
621 529 763 558 natura
795 515 916 569 tulit,
938 490 1183 578 e’ducatioue
1209 517 1267 559 cli-

245 573 419 626 ligenter
448 572 665 616 enutriat.
694 547 917 616 Excelsurri
950 573 1065 616 enim
1097 589 1222 616 omne
1255 606 1268 626 ,

239 645 287 673 ac
317 630 556 685 generosum
588 629 636 673 ad
669 629 895 683 vitiorum,
927 645 1036 685 aeque
1063 647 1109 673 ac
1140 632 1265 674 virtu-

243 699 334 730 tum
361 686 498 732 ¹fertur
535 699 725 731 *extrema
751 718 764 740 ‚
806 700 924 743 prout
970 689 1118 730 bonam
1147 720 1159 740 ,
1201 702 1269 731 aut

240 743 397 788 malam
409 744 703 789 :educationem
729 744 1012 797 nanciscatur,
1001 760 1010 767 ·
1045 757 1113 787 aut
1137 745 1267 800 rectae,

243 800 306 866 vel
332 816 472 858 pravae
502 801 783 845 consuetudini
814 801 1006 846 dedatur.
1040 802 1202 846 Mentis
1225 819 1266 846 e-

241 859 332 902 nim
358 858 515 902 solertia
546 859 589 901 &
609 874 782 903 acumen
806 860 984 923 optimas
1015 859 1188 914 pariter,
1222 877 1266 904 ac

241 917 427 971 pessimas
458 927 562 959 artes
586 931 666 971 prae
700 916 844 959 ceteris
873 915 1059 970 facilius,
1091 933 1136 959 ac
1163 916 1266 961 cele-

239 988 321 1015 rius
343 972 508 1028 arripit.
539 973 663 1017 Unde
688 973 794 1017 nihil
819 973 993 1017 deterius
1012 973 1210 1017 homine
1199 990 1265 1016 in-

237 1029 363 1085 justo,
396 1046 465 1086 qut
503 1029 620 1073 simul
658 1043 762 1075 artes
802 1031 846 1074 &
876 1031 1065 1074 scientias
1103 1031 1265 1085 calleat3

237 1102 302 1131 eas
326 1088 440 1131 enim
467 1099 659 1144 torquens
699 1088 748 1131 ad
771 1088 1041 1143 pravitatem,
1073 1104 1154 1144 quo
1178 1105 1264 1132 ma-

236 1143 310 1197 jori
335 1144 529 1189 facultate
553 1145 706 1199 pollet,
740 1161 901 1202 quoque
932 1147 1091 1190 acutius
1116 1146 1265 1200 cernit,

237 1217 286 1245 eo
323 1202 468 1246 scelera
503 1202 692 1256 cautius,
724 1216 844 1258 atque
870 1218 921 1245 in
952 1204 1184 1259 graviorem
1222 1220 1264 1246 a·

235 1258 388 1303 liorum
420 1259 650 1313 perniciem
684 1260 920 1302 exorditur.
954 1261 1108 1315 Quales
1145 1259 1264 1303 Alci-

239 1317 370 1359 biades
407 1316 516 1359 fuere
548 1347 561 1368 ,
604 1332 651 1359 ac
685 1316 817 1367 Julius
848 1317 982 1360 Caesar
1005 1348 1017 1369 ,
1066 1317 1136 1370 qui
1168 1332 1262 1360 cum

230 1373 437 1416 'summam
471 1374 658 1424 dicendi,
690 1386 811 1428 atque
843 1374 987 1428 agendi
1021 1373 1262 1417 felicitatem

224 1429 472 1485 >accepissent
505 1446 528 1472 a
554 1441 725 1482 natura,
758 1443 922 1484 propter
945 1431 1182 1485 depravatos
1202 1444 1263 1474 ta-

228 1503 328 1531 men
357 1487 519 1530 suorum
548 1499 788 1541 *temporum
821 1503 957 1530 mores
988 1489 1038 1530 ab
1069 1489 1103 1531 se
1132 1504 1261 1542 ‘prava

227 1545 495 1597 educatione,
528 1552 730 1600 pravaque
766 1545 1058 1588 consuetudine
1099 1560 1259 1588 contra-

228 1601 341 1654 803,
376 1601 410 1644 se
432 1601 576 1654 simul,
608 1617 654 1644 ac
679 1601 852 1656 patriam
888 1602 1169 1659 perdiderunt
1203 1606 1262 1646 A·

229 1659 367 1702 nimus
388 1674 490 1702 vero
523 1633 684 1711 tehuis,
715 1657 758 1700 &
790 1655 1010 1702 imbecillis
1036 1659 1141 1702 nihil
1165 1660 1264 1703 adeo

230 1731 430 1772 magnum
463 1715 652 1770 publice,
683 1729 754 1758 aut
780 1716 1004 1770 privatim,
1037 1717 1115 1760 sive
1147 1718 1289 1776 boni,

230 1773 310 1817 five
331 1773 430 1816 mali
457 1773 734 1828 promoverit.
768 1775 862 1837 Quo
888 1774 1018 1828 magis
1049 1774 1105 1826 is,
1138 1790 1260 1831 quem

234 1842 399 1886 propter
431 1831 659 1886 praestantes
682 1829 813 1873 animi
842 1807 981 1874 dotesU
992 1844 1135 1874 natura
1167 1832 1261 1896 edu

231 1889 322 1942 xit,
353 1900 475 1944 atque
510 1887 753 1940 adornavit,
784 1888 831 1930 ad
866 1903 1040 1942 regnum
1072 1888 1260 1932 vincien-

232 1945 303 1989 dus
329 1945 382 1989 est
416 1945 597 2000 legibus,
627 1945 670 1988 δε
704 1919 830 1988 la’udis
855 1961 1028 1996 amore,
1060 1945 1262 1990 infamiae-

231 2018 309 2057 que
339 2015 454 2046 metu
478 2002 652 2046 aliorum
677 2000 825 2052 judicio
852 2002 1141 2055 subjiciendus.
1173 2006 1259 2047 Ne-

234 2060 314 2102 scio
343 2060 458 2102 enim
479 2090 499 2112 ,
530 2074 580 2101 an
612 2060 702 2114 quis
735 2058 929 2110 justitiam
964 2060 1259 2116 magnifaciet‚

232 2116 306 2159 nisi
333 2116 555 2180 hominum
581 2115 627 2159 de
649 2116 689 2158 se
711 2116 983 2171 opinionem,
1015 2130 1084 2161 aut
1115 2131 1257 2173 poten-

232 2174 384 2216 tiorum
423 2172 618 2224 injuriam
656 2185 868 2217 vereatur.
915 2177 1028 2218 Hinc
1061 2175 1258 2229 videmus,

232 2229 475 2274 humiliores
504 2231 551 2274 de
582 2229 728 2280 justitia
751 2231 825 2274 effe
869 2231 1088 2285 sollicitos,
1119 2233 1162 2275 &
1188 2250 1253 2288 po-

230 2288 427 2331 tentiores
452 2303 549 2331 vero
586 2286 784 2330 minime·
819 2288 912 2343 quia
950 2288 1014 2332 illi
1043 2250 1258 2342 damnupm,

228 2345 273 2388 hi
318 2345 477 2388 lucrum
508 2346 558 2388 ab
592 2343 787 2395 injustitia
829 2345 1012 2401 sperant,
1046 2363 1176 2402 neque
1207 2349 1258 2390 ob

230 2402 360 2445 animi
380 2402 612 2446 coecitatem
634 2401 901 2457 intelligunt,
932 2403 1125 2454 justitiam
1146 2420 1259 2447 com·

229 2474 381 2515 ponere
407 2471 537 2515 partes
562 2459 778 2502 interiores
803 2459 991 2502 hominis
1034 2461 1076 2503 Sc
1115 2461 1257 2503 civita-

231 2528 284 2558 tis
305 2516 523 2558 universae:
559 2515 797 2566 injustitiam
819 2527 914 2559 vero
937 2530 1028 2559 tum
1056 2517 1154 2569 has,
1168 2529 1258 2560 tum

230 2571 322 2616 illas
357 2572 611 2624 distrahere,
643 2584 762 2627 atque
797 2572 1003 2616 lacerare:
1039 2574 1096 2616 ita
1132 2586 1286 2617 utne

231 2628 397 2672 malitia
434 2629 598 2685 quidem
635 2628 718 2672 ulla
744 2630 850 2672 consi
857 2631 968 2673 steret
1000 2630 1081 2674 sine
1123 2632 1257 2687 aliqua

224 2698 340 2742 parte
363 2686 544 2738 justitiae.
577 2686 784 2742 Siquidem
807 2686 983 2731 latrones
1001 2703 1131 2744 neque
1157 2705 1252 2731 con·

230 2743 422 2795 trahere,
454 2759 585 2801 neque
614 2744 847 2787 conservare
875 2745 1107 2788 societatem
1136 2746 1255 2789 scele-

228 2816 319 2844 rum
347 2800 528 2856 poffent,
556 2801 635 2843 nifi
654 2801 805 2845 fidem
797 2814 904 2845 inter
929 2802 963 2845 se
982 2803 1118 2847 datam
1145 2800 1253 2846 cole-

228 2871 319 2901 rent
346 2890 358 2911 ,
399 2859 442 2901 ἃ
471 2874 521 2902 ex
558 2858 622 2914 leg
627 2858 714 2900 ibus
745 2859 1074 2915 pactionibusque
1102 2860 1253 2902 mutuis

226 2915 387 2968 rapinas
420 2875 726 2958 distribuegrent:
759 2916 942 2980 alioquin
984 2917 1010 2959 si
1050 2917 1180 2960 secum
1211 2932 1251 2959 e-

226 2970 329 3012 tiam
355 2970 493 3022 injuste
513 2986 706 3028 agerent,
726 2972 829 3016 alter
856 2989 898 3016 in
925 2973 1134 3017 alterum
1127 2989 1252 3016 irrue-

221 3039 310 3079 ret,
340 3026 383 3068 &
422 3028 584 3071 societas
621 3029 735 3072 illico
770 3030 1021 3074 solveretur.
1055 3033 1094 3073 Is
1127 3031 1252 3084 igitur

1321 168 1396 213 &tis
1428 168 1532 213 mire
1564 166 1785 211 conveniet
1811 197 1823 220 ,
1871 164 2029 220 eritque
2060 164 2308 211 felicissimus
2339 199 2353 221 ‚

1320 227 1390 283 qui
1424 227 1458 270 se
1490 225 1638 277 justitia
1668 223 1902 276 munierit,
1934 222 1978 265 ὃς
2010 221 2078 265 sibi
2121 239 2192 279 pro
2224 226 2352 268 muris

1320 283 1636 327 circumdederit
1662 282 1773 338 leges
1811 280 1963 337 patrias
1992 295 2000 320 :
2034 295 2206 335 quarum
2239 283 2352 326 cultu

1322 341 1390 384 sibi
1438 340 1694 384 securitatem
1706 317 1780 382 t²&
1821 336 2085 403 concordiam
2119 352 2244 391 regno
2276 356 2348 394 pa-

1319 397 1468 441 rabit.
1504 397 1586 440 Sub
1614 397 1775 442 incerto
1805 396 1918 440 enim
1953 393 2035 445 iure
2068 410 2193 438 nemo
2220 395 2355 439 bano-

1320 469 1438 519 rum,
1468 466 1538 497 aut
1571 454 1721 498 animae
1740 453 1897 518 securus
1919 452 2046 496 vivit.
2081 453 2258 509 Ideoque
2278 470 2354 496 co-

1345 512 1431 556 itur
1462 511 1608 555 infidus
1638 511 1712 555 esse
1746 510 1962 566 principi,
1992 509 2169 565 quisq-ius
2200 511 2353 566 princi-

1320 585 1412 625 pem
1447 568 1665 632 suspicatur
1692 568 1870 612 infidum
1917 566 2004 610 fore
2037 567 2193 623 legibus
2226 599 2242 620 .‚
2285 568 2352 612 sub

1317 627 1461 683 quibus
1490 642 1527 669 ei
1564 626 1598 669 se
1629 641 1737 670 cives
1769 624 2140 669 concrediderunt.
2186 626 2248 668 Ut
2278 642 2352 670 au-

1318 697 1404 728 tem
1438 683 1626 739 impellat
1657 683 1761 726 alios
1794 682 1842 725 ad
1874 694 2113 738 perpetuam
2161 698 2351 726 reveren-

1317 741 1420 785 tiam
1445 741 1613 796 legum,
1647 740 1792 796 quibus
1822 739 1968 796 &ipse
1994 754 2073 783 una
2108 756 2204 783 cum
2239 754 2350 784 cete-

1318 799 1370 842 ris
1411 798 1667 842 custoditur:
1720 797 1879 842 cultum
1921 798 1963 839 &
2002 797 2174 840 studium
2204 808 2348 842 earum

1316 869 1481 920 oportet
1505 872 1528 898 a
1563 854 1772 910 semetipso
1812 854 2069 898 exordiatur.
2102 854 2276 910 Legibus
2306 871 2351 899 e-

1317 913 1433 966 nim,
1467 913 1612 968 quibus
1647 912 1726 967 ipse
1745 912 2034 965 obtemperat,
2067 912 2187 955 ceteri
2214 910 2350 955 liben-

1316 970 1396 1012 tius
1431 971 1799 1035 obtemperabunt.
1835 968 1949 1012 nulla
1975 984 2166 1033 namque·
2178 969 2217 1011 vi
2249 968 2350 1013 faci-

1317 1026 1393 1070 lius
1413 1028 1545 1071 animi
1562 1027 1833 1083 populorum,
1847 1042 1973 1082 quam
1993 1026 2188 1081 principis
2202 1041 2350 1090 exem-

1314 1083 1383 1139 plo
1402 1086 1760 1140 circumaguntur.
1793 1085 1909 1127 Tum
1932 1099 2028 1126 vero
2047 1083 2203 1126 altius
2194 1099 2236 1126 in
2254 1084 2350 1127 ani-

1313 1153 1402 1184 moS
1440 1143 1548 1196 regia
1578 1142 1678 1193 jussa
1716 1140 1988 1191 descendunt,
2019 1156 2115 1184 cum
2153 1156 2174 1183 e
2206 1139 2348 1197 legum

1312 1198 1526 1242 voluntate
1549 1199 1869 1254 depromuntur.
1899 1198 1961 1241 ita
1987 1210 2030 1241 ut
2051 1214 2119 1241 rex
2140 1212 2260 1251 caput
2284 1199 2348 1241 vi-

1312 1256 1455 1299 deatur
1479 1255 1554 1299 esse
1593 1257 1934 1311 magistratuum3
1967 1255 2266 1309 imperiumque
2298 1256 2352 1298 il-

1315 1311 1395 1355 lius
1433 1312 1524 1355 fons
1560 1325 1750 1367 appareat
1781 1312 1975 1367 legitimae
2017 1312 2299 1362 jurisdichonis
2329 1343 2345 1365 ,

1312 1384 1401 1424 quae
1437 1369 1481 1412 in
1509 1385 1744 1424 principum
1772 1369 1949 1423 placita,
1984 1383 2045 1411 ve
2043 1371 2097 1410 'ut
2123 1368 2165 1410 in
2192 1368 2346 1411 rivulos

1313 1426 1567 1470 traducatur.
1581 1428 1696 1469 Hinc
1720 1425 2024 1481 prudentissime
2053 1425 2344 1489 Romanicum

1310 1499 1477 1539 gravem
1513 1484 1658 1538 capitis
1700 1482 2094 1525 animadtersionem
2138 1483 2181 1525 in
2226 1497 2343 1525 reum

1310 1541 1606 1593 decernebant,
1639 1541 1858 1584 utebantur
1890 1539 2067 1582 formula
2089 1539 2182 1582 illa:
2215 1540 2346 1581 Laio,-

1312 1599 1392 1654 lege
1411 1614 1508 1654 [1333
1541 1610 1584 1641 ut
1611 1613 1693 1640 non
1720 1597 1911 1640 hominis
1926 1629 1944 1650 ,
1980 1597 2038 1640 led
2065 1596 2147 1651 legi
2156 1612 2172 1638 s
2207 1596 2343 1650 impe-

1313 1672 1374 1698 rio
1412 1655 1541 1698 adimi
1577 1654 1660 1698 vita
1684 1655 1918 1698 videretur.
1953 1657 2049 1697 Ideo
2086 1656 2152 1709 qui
2191 1669 2346 1708 princi-

1341 1728 1412 1755 um
1439 1712 1539 1755 velit
1565 1712 1637 1755 esse
1664 1713 1985 1767 potentissimus,
2017 1727 2141 1767 quam
2169 1711 2255 1753 fieri
2277 1726 2343 1752 ra-

1313 1770 1395 1812 rius
1419 1770 1571 1824 potest,
1603 1770 1741 1826 legum
1769 1785 1933 1813 veniam
1965 1762 2188 1812 concedat·
2180 1800 2191 1821 ,
2224 1782 2344 1810 cave-

1313 1826 1450 1883 bitque
1476 1843 1526 1870 ne
1568 1826 1740 1882 populus
1774 1826 1992 1869 mutabiles
2016 1828 2173 1868 censeat
2207 1825 2338 1878 leges:

1312 1896 1356 1927 ut
1382 1898 1472 1948 pote
1495 1885 1537 1927 in
1567 1885 1711 1939 quibus
1735 1884 1778 1927 ὃς
1804 1883 1903 1927 salus
1929 1882 2189 1934 communis,
2219 1881 2263 1923 ὃς
2288 1882 2345 1923 se-

1930 1940 2040 2005 Quid
2066 1952 2213 1982 autem
2246 1937 2343 1981 stul-

1314 1999 1418 2052 tius,
1449 2015 1573 2054 quarn
1587 2001 1732 2042 crebra
1756 1999 1892 2054 legum
1913 1999 2037 2042 venia
2056 1996 2272 2041 relaxare
2263 2011 2344 2037 un-

1312 2056 1412 2111 perii
1449 2055 1640 2109 vincula,
1673 2056 1716 2099 8(
1758 2055 1997 2101 variabilem
2034 2055 2238 2097 ostendere
2268 2068 2344 2094 au-

1309 2114 1541 2156 {toritatem
1565 2129 1714 2156 earum
1742 2144 1763 2165 ,
1805 2128 1976 2169 quarum
2018 2111 2220 2166 potestate
2258 2109 2340 2173 ipse

1311 2171 1496 2225 princeps
1531 2171 1620 2214 aliis
1645 2171 1906 2214 dominatur?
1940 2172 2034 2225 Quo
2069 2168 2184 2224 plura
2225 2182 2342 2210 enim

1309 2244 1330 2270 a
1352 2228 1505 2283 legibus
1537 2229 1583 2270 ad
1610 2228 1721 2272 suurn
1761 2228 1886 2270 trahit
1910 2226 2150 2279 arbitrium,
2183 2240 2231 2267 eo
2255 2223 2344 2266 red-

1308 2285 1415 2328 ditur
1447 2285 1643 2328 imbecilli
1635 2301 1722 2339 or,
1754 2285 1943 2341 quamvis
1964 2284 2174 2339 potentior
2200 2282 2345 2324 evade-

1312 2358 1350 2385 re
1392 2343 1460 2385 sibi
1498 2343 1704 2386 videatur.
1739 2343 1851 2398 Postq
1859 2357 1951 2384 uam
1995 2356 2109 2384 enim
2149 2339 2342 2382 homines

1310 2400 1448 2443 crebra
1485 2400 1714 2442 remissione
1752 2399 1889 2455 legum
1932 2397 2103 2449 abjicere
2140 2396 2343 2450 coeperint

1311 2471 1470 2500 metum
1505 2472 1645 2500 earum
1678 2489 1691 2510 ,
1723 2470 1845 2520 atque
1881 2455 2188 2506 reverentiam,
2221 2451 2342 2494 facile

1310 2513 1378 2556 fibi
1407 2527 1564 2556 exuunt
1596 2515 1867 2557 rexerentiarn
1901 2512 2081 2556 hominis
2105 2541 2117 2563 ,
2156 2508 2267 2560 cujus
2297 2525 2344 2551 0-

1310 2571 1417 2634 mnis
1459 2586 1480 2613 e
1525 2571 1677 2626 legibus
1720 2570 1811 2613 fluit
1858 2570 2073 2613 auctoritas
2101 2599 2111 2609 .
2163 2567 2340 2630 Legibus

1301 2628 1420 2670 enim
1453 2628 1642 2671 homines
1672 2628 1832 2683 obligat
1877 2628 2019 2683 imago
2051 2625 2134 2680 ipsa
2165 2623 2342 2677 justitiae,

1310 2700 1377 2738 per
1423 2697 1613 2728 naturam
1658 2685 1844 2741 impressa
1887 2684 2094 2727 mentibus
2126 2713 2138 2735 ‚
2184 2681 2227 2724 ὃς
2276 2696 2345 2736 per

1316 2742 1421 2797 leges
1455 2743 1660 2797 explicata
1689 2759 1698 2783 τ
1750 2743 1805 2785 ita
1838 2754 1882 2785 ut
1912 2742 2010 2785 dum
2062 2740 2125 2784 lex
2157 2738 2347 2781 domina-

1306 2811 1370 2841 tur
1396 2831 1407 2852 ,
1460 2801 1598 2843 divina
1632 2799 1734 2842 ratio
1767 2811 1929 2854 putetur
1961 2800 2161 2853 imperare
2190 2812 2199 2837 τ
2247 2810 2342 2839 cum

1308 2856 1417 2899 nihil
1468 2857 1579 2901 aliud
1631 2857 1706 2900 sint
1750 2857 1855 2912 leges
1896 2889 1907 2909 ,
1948 2871 2072 2912 quarn
2115 2852 2343 2897 distributio

1307 2915 1458 2958 mentis
1508 2915 1787 2958 affectionibus
1832 2913 1988 2969 prorsus
2018 2912 2196 2966 expertis
2227 2941 2237 2952 .
2282 2912 2344 2952 At

1306 2970 1469 3015 homini
1499 2972 1694 3015 homines
1740 2984 1907 3014 tantum
1959 2987 1998 3012 vi
2035 2967 2299 3019 subjiciuntur
2329 2996 2343 3018 ,

1305 3043 1392 3083 quae
1440 3029 1515 3072 nisi
1560 3029 1684 3073 lateat
1728 3028 1796 3071 sub
1833 3027 1964 3082 specie
2010 3025 2147 3067 saltem
2201 3025 2344 3067 adum·

1313 1943 1461 1984 curitaS
1486 1942 1688 1997 prissCIPlS
1717 1942 1895 1984 -Π1ῑ1ωΐι

217 3084 405 3139 princeps
436 3114 448 3138 ,
481 3099 561 3128 una
594 3085 726 3129 secum
751 3117 765 3142 ,
811 3087 964 3143 suisque
995 3103 1089 3132 curn
1124 3087 1249 3139 subje-
1305 3086 1415 3129 brata
1445 3085 1606 3138 justitia:
1632 3118 1645 3140 ‚
1693 3099 1762 3131 aut
1794 3085 1965 3141 publicae
1997 3081 2189 3127 utilitatis
2215 3112 2227 3135 ‚
2273 3080 2346 3121 diu

1851 3140 1917 3184 Ff
1975 3155 1998 3183 2
2260 3135 2343 3178 mi-
