2596 3479
263 123 372 188 296

962 116 1104 170 DE
1185 110 1780 191 LEGIBUS,

257 196 574 242 Trebellianum
609 226 621 250 ,
663 193 709 238 dc
747 209 827 250 quo
865 190 1042 234 breviter
1076 223 1088 245 ‚
1138 189 1303 246 quando
1353 192 1484 235 adire.
1520 196 1576 236 At
1607 198 1802 251 quoniam
1837 193 2002 239 heredes
2033 195 2166 252 rogati
2197 195 2389 255 aliquam

259 255 344 308 ejus
374 257 427 300 est
462 254 551 298 satis
584 252 701 307 origo
733 249 995 308 pervulgata.

371 403 411 446 C
471 403 511 445 A
573 399 602 441 P
661 398 705 438 U
766 395 810 436 T
930 392 1183 437 LXXVIII.

341 549 406 593 De
453 546 497 587 5.
529 546 607 587 Cro
637 540 890 585 Trebelliano
909 570 923 591 ‚
954 535 1171 593 Pegasiano
1197 567 1209 589 ,

460 601 691 658 Aproniano
713 631 725 653 ,
758 597 812 641 Θ
843 595 1062 639 Sabiniano
1083 625 1093 636 .

258 717 351 818 V
374 717 489 762 Eteri
512 711 840 769 Jurisprudentiae
866 709 1003 765 legum
1033 709 1139 753 XII.
1167 705 1294 749 tabul.

393 776 534 831 ignota
585 772 752 815 fuerunt
794 765 1146 811 fideicommissa:
1200 764 1294 819 quia

251 848 337 876 non
371 845 481 876 certa
512 829 765 886 obligatione
799 825 929 877 juris,
976 823 1035 866 sed
1068 822 1144 886 fide
1175 834 1294 876 atque

255 888 543 934 benevolentia
569 902 711 931 eorum
729 917 742 938 ‚
772 883 841 939 qui
862 892 979 924 erant
1000 892 1160 935 rogati,
1194 894 1293 942 cori-

252 948 519 991 tinebantur:
555 945 626 988 nisi
671 941 791 986 fidem
835 939 961 983 etiam
1012 937 1150 990 aliquo
1199 951 1294 986 juris

259 1005 428 1049 vinculo
458 1001 637 1047 testatori
668 996 907 1054 obligassent
929 1027 937 1037 .
970 996 1034 1045 (a)
1065 995 1124 1046 (Ἴ
1152 995 1293 1047 Itaque

257 1079 318 1107 res
348 1062 486 1105 omnis
524 1055 826 1103 testamentaria
851 1051 1115 1096 incumbebat
1153 1051 1195 1093 in
1223 1051 1292 1092 he-

253 1120 389 1164 redem
412 1151 426 1172 ,
458 1117 526 1174 qui
563 1114 743 1159 defunf‘ti
780 1110 1053 1167 obligationes
1088 1108 1154 1151 suo
1188 1108 1293 1163 peri-

254 1177 347 1222 culo
379 1176 578 1230 susceptas
619 1171 796 1229 praestare
837 1167 1090 1224 cogebatur:
1144 1179 1218 1207 nec
1251 1165 1293 1206 in

253 1250 375 1286 eum,
408 1233 455 1277 ad
486 1247 609 1288 quem
633 1225 867 1273 here-ditatis
901 1221 1121 1268 commoda
1153 1237 1294 1277 perve-

253 1291 447 1344 niebant,
485 1289 545 1333 sed
580 1289 626 1332 in
666 1285 813 1338 illum,
844 1283 913 1340 qui
957 1280 1114 1324 heredis
1139 1294 1293 1322 nornen

252 1348 518 1407 praeferebat‚
551 1346 729 1389 afflones
761 1340 1040 1400 dirigebantur
1064 1338 1163 1399 ..At
1193 1352 1292 1392 quo-

254 1406 372 1449 niam
398 1404 570 1460 Augusti
598 1399 850 1458 temporibus
882 1409 988 1441 certa
1026 1409 1123 1446 juris
1160 1392 1291 1436 neces—

253 1463 366 1508 sitate
395 1458 702 1505 fideicommissa
729 1457 890 1499 fuerunt
920 1451 1128 1514 adstri&a‚
1163 1466 1292 1506 neque

251 1520 429 1575 amplius
464 1534 610 1563 eorum
650 1514 846 1559 restitutio
883 1527 932 1555 ex
970 1509 1124 1552 heredis
1147 1508 1291 1550 volun-

251 1590 333 1622 tate
368 1576 592 1632 pendebat3
624 1589 675 1616 ne
707 1570 903 1622 heredes,
948 1566 1018 1623 qui
1054 1577 1185 1628 totam
1218 1564 1294 1607 ali-

251 1635 414 1693 quando
465 1633 666 1677 restituere
699 1628 944 1681 jubebantur
988 1622 1292 1686 hereditatem,

249 1695 451 1737 damnum
471 1707 520 1735 ex
549 1690 613 1733 sua
633 1688 709 1731 fide
734 1685 913 1729 facerent
936 1713 948 1736 ‚
980 1680 1160 1735 onusque
1185 1678 1290 1722 obli-

249 1751 467 1807 gationum
500 1748 543 1792 in
577 1746 650 1790 sese
671 1743 917 1787 direfflirum
950 1737 1292 1801 nullo-suocom-

251 1808 400 1865 pendio
434 1806 669 1850 sustinerent
694 1818 707 1856 3
737 1799 922 1856 oportuit
954 1795 1292 1840 hereditariarum

251 1866 463 1910 adtianum
512 1859 825 1906 incommodum
867 1856 916 1898 ab
955 1855 1011 1898 eis
1047 1867 1256 1895 removere
1282 1882 1291 1893 .

253 1923 426 1967 Etenim
461 1936 545 1963 non
590 1934 680 1961 raro
712 1915 953 1959 testamenta
985 1910 1292 1961 deserebantur,

253 1981 378 2036 iisque
405 1976 600 2022 destitutis
629 1969 935 2018 fideicommissa
968 1967 1286 2029 intercidebant:

252 2040 347 2093 quia
380 2035 571 2088 heredes,
605 2049 654 2076 ne
688 2030 999 2084 implicarentur
1040 2023 1292 2068 hereditariis

252 2094 506 2146 a‘f'tionibus,
542 2093 636 2146 saepe
668 2089 775 2131 adire
808 2084 1070 2129 recusabant.
1102 2083 1166 2134 (b)
1195 2081 1292 2124 Ideo

251 2153 437 2196 Neronis
462 2147 712 2206 temporibus
742 2145 870 2187 VIII.
903 2139 1079 2184 Kalend.
1107 2140 1293 2194 Septem-

252 2209 334 2252 bris
378 2210 538 2251 Annaeo
581 2207 733 2249 Seneca
765 2201 808 2244 &
841 2197 1055 2243 Trebellio
1098 2196 1293 2239 Maximo

252 2265 361 2309 Coff.
384 2297 397 2319 ‚
430 2264 599 2308 suffeffis
630 2264 645 2314 (
679 2259 819 2302 desunt
849 2258 966 2301 enim
999 2256 1041 2297 in
1074 2252 1182 2297 fastis
1204 2284 1216 2306 ‚
1248 2265 1292 2296 ut

252 2335 370 2367 notat
404 2321 587 2366 Vinnius
620 2316 747 2373 Instit.
765 2332 800 2359 2.
834 2317 851 2366 )
882 2315 928 2356 ad
960 2313 1158 2355 Senatum
1192 2309 1288 2353 refe-

252 2381 439 2425 rentibus
461 2411 472 2430 ,
506 2377 660 2420 facium
691 2374 745 2417 est
763 2368 1164 2416 Senatusconsultum
1182 2399 1193 2420 ,
1214 2383 1293 2422 quo

253 2438 433 2482 restituta
465 2451 514 2480 ex
543 2433 784 2476 testamento
817 2427 1002 2472 universa
1039 2425 1261 2468 hereditate
1281 2456 1292 2478 ,

254 2495 438 2539 aetiones
488 2506 633 2536 omnes
656 2522 669 2544 ‚
702 2504 788 2545 quae
821 2485 989 2538 heredi,
1022 2484 1065 2527 δε
1102 2483 1145 2525 in
1181 2481 1292 2545 here-

255 2553 348 2596 dem
392 2561 673 2607 competerent
707 2578 719 2599 ‚
763 2543 879 2588 simul
923 2557 1017 2585 cum
1061 2539 1295 2602 hereditatis

256 2609 476 2654 commodo
498 2640 510 2661 ‚
543 2607 621 2650 sive
654 2619 749 2648 cum
781 2601 898 2646 bonis
924 2598 1014 2654 ipsis
1044 2597 1295 2641 hereditariis

253 2666 471 2710 transirent
503 2665 545 2706 in
575 2678 669 2706 eum
692 2694 704 2715 ‚
736 2660 801 2704 cui
833 2657 1106 2701 restitueretur
1137 2653 1285 2697 heredi-

254 2737 348 2768 tas:
394 2722 451 2764 ita
490 2734 535 2764 ut
580 2720 694 2763 heres
723 2718 804 2761 sine
839 2717 901 2759 sua
933 2713 1069 2756 fraude
1099 2711 1293 2755 direttam

257 2780 329 2826 sibi
372 2777 642 2823 hereditatem
692 2773 858 2819 alterius
903 2769 1125 2816 commodo
1180 2768 1303 2824 posset

261 2904 706 2923 ———-—-——-—

304 2942 365 2981 (a)
389 2939 458 2974 Cic.
494 2937 559 2972 libr
573 2959 580 2968 .
598 2947 628 2968 2.
644 2935 682 2967 de
691 2932 787 2975 finib.
800 2931 871 2970 {ubi
890 2932 926 2963 de
940 2933 1016 2962 sex.
1048 2929 1134 2971 Rufo
1161 2929 1199 2962 (9·
1225 2930 1299 2961 sex.

256 2987 391 3071 Pagae.)
419 3033 493 3063 Imo
517 3025 630 3060 omnia
655 3022 900 3058 fideicommissa
940 3019 1059 3062 primis
1097 3018 1302 3060 temporibus

261 3077 395 3110 infirma
419 3073 533 3111 fuisse,
565 3076 749 3114 Imperator
787 3067 835 3099 ait
879 3067 913 3099 in
939 3067 1011 3107 in§
1044 3066 1123 3105 1.J.
1140 3065 1177 3095 de
1201 3063 1303 3104 fideic

262 3121 368 3154 bered-
380 3119 534 3161 idemque
559 3118 677 3152 cicero
702 3124 766 3157 prae
782 3112 811 3145 se
824 3110 910 3144 ferre
936 3109 1066 3143 videtur
1090 3108 1129 3141 de
1147 3108 1298 3140 Finibus.

262 3169 316 3201 II.
336 3167 384 3199 18.
412 3174 515 3208 neque
557 3162 642 3197 ratio
678 3158 773 3194 nobis
799 3156 970 3201 suppetit,
1006 3164 1070 3198 qua
1102 3153 1179 3197 quis
1204 3152 1300 3187 fidem

1350 249 1401 291 do
1427 249 1618 296 inutilem
1647 254 1875 297 molestiam
1902 252 2170 308 refugientes,
2201 255 2387 311 aliquan·

1350 308 1414 370 do.
1449 309 1713 352 commodum
1763 311 1998 354 hereditatis
2045 312 2271 355 invidentes
2304 314 2384 368 iis,

1350 364 1493 427 quibus
1537 365 1801 411 hereditatem
1851 369 2050 411 reslituere
2092 368 2330 420 jubebantur
2373 402 2384 424 ‚

1348 421 1456 465 adire
1488 423 1758 478 recusabant3
1791 441 1840 468 ne
1875 426 2160 469 testamentum
2190 426 2384 470 deserere⁴

1349 492 1415 521 tur
1442 510 1462 542 ‚·
1503 480 1546 522 ὃς
1580 496 1629 539 ne
1663 481 1743 537 spes
1774 484 2086 526 commodorum
2133 483 2225 526 inde
2269 484 2384 526 dubia

1347 535 1579 580 concideret
1601 569 1612 590 ,
1646 539 1794 582 necesse
1821 539 1897 583 fuit
1924 540 2086 583 heredes
2120 554 2279 595 rogatos
2301 555 2384 583 non

1349 591 1478 655 solurri
1519 594 1669 637 damno
1711 595 1844 639 levare
1875 629 1887 650 ,
1923 598 1981 640 sed
2032 598 2224 640 utilitatis
2257 598 2383 641 ctiam

1347 649 1639 715 blandimentis
1669 653 1865 707 implere,
1901 655 2084 708 permissa
2113 654 2262 698 eisdem
2296 670 2382 698 cer·

1346 720 1393 749 tae
1427 710 1625 762 portionis
1656 711 1904 753 detraffione
1947 711 1993 753 de
2031 712 2145 754 bonis
2189 727 2237 754 ex
2269 713 2384 754 testa-

1345 776 1486 809 mento
1508 767 1756 810 restituendis
1776 799 1786 807 .
1822 768 2103 819 Quamobrem
2140 768 2205 810 sub
2234 768 2383 824 Vespa-

1345 821 1478 876 siano,
1519 825 1665 879 Pegaso
1695 824 1737 866 ἂ
1772 824 1939 866 Pusione
1977 824 2086 866 Coss.
2116 825 2387 868 Senatuscon-

1345 879 1493 922 fultum
1522 882 1576 923 est
1611 880 1818 934 proditum
1843 912 1854 934 ‚
1887 881 1993 936 quod
2028 881 2289 937 Pegasianum
2313 898 2384 937 ap-

1343 936 1543 992 pellatur,
1593 954 1674 993 quo
1707 937 1964 992 permittitur
2010 938 2145 981 heredi
2179 939 2381 982 restituere

1344 1007 1487 1049 rogato
1517 995 1727 1038 detrahere
1776 1008 1962 1050 quartam
1997 1011 2046 1038 ex
2081 996 2195 1039 bonis
2230 997 2302 1039 suae
2335 998 2380 1039 si-

1342 1050 1405 1093 dei
1438 1052 1689 1095 commissis.
1725 1053 1838 1095 Hinc
1873 1052 1935 1095 leit
1970 1052 2174 1106 falcidia,
2217 1069 2304 1106 quae
2335 1053 2382 1096 ad

1343 1107 1475 1164 legata
1520 1121 1682 1152 tantum
1727 1109 2014 1153 intendebatur
2041 1141 2052 1162 ‚
2083 1111 2272 1166 produSta
2306 1110 2386 1153 fuit

1341 1166 1388 1208 ad
1438 1165 1746 1209 fideicommissa
1787 1167 1915 1211 etiam
1957 1167 2232 1210 universalia:
2261 1167 2383 1210 >adeo

1342 1235 1385 1265 ut
1430 1237 1620 1278 quartam
1671 1223 1836 1279 scriptus
1881 1224 2025 1278 heres,
2073 1237 2162 1267 tum
2206 1239 2256 1268 ex
2290 1224 2386 1268 uni-

1341 1279 1453 1343 versa
1485 1280 1709 1325 hereditate
1743 1281 1982 1325 restituenda
2003 1313 2014 1335 ,
2048 1294 2135 1325 tum
2168 1297 2217 1325 ex
2252 1281 2385 1337 fingu-

1343 1335 1390 1379 lis
1432 1338 1548 1381 rebus
1590 1354 1660 1394 per
1691 1338 2048 1382 fideicommissum
2101 1339 2251 1382 reliffis
2282 1338 2381 1383 reti-

1343 1406 1487 1437 neret.
1531 1395 1743 1450 Quoniam
1787 1412 1882 1439 vero
1926 1395 2029 1439 nihil
2081 1395 2159 1438 hoc
2193 1395 2384 1438 Senatus-

1342 1451 1528 1495 consulto
1569 1454 1617 1496 de
1647 1452 1873 1496 aetionibus
1925 1453 2178 1496 hereditariis
2209 1453 2384 1496 caveba-

1343 1520 1408 1551 tur
1436 1524 1572 1562 3-mos
1604 1522 1693 1553 erat
1725 1509 1832 1552 inter
1865 1510 2053 1554 heredem
2085 1510 2128 1553 δ(
2159 1525 2253 1552 eum
2273 1541 2286 1563 ‚
2316 1508 2385 1552 cui

1342 1566 1582 1609 restituenda
1631 1579 1717 1610 erat
1749 1567 1949 1610 hereditas
2001 1580 2044 1610 ut
2076 1568 2387 1620 interponeren-

1342 1633 1406 1664 tur
1439 1623 1682 1677 paffiones:
1734 1638 1819 1666 non
1851 1625 1970 1667 aliter
2016 1640 2061 1666 ac
2095 1623 2244 1665 solebat
2276 1622 2387 1666 inter

1342 1679 1529 1742 heredem
1572 1681 1617 1724 ὃ(
1664 1679 1909 1736 legatarium
1960 1681 2200 1737 partiarium
2242 1710 2257 1733 -,
2307 1696 2381 1723 cu-

1342 1753 1401 1788 jus
1446 1737 1538 1781 loco
1580 1737 1803 1781 habebatur
1844 1739 1909 1791 is,
1954 1739 2000 1781 ad
2043 1753 2164 1794 quem
2201 1739 2304 1779 bona
2336 1752 2385 1780 eit

1343 1795 1593 1838 restitutione
1613 1794 1923 1839 deferebantur:
1957 1796 2012 1838 ita
2045 1807 2089 1838 ut
2120 1811 2192 1851 pro
2226 1794 2290 1836 sua
2317 1809 2388 1837 cu·

1341 1851 1476 1907 jusque
1509 1852 1695 1908 portione
1727 1868 1851 1896 onera
1885 1852 2125 1896 hereditaria
2168 1851 2277 1893 inter
2309 1850 2381 1893 he-

1342 1909 1476 1953 redem
1497 1942 1509 1963 ‚
1541 1910 1584 1952 &
1626 1924 1720 1952 eum
1748 1940 1761 1963 ,
1805 1909 1871 1953 cui
1920 1909 2198 1965 restituebatur
2225 1907 2381 1950 heredi-

1342 1978 1426 2020 tas,
1475 1966 1885 2010 communicarentur
1922 1998 1934 2020 ‚
1980 1982 2060 2020 quo
2099 1966 2298 2008 damnum
2340 1964 2384 2007 &

1343 2023 1503 2067 lucrum
1535 2039 1609 2079 pro
1641 2023 1706 2066 sua
1737 2023 1901 2080 quisque
1935 2023 2122 2077 portione
2154 2020 2378 2075 participa-

1342 2093 1400 2124 ret
1437 2113 1446 2123 .
1501 2081 1622 2136 Quod
1665 2080 1692 2123 si
1735 2081 1850 2124 heres
1892 2080 2059 2135 scriptus
2119 2078 2384 2122 hereditatem

1341 2138 1409 2181 sibi
1459 2138 1677 2194 suspeetam
1720 2137 1849 2181 nollet
1893 2137 2046 2190 adire3
2088 2135 2187 2188 jussu
2230 2136 2382 2178 Praeto-

1343 2196 1394 2238 ris
1436 2196 1545 2240 adire
1588 2196 1808 2251 cogebatur
1845 2227 1858 2248 ‚
1901 2193 2108 2237 translatis
2152 2193 2194 2235 in
2238 2207 2334 2234 eum
2366 2222 2381 2245 ,

1340 2252 1408 2308 qui
1454 2253 1521 2295 sibi
1575 2253 1725 2297 restitui
1757 2252 2025 2306 postulaverat
2057 2282 2070 2303 ,
2111 2249 2342 2292 affiionibus
2370 2278 2383 2301 ‚

1342 2323 1536 2365 tanquam
1582 2325 1631 2352 ex
1677 2310 1716 2351 S.
1749 2310 1802 2351 C.
1850 2307 2118 2350 Trebelliano
2157 2338 2166 2348 .
2220 2307 2311 2360 Qua
2344 2305 2389 2347 in

1344 2383 1381 2409 re
1433 2366 1557 2410 nullis
1602 2365 1847 2420 interpositis
1901 2362 2225 2419 stipulationibus
2277 2376 2379 2417 opus

1342 2436 1461 2467 erat:
1509 2436 1598 2466 turn
1641 2423 1754 2466 enim
1799 2421 1905 2464 nihil
1949 2421 2084 2464 oneris
2135 2419 2178 2462 in
2234 2418 2379 2462 herede

1345 2481 1490 2537 scripto
1534 2481 1761 2533 manebat3
1809 2479 1869 2522 sed
1919 2476 2137 2521 commoda
2181 2475 2298 2519 simul
2341 2475 2386 2519 &

1346 2538 1610 2582 incommoda
1661 2552 1756 2581 cum
1805 2535 1890 2592 ipsa
1944 2534 2165 2578 hereditate
2221 2532 2384 2576 restitu-

1346 2610 1383 2638 ta
1410 2627 1421 2648 ‚
1454 2595 1617 2647 jubente
1650 2595 1822 2638 Praetore
1847 2626 1860 2648 ,
1903 2592 2127 2636 transibant
2156 2622 2166 2632 .
2220 2591 2382 2633 Verum

1345 2653 1438 2710 quia
1494 2651 1775 2706 stipulationes
1811 2682 1824 2704 ‚
1877 2666 1965 2706 quae
2022 2647 2388 2702 interponebantur

1347 2710 1427 2766 post
1492 2708 1892 2753 Senatusconsultum
1962 2705 2225 2761 Pegasianum
2262 2734 2274 2755 ,
2340 2702 2386 2746 in

1353 2766 1534 2810 fraudem
1588 2765 1807 2821 aliquando
1851 2764 2094 2808 alterutrum
2137 2759 2389 2823 contrahen-

2280 2828 2386 2860 tium

1930 2888 2048 2901 ..ι-ιι-

1465 2895 1588 2904 -—--

1354 2936 1518 2968 nunquam
1543 2924 1691 2957 testatori
1715 2923 1828 2965 aliquo
1870 2920 1951 2960 iuris
1988 2919 2124 2953 vinculo
2160 2917 2305 2961 obligare
2331 2928 2392 2961 poa

1352 2972 1459 3057 ωιζῃῖἑ
1474 2993 1519 3047 ἰ.
1543 3011 1622 3058 ¹·ff·
1638 3013 1680 3045 ad
1691 3013 1729 3044 ὃ.
1748 3016 1782 3045 C.
1801 3010 1942 3045 Tuben.
1973 3010 2050 3053 Just.
2080 3007 2188 3048 Instit.
2217 3009 2240 3040 l.
2274 3017 2303 3039 2.
2333 3009 2389 3041 εἰς.

1353 3072 1405 3100 23.
1423 3059 1556 3101 Ulpian.
1583 3065 1651 3100 cap.
1667 3066 1718 3096 35.
1735 3058 1773 3090 de
1783 3056 1977 3099 fideicomm.
1995 3056 2058 3098 §.is
2086 3054 2144 3096 qui
2157 3051 2268 3091 Cujac.
2307 3050 2406 3087 ibid!

1353 3111 1430 3141 Ant.
1457 3103 1588 3148 August.
1613 3103 1655 3139 ad
1669 3105 1732 3146 teg.
1748 3102 1787 3136 (9·
1805 3103 1843 3135 S.
1859 3105 1894 3135 C.
1917 3104 2010 3136 Rom.
2025 3101 2079 3134 boc
2091 3099 2217 3134 situla.
