2596 3479
222 48 325 101 118
622 43 723 96 DE
765 43 955 118 JURE
998 43 1459 118 NATURAL1‚
1499 51 1921 127 GENTIUM,

220 136 339 166 tem:
376 134 464 175 quae
498 118 614 163 sicuti
658 131 786 163 certas
817 132 911 163 ante
946 117 1172 164 familiares
1205 124 1549 170 re-laffefiiones
1591 126 1675 179 jure
1721 129 1787 174 suo
1835 140 1998 176 coercet
2050 133 2101 177 ab
2132 134 2168 179 se
2210 133 2382 178 discor-⁹

213 180 334 237 gebat
377 177 594 240 separatim
632 193 645 232 ;
688 179 744 241 ita
786 176 918 242 plures
960 192 1102 223 earum
1152 171 1416 235 dein-ldes3
1463 182 1520 225 ita
1561 183 1606 230 δ(
1637 189 1823 241 gentium
1869 189 1973 233 ratio
2004 221 2016 242 ‚
2066 192 2132 236 cui
2177 193 2357 236 nostrum

213 252 307 292 ceps
337 235 593 287 conjunftim
635 233 937 278 administravit
966 266 975 279 .
1027 235 1150 278 Unde
1208 251 1267 279 re·
1315 238 1510 283 omniurn
1555 242 1744 299 regimen
1793 262 1910 290 mens
1955 246 2134 292 humana
2190 250 2361 293 manda-

213 295 318 339 &ea
339 293 508 338 Platone
540 294 604 336 lex
630 291 861 347 appellatur
892 290 1120 336 distributio
1149 308 1269 337 men-
1316 294 1376 337 vit
1404 326 1416 347 ,
1449 297 1601 342 merito
1631 302 1757 346 armis
1799 306 2021 348 coercuerit
2053 321 2120 350 eos
2141 338 2152 359 ,
2196 307 2266 363 qui
2301 305 2361 350 fe-

213 352 301 396 tis.
334 352 476 406 anue
509 362 641 393 mens·
662 350 765 392 ratio
795 350 850 392 est
881 349 1115 393 communis
1146 366 1262 394 com·
1316 352 1416 397 rinis
1448 354 1630 400 moribus
1665 390 1677 412 ‚
1720 373 1790 404 aut
1835 363 2019 407 noudum
2074 364 2206 408 exutis
2232 396 2245 418 ‚
2291 374 2362 407 aut

212 408 327 453 modi
353 439 364 455 ,
395 409 438 452 &
473 423 619 452 norma
645 407 838 451 universae
872 406 1096 462 utilitatis,
1131 408 1264 464 publi·
1288 409 1503 472 jimprobe
1573 416 1755 470 repetitis
1809 435 2077 464 communem
2139 421 2363 465 hominum

214 481 349 523 caeque
382 465 510 509 tutela
543 465 708 519 salutis,
740 466 1091 511 commerciorum
1126 465 1267 520 altrix,
1290 473 1292 476 ’
1316 466 1540 513 sollicitant
1589 488 1730 528 pacem
1766 507 1778 529 ‚
1835 477 2146 533 naturalemque
2215 478 2363 522 statum

214 524 352 580 praeses
380 536 501 579 atque
518 523 648 568 custos
677 523 952 567 humanarum
990 523 1227 568 societatum
1252 557 1265 578 ,
1288 552 1292 558 ‹
1315 524 1506 571 humanae
1538 530 1708 576 rationis
1750 547 1941 577 evertunt
1967 566 1976 577 .
2022 539 2159 592 Atque
2204 549 2248 578 ut
2291 534 2367 578 ho-

213 598 337 637 quam
369 580 562 633 justitiam
604 580 858 645 appellamus
889 612 898 623 .
940 580 1070 645 Cujus
1113 597 1266 645 cogna-
1286 575 1293 649 J
1317 599 1410 627 rum
1443 583 1556 629 furor
1588 602 1672 631 non
1707 591 1829 633 modo
1861 593 1907 633 ad
1938 590 2031 634 belli
2067 593 2233 649 gerendi
2261 604 2368 635 tem-

212 651 299 684 tam
332 638 526 683 humanat
555 651 710 682 naturae
745 639 943 683 notitiam
976 654 1019 681 in
1053 638 1265 682 sublimio·
1286 651 1292 675 ¹
1313 655 1385 696 pus
1411 657 1424 694 ς
1456 658 1598 687 verum
1629 645 1756 689 etiam
1788 647 2053 702 imposterum
2080 680 2092 701 ‚
2133 665 2180 692 ac
2224 648 2250 691 si
2293 649 2365 691 fic-

212 698 322 741 ribus
355 695 536 752 ingeniis
563 711 614 740 ex
650 696 685 738 se
723 695 1026 758 promicantem
1051 728 1062 749 ‚
1111 696 1154 738 in
1188 696 1264 740 hu·
1286 696 1292 741 ἐ
1313 698 1346 740 ri
1387 712 1509 755 queat
1529 732 1542 755 ‚
1591 715 1786 758 perpetuo
1819 703 2117 759 comprimatur
2144 719 2157 758 ;
2201 705 2366 747 invenit:

212 754 450 799 milioribus
477 752 772 798 exsuscitarunt
804 753 1044 815 quotidiana
1074 753 1263 814 exempla
1286 754 1292 815 Ῑ
1314 756 1417 799 ratio
1465 757 1699 804 servitutem
1736 792 1750 813 ,
1792 776 1873 816 qua
1926 760 2023 804 viffi
2079 777 2102 803 a
2145 760 2368 804 vietoribus

215 812 440 857 utilitatum
461 843 475 865 ‚
505 827 604 868 quas
624 812 860 866 capiebant,
893 825 961 866 qui
991 810 1141 868 adfjus
1168 826 1265 866 prae-
1287 818 1292 833 ⁶
1314 812 1544 860 multentur
1586 833 1596 859 ε
1673 829 1718 861 ut
1777 817 1949 862 vietores
1996 833 2213 873 captorum
2272 817 2367 860 vitae

213 883 329 926 cepta
367 869 503 913 vitam
530 868 787 913 instituerant
807 899 818 910 .
851 869 964 922 Quos
989 880 1132 911 mutua
1159 835 1291 912 interl
1315 885 1479 928 propter
1535 887 1774 930 propr...·:tr··
1803 874 2026 920 utilitatem
2065 874 2223 919 facilius
2274 890 2368 930 par-

215 928 254 971 se
292 943 388 981 pace
429 926 598 980 gaudere
623 957 635 979 ‚
667 938 786 981 atque
819 927 1056 988 animorum
1089 925 1263 978 conjun·
1313 943 1486 984 cerent3
1518 931 1617 974 vieti
1648 948 1746 975 vero
1799 931 1826 974 si
1860 945 2041 977 mortem
2096 932 2325 989 effugerent
2351 962 2364 985 ,

214 983 352 1027 stione
384 999 523 1027 cavere
564 983 729 1026 infidias
754 1014 766 1036 ‚
812 980 1057 1046 injuriasque
1089 981 1570 1061 feliciter-{amissionem
1620 987 1819 1032 libertatis
1859 1006 1882 1033 a
1925 988 2042 1033 bellis
2103 988 2369 1044 pertimesce·

216 1041 447 1096 propulsare
468 1040 686 1083 videbant.
721 1041 822 1096 Qae
849 1039 999 1083 notitia
1017 1055 1263 1096 quocunque
1287 1071 1291 1096 ς
1313 1055 1404 1086 rent
1434 1061 1444 1086 :
1495 1044 1633 1100 itaque
1682 1061 1705 1088 a
1748 1046 1903 1090 mutuis
1952 1045 2114 1096 injuriis
2164 1058 2371 1101 tempera-

211 1098 441 1150 incideret‚
472 1096 612 1141 oblata
644 1097 707 1153 spe
739 1098 844 1153 paris
876 1097 1069 1141 utilitatis
1097 1130 1110 1151 ,
1130 1111 1263 1154 atque
1286 1132 1292 1159 ρ
1313 1113 1405 1144 rent
1433 1117 1446 1154 ;
1489 1101 1804 1158 communisque
1836 1119 1914 1158 pax
1969 1118 2054 1145 non
2087 1103 2232 1145 mortis
2276 1115 2370 1145 tan-

211 1154 360 1211 quietis
386 1186 398 1208 ‚
437 1154 485 1197 ad
517 1154 688 1199 eandem
728 1155 895 1200 vivendi
929 1155 1132 1198 rationem
1173 1156 1263 1199 ani-
1285 1162 1291 1213 ἶ
1312 1170 1402 1202 turn
1428 1189 1441 1212 ,
1482 1158 1545 1202 sed
1575 1159 1703 1202 etiam
1746 1158 2037 1215 ignominiosae
2091 1159 2187 1203 vitae
2217 1158 2368 1202 formi-

213 1228 307 1256 mos
349 1212 590 1257 accendebat
622 1244 632 1254 .
665 1214 729 1255 Ita
759 1227 806 1256 ut
857 1212 998 1255 sensim
1031 1212 1184 1264 justitia
1213 1228 1263 1256 ex
1288 1215 1407 1260 :dine
1460 1216 1692 1260 muniretur
1721 1247 1732 1259 .
1789 1218 1914 1261 Unde
1956 1217 2147 1273 quamvis
2191 1215 2366 1259 rationis

213 1269 366 1313 animis
390 1301 403 1322 ‚
437 1268 501 1312 vel
532 1269 596 1312 sua
628 1269 794 1324 sponte,
827 1269 890 1313 vel
916 1269 1092 1313 aliorum
1127 1269 1264 1313 imita·
1286 1275 1291 1282 '
1314 1272 1380 1317 lex
1401 1303 1414 1326 ,
1456 1288 1545 1329 quae
1585 1285 1719 1317 mater
1762 1273 1818 1317 est
1852 1273 1952 1325 juris
1982 1274 2171 1331 gentium
2206 1305 2218 1327 ,
2251 1273 2363 1317 nihi}

214 1328 330 1370 tione
368 1338 507 1369 coorta
555 1327 598 1369 in
636 1327 870 1370 universum
924 1342 1053 1383 genus
1085 1325 1266 1370 manarit
1313 1329 1459 1384 magis
1482 1329 1699 1374 abhorreat
1723 1362 1735 1383 ‚
1782 1346 1907 1386 quam
1941 1330 2185 1375 violentiam
2222 1361 2235 1384 ‚
2297 1330 2366 1373 ni-

217 1383 451 1426 humanum
479 1414 489 1425 .
523 1382 645 1426 Unde
676 1384 869 1440 quidquid
910 1399 994 1427 non
1020 1385 1140 1428 certis
1175 1397 1266 1427 tan-

213 1452 303 1483 turn
343 1440 512 1483 familiis
557 1472 569 1494 ‚
615 1440 785 1484 certisve
831 1440 1093 1485 societatibus
1135 1474 1148 1495 ‚
1205 1442 1266 1485 sed

220 1498 411 1553 gentibus
467 1497 708 1541 conveniret
759 1498 956 1541 universis
991 1530 1004 1551 ,
1052 1497 1112 1549 jus
1165 1514 1265 1554 gen-

220 1555 329 1599 tium
362 1553 442 1597 fuit
473 1554 755 1610 appellatum:
805 1570 887 1611 quo
931 1554 1132 1598 nimirum
1165 1573 1264 1612 gen·

225 1612 334 1655 tibus
414 1612 607 1654 omnibus
672 1612 940 1656 commodum
1028 1613 1265 1669 utilitasque

219 1667 487 1723 procuditur.
531 1667 662 1720 Cujus
699 1669 864 1712 exordia
904 1669 1002 1722 juris
1044 1670 1112 1712 fibi
1155 1670 1261 1715 adfe-

219 1726 363 1769 rebant
383 1724 654 1769 Athenienses
677 1758 690 1781 ,
711 1741 810 1783 quos
831 1727 982 1781 primos
1001 1726 1136 1771 ferunt
1159 1727 1266 1772 hanc

216 1798 267 1826 ex
294 1782 444 1826 animis
470 1783 663 1827 notitiam
695 1783 925 1838 exculpsisse
951 1815 963 1835 ‚
995 1783 1131 1839 jusque
1168 1801 1267 1840 gen-

218 1839 327 1882 tium
358 1839 549 1883 finitimis
575 1839 774 1884 traditum
811 1840 997 1885 dimisisse
1039 1841 1087 1884 ad
1113 1855 1267 1885 morta-

216 1895 274 1940 les
305 1909 458 1941 ceteros
487 1913 569 1941 una
599 1914 696 1943 cum
729 1897 786 1941 rei
817 1897 983 1954 agrariae
1014 1897 1196 1953 legibus3
1222 1913 1266 1943 ut

215 1953 424 2009 corporis,
457 1954 668 2010 animique
696 1969 793 2009 opes
822 1970 904 1998 una
934 1955 1128 1998 omnibus
1154 1956 1264 2011 regio
1316 1959 1471 2002 bellum
1536 1958 1621 2009 jure
1665 1958 1855 2014 gentium
1905 1957 2202 2013 temporarium
2260 1957 2316 2000 est
2346 1988 2360 2011 ‚

220 2010 469 2065 procrearit.
504 2011 617 2055 Hinc
652 2012 888 2055 Lucretius:
1317 2029 1593 2071 perpetuaeque
1627 2015 1734 2070 pacis
1775 2015 1890 2059 causa
1940 2025 2174 2068 movetur3
2215 2013 2265 2057 ab
2295 2028 2365 2056 eo-

1285 1385 1455 1739 ⁸hilque
1487 1386 1635 1439 majori
1669 1386 1795 1430 studio
1830 1400 2070 1442 promoveat
2097 1419 2110 1441 ‚
2142 1403 2266 1443 quam
2313 1386 2368 1430 li-

348 2069 493 2112 Primae
505 2067 721 2124 frugiferos
730 2067 854 2122 foetus
874 2070 1106 2112 mortalibus
1129 2070 1238 2127 aegris
1314 2073 1407 2116 dem
1472 2072 1558 2125 jure
1611 2072 1816 2116 descendit
1875 2072 2059 2115 sanffitas
2095 2103 2109 2125 ,
2163 2069 2367 2114 immuni-

1314 1445 1514 1488 bertatem
1548 1461 1561 1498 3
1594 1456 1731 1487 tamen
1758 1445 2041 1496 Iurisconsulti
2074 1444 2181 1488 bella
2211 1445 2256 1488 δε
2291 1443 2369 1488 ser-

1314 1503 1468 1545 vitutes
1510 1503 1561 1544 ad
1593 1500 1653 1553 jus
1700 1502 1891 1557 gentium
1937 1501 2164 1546 retulerunt
2204 1516 2217 1553 ;
2271 1501 2369 1557 quia

1314 1558 1394 1602 fine
1428 1559 1506 1602 hoc
1542 1558 1736 1601 satellitio
1765 1590 1777 1611 ,
1808 1559 1953 1615 nequit
1984 1558 2089 1602 ratio
2120 1571 2266 1602 contra
2310 1557 2371 1600 fe-

1316 1616 1482 1660 ritatem
1518 1615 1665 1659 statum
1705 1615 1824 1659 aliter
1866 1616 1970 1660 tueri
2006 1616 2121 1660 suum
2152 1631 2165 1669 3
2209 1631 2286 1659 nec
2318 1613 2371 1658 li-

1314 1687 1376 1718 cet
1436 1673 1518 1716 [ine
1574 1672 1684 1716 brevi
1732 1673 1927 1729 temporis
1980 1672 2183 1717 violentia
2225 1687 2371 1729 pacem

1315 1730 1489 1774 retinere
1526 1729 1766 1774 diuturnam
1806 1762 1819 1784 ,
1862 1743 1933 1775 aut
1965 1743 2203 1786 perpetuam
2247 1729 2373 1773 liber-

1313 1801 1446 1831 tatem
1504 1787 1586 1830 fine
1633 1803 1855 1843 paucorum
1912 1787 2106 1832 servitute
2157 1786 2374 1830 conserva-

1316 1861 1357 1888 re
1390 1877 1400 1887 .
1446 1847 1540 1900 Qua
1587 1845 1635 1887 de
1683 1844 1843 1888 ratione
1889 1845 2034 1888 omnia
2067 1842 2194 1897 belli,
2246 1841 2372 1899 pacis-

1315 1918 1393 1958 que
1425 1901 1511 1953 jura
1557 1901 1842 1955 profluxerunt
1869 1933 1878 1944 .
1923 1903 1980 1945 Et
2004 1901 2210 1958 'quoniam
2239 1915 2368 1944 omne

342 2127 595 2170 Dididerunt
643 2127 842 2182 quondam
883 2128 1062 2183 praeclaro
1110 2129 1264 2170 nomine
1316 2131 1452 2185 tasque
1485 2131 1732 2185 Legatorum
1763 2162 1777 2184 ‚
1819 2145 1920 2186 quos
1953 2129 2066 2172 nefas
2111 2128 2164 2171 est
2210 2128 2367 2180 verbo,

394 2183 582 2235 Athenae,
1314 2199 1384 2230 aut
1417 2202 1458 2230 re
1489 2185 1651 2230 violare
1677 2204 1693 2227 .·
1740 2203 1836 2231 curn
1869 2187 1947 2229 sint
1995 2187 2242 2240 interpretes
2290 2183 2367 2226 hu-

332 2239 390 2281 Ec
403 2251 673 2281 recreaverunt
692 2239 851 2293 vitam,
873 2240 1049 2296 legesque
1067 2252 1263 2296 rogarunt.
1316 2259 1448 2287 manae
1490 2242 1691 2288 societatis
1718 2274 1730 2294 ,
1772 2243 1815 2286 δὲ
1849 2243 2117 2286 instrumenta
2162 2240 2367 2295 pariundae

221 2295 384 2340 Verum
415 2294 601 2351 AEgyptii
634 2295 740 2340 hanc
775 2296 845 2340 sibi
878 2309 1021 2340 contra
1053 2298 1267 2341 vindicant
1320 2300 1429 2356 pacis
1450 2329 1462 2353 ,
1506 2298 1555 2342 ad
1586 2314 1709 2354 quarn
1755 2314 1824 2353 per
1859 2315 2001 2342 eorum
2047 2297 2258 2353 personam
2304 2311 2366 2340 re·-

218 2349 382 2396 laudem
408 2383 421 2406 ‚
476 2352 521 2396 δ(
561 2353 705 2410 quovis
747 2353 915 2409 pignore
974 2354 1230 2399 contendunt
1254 2386 1267 2409 ,
1316 2358 1424 2402 ditus
1456 2368 1605 2413 patet:
1641 2368 1687 2399 ut
1718 2355 1789 2412 qui
1835 2355 1913 2398 suis
1956 2354 2113 2407 injuriis
2145 2370 2190 2398 ea
2222 2353 2367 2397 instru-

187 2409 377 2453 ·Ofirim
411 2409 524 2454 suum
557 2426 653 2454 cum
688 2412 814 2454 uxore
852 2409 955 2455 Ifide
987 2423 1110 2455 terras
1156 2428 1262 2467 pera·
1317 2427 1458 2460 menta
1502 2409 1724 2457 dissolverit
1750 2443 1763 2465 ‚
1807 2411 1962 2456 hostem
2005 2413 2041 2455 se
2076 2412 2247 2467 praebeat
2289 2410 2367 2454 hu-

219 2478 409 2529 grantem
441 2498 454 2521 ,
486 2482 680 2523 agrorum
724 2467 883 2513 cultum
908 2499 922 2523 ‚
968 2468 1014 2513 &
1045 2485 1267 2515 commune

1318 2470 1534 2517 manitatis
1564 2484 1578 2523 3
1619 2485 1716 2514 cum
1749 2469 1940 2513 homines
1982 2485 2004 2512 a
2038 2468 2219 2513 naturali
2265 2467 2365 2511 statu

218 2538 281 2577 jus
305 2523 549 2570 mortalibus
572 2523 788 2582 aperuisse.

1318 2529 1491 2574 rationis
1521 2560 1535 2583 ‚
1584 2528 1653 2584 qui
1704 2543 1799 2582 pace
1856 2526 2045 2570 coalescit
2078 2558 2091 2580 ,
2134 2526 2183 2569 ad
2227 2524 2366 2568 ferita-

1317 2600 1441 2642 tem,
1472 2600 1562 2641 quae
1606 2583 1728 2630 bellis
1773 2584 1929 2628 exultat
1955 2617 1967 2640 ‚
1998 2595 2201 2640 quantum
2249 2581 2292 2624 in
2324 2581 2359 2624 se

1317 2646 1370 2690 est
1401 2675 1414 2698 ‚
1458 2654 1653 2700 perpetuo
1702 2642 1919 2686 traducat.
1974 2641 2128 2684 Eadem
2171 2638 2217 2682 de
2249 2637 2366 2681 causa

1317 2702 1443 2747 etiam
1497 2699 1542 2743 in
1584 2699 1693 2744 bello
1731 2731 1744 2754 ,
1791 2698 1956 2755 ipsoque
1997 2699 2136 2741 ardore
2182 2711 2326 2759 pugnae
2350 2726 2364 2748 ‚

1319 2775 1414 2805 cum
1459 2756 1564 2801 ratio
1598 2768 1713 2800 muta
1767 2756 1930 2799 videtur
1959 2786 1972 2808 ,
2013 2754 2058 2797 &
2112 2754 2316 2797 exanimis
2350 2768 2363 2793 t

224 2807 375 2912 AT
419 2809 446 2854 fi
488 2827 569 2868 qua
609 2827 708 2867 gens
755 2814 1097 2860 communionem
1128 2814 1225 2868 juris
1257 2845 1271 2870 ‚
1320 2832 1370 2861 ne
1412 2827 1552 2859 tamen
1593 2813 1732 2858 omnis
1785 2812 1833 2856 ad
1878 2827 2019 2867 pacem
2076 2811 2142 2854 via
2198 2809 2365 2875 praeclu-

359 2868 404 2912 &
451 2868 583 2913 foedus
633 2870 827 2916 humanae
873 2873 1074 2917 societatis
1121 2874 1273 2918 lacera-
1321 2873 1473 2927 datur,
1517 2871 1666 2915 foedera
1708 2870 1819 2914 inter
1865 2868 2059 2913 homines
2107 2868 2198 2911 data
2230 2882 2364 2911 utrin-

226 2935 290 2988 ζεῖ
317 2955 341 2988 ,,
385 2942 432 2970 ac
474 2926 678 2984 frangeret
715 2945 727 2971 e
772 2930 986 2987 quieteque
1040 2929 1274 2975 viventibus
1322 2947 1400 2990 que
1427 2962 1439 2986 ‚
1493 2941 1739 2985 acceptaque
1794 2926 1869 2971 fide
1919 2925 2172 2970 servantur:
2226 2937 2364 2969 certae-

227 2979 486 3045 lnfidtaretur
520 3000 535 3039 3
577 2998 665 3029 tum
696 3001 744 3030 ea
784 2999 982 3044 tanquam
1025 2987 1147 3033 hostis
1187 2989 1275 3032 hu·
1324 3004 1401 3047 que
1445 2987 1550 3044 leges
1591 2985 1649 3029 uti
1685 2984 1888 3041 sponsores
1912 3015 1925 3039 ,
1977 3000 2024 3028 ac
2059 2983 2176 3028 vades
2219 2982 2363 3045 sutuqae

225 3041 446 3085 mamtatis
473 3041 574 3094 justo
605 3042 715 3087 bello
744 3059 769 3087 a
799 3045 1003 3090 finitimus
1035 3047 1279 3101 petebatur.
1352 3045 1435 3090 acis
1469 3076 1482 3098 ‚
1527 3042 1712 3087 militum
1759 3053 1904 3098 regunt
1938 3041 2015 3086 iras
2037 3072 2052 3096 ‚
2095 3041 2138 3084 ἃ
2172 3039 2363 3083 micanti·

228 3095 348 3142 Nam
379 3097 494 3145 sicuti
523 3100 694 3147 domina
740 3100 934 3148 humanae
966 3114 1123 3150 naturae
1153 3114 1278 3156 mens
1355 3119 1403 3149 us
1432 3100 1583 3162 gladiis
1613 3098 1826 3158 praesunt:
1874 3098 1974 3145 adeo
2014 3110 2060 3145 ut
2090 3097 2196 3143 nihil
2229 3095 2363 3140 videa-

2298 3165 2364 3195 ‘Ul'

410 2638 453 2683 C
512 2641 554 2684 A
614 2640 646 2683 P
703 2641 748 2683 U
807 2641 853 2685 T
969 2643 1095 2688 XIV.

574 2728 641 2773 De
664 2727 763 2780 Jure
781 2728 919 2772 Belli.
