2596 3479
237 83 326 134 88*
379 158 421 204 C
481 159 522 204 A
582 159 614 203 P
675 163 717 204 U
783 162 826 204 T
943 163 1129 206 CLXII.

470 279 539 324 De
565 278 752 321 Alb-erico
774 278 822 320 de
846 277 1003 332 Rosata
1023 310 1032 320 .

334 391 470 436 Odem
506 393 635 436 seculo
662 392 800 437 floruit
832 392 1048 438 Albericus
1077 394 1125 439 de
1154 394 1279 439 Rosa-

366 465 405 494 ta
433 451 713 507 Bergomensis
730 484 743 505 ‚
767 467 848 509 quo
874 467 1021 508 genere
1048 454 1279 508 obscurior,

239 525 289 554 eo
320 509 507 553 doftrina
550 509 749 553 illustrior
779 526 789 552 τ
835 525 912 565 qua
946 513 1097 555 meruit
1127 544 1139 566 ,
1183 526 1227 556 ut
1258 529 1280 555 a

238 568 398 619 Joanne
432 568 681 612 Novariensi
719 566 920 624 Episcopo
947 601 959 622 ‚
1003 570 1046 612 &
1091 570 1280 614 Luchino

238 625 503 669 Vicecomite
544 625 921 669 Mediolanensium
966 627 1186 682 Principe,
1232 628 1281 671 ad

238 683 504 726 Benedietum
547 685 651 727 XII.
701 684 945 727 Pontificem
980 684 1134 740 legatus
1180 685 1280 729 mit-

239 752 426 784 teretur:
462 756 557 784 cum
591 742 635 784 in
664 742 799 784 Patria
822 773 834 797 ‚
867 756 989 797 atque
1034 744 1161 786 etiam
1193 746 1284 788 Ro-

238 814 318 842 rnae
349 799 557 842 causarum
592 799 820 855 patrocinio
857 800 924 843 diu
960 800 1162 843 vacasset.
1197 802 1283 846 De-

241 857 396 912 nique,
421 856 489 900 ubi
524 857 558 899 se
584 857 803 901 abduxisset
831 873 852 900 a
887 858 1063 912 negotiis
1093 889 1106 911 ,
1139 871 1284 914 praeter

241 914 598 969 interpretationes
624 915 916 958 vocabulorum
931 946 944 968 ,
958 915 1084 958 etiam
1105 917 1283 972 utrisque

638 83 764 138 DE
831 85 1120 140 ORTU
1183 87 1314 143 ET
1369 89 1983 152 PROGRESSU

1325 165 1424 210 xit:
1468 167 1573 211 haud
1607 171 1691 225 pari
1725 184 1865 216 tamen
1903 172 2055 225 judicio
2083 203 2097 230 ,
2143 173 2378 222 contrario-

1326 240 1406 289 que
1440 224 1610 270 successu
1642 261 1651 271 .
1698 231 1812 275 Nam
1843 232 2007 276 Servius
2048 233 2265 280 dialectica
2312 236 2376 278 so-

1327 283 1444 348 brie,
1477 296 1598 341 atque
1630 286 1844 345 frugaliter
1882 291 1970 334 usus
2000 323 2012 345 ,
2044 306 2095 336 ex
2124 309 2170 336 ea
2203 307 2374 348 tantum

1326 340 1515 386 ordinem
1543 375 1556 397 ,
1598 347 1865 401 partitionem
1892 380 1905 402 ,
1948 362 2068 405 atque
2111 351 2375 408 perspicuita-

1328 410 1458 462 tem)
1505 402 1788 460 rationemque
1832 406 2095 462 definiendi,
2137 410 2181 453 &
2213 425 2262 454 ex
2297 425 2376 452 no·-

1328 470 1382 500 tis
1424 471 1568 520 ignota
1611 462 1831 519 colligendi
1878 465 2060 509 traduxit
2095 467 2145 509 ad
2180 467 2377 524 jurispru-

1328 514 1510 559 dentiam
1537 550 1550 573 ,
1594 535 1718 576 quam
1759 521 1803 564 ὅ(
1833 522 2068 578 eloquentia
2091 556 2103 576 ‚
2147 524 2226 569 five
2260 525 2377 580 lepo-

1328 587 1370 615 re
1408 588 1560 637 tpurae‚
1603 591 1723 635 atque
1765 581 1982 623 concinnae
2013 581 2205 625 diffionis
2236 614 2249 637 ‚
2294 581 2378 626 mi-

1333 630 1517 676 rabiliter
1564 636 1748 680 excoluit
1792 668 1805 688 ‚
1862 637 2083 692 effugitque
2139 639 2377 683 dialeffico-

1331 704 1422 732 rum
1463 692 1695 738 exilitatem
1721 727 1733 748 ‚
1777 695 1821 737 ὅ(
1855 694 1980 748 syrtes
2023 693 2114 737 illas
2145 697 2376 741 orationis:

1330 747 1516 792 Bartolus
1546 767 1643 795 vero
1665 784 1676 804 ,
1709 767 1804 795 cum
1840 752 1882 794 in
1916 768 1962 795 ea
1995 764 2182 807 tempora
2208 754 2380 798 incidis-

1331 804 1387 847 set
1423 838 1435 862 ‚
1480 807 1523 851 in
1567 809 1712 866 quibus
1753 810 1891 853 omnis
1933 810 2092 854 dicendi
2147 811 2379 868 cogitandi-

1330 878 1408 919 que
1462 865 1566 910 ratio
1620 884 1643 910 a
1688 867 1919 911 scholarum
1973 867 2153 911 barbarie
2212 869 2379 923 peteba-

1331 932 1429 974 tur;
1473 940 1560 967 non
1605 925 1729 968 modo
1775 925 1905 980 spinas
1936 925 2244 969 dialecticorum
2289 941 2378 970 non

241 972 341 1034 juris
367 972 686 1016 commentarios
714 972 965 1036 ediditzquo
989 988 1110 1028 opere
1137 974 1283 1018 studio-
1329 977 1522 1034 abjecit3
1567 983 1628 1026 sed
1671 999 1738 1026 eas
1793 983 1977 1027 consulto
2030 982 2165 1039 sparsit
2214 984 2257 1027 in
2312 983 2377 1035 ju-

244 1034 380 1073 lorum
422 1029 602 1072 laborem
651 1029 878 1084 plurimum
937 1031 1090 1074 levavit
1122 1064 1134 1086 ,
1188 1026 1645 1092 antelrisprudentiarn
1684 1071 1695 1092 ‚
1750 1039 1795 1083 in
1844 1056 2016 1096 eamque
2070 1041 2259 1084 Arabum
2307 1042 2381 1083 do-

243 1103 367 1143 quam
397 1086 634 1130 eruditiores
662 1118 674 1141 ‚
712 1087 755 1130 St
783 1087 1015 1133 sinceriores
1056 1090 1284 1134 nostrorum
1306 1094 1507 1139 ·&rinam
1550 1096 1693 1140 effudit

1730 1114 1739 1138 ε
1797 1113 1886 1153 quae
1939 1096 2182 1162 jampridem
2243 1100 2380 1142 Euro-

243 1156 478 1199 temporum
510 1143 804 1200 explicationes
828 1147 877 1188 ab
902 1147 1189 1192 eruditioribus
1213 1149 1283 1202 Ju-
1305 1167 1390 1208 gpae
1434 1153 1587 1198 scholas
1645 1167 1832 1199 veterum
1885 1155 2146 1198 scientiarum
2187 1186 2200 1209 ‚
2256 1167 2385 1211 atque

245 1200 492 1246 risconsultis
522 1203 751 1256 prodirent.
785 1205 930 1248 Fertur
963 1204 1072 1248 idem
1096 1207 1140 1248 in
1165 1208 1285 1249 Dan-

267 1262 272 1267 .
387 1259 391 1265 ι
474 1259 496 1265 Η
762 1260 767 1266 ι
1306 1207 1486 1274 {artium
1529 1212 1730 1268 elegantia
1777 1227 1919 1257 exutas
1967 1246 1980 1266 ,
2029 1212 2134 1256 foede
2182 1228 2378 1269 pervaga-

244 1273 297 1303 tis
324 1259 498 1313 Aligerii
528 1261 676 1304 Poema
712 1260 824 1304 fuisse
851 1275 1211 1316 commentatum,
1239 1276 1284 1307 ut
1332 1268 1448 1311 batur
2299 1270 2306 1277 ⁸

1487 1302 1496 1312 .
1545 1271 1627 1314 His
1671 1271 1799 1325 copiis
1838 1271 2026 1314 Bartolus
2066 1271 2121 1314 est
2164 1270 2254 1314 usus
2297 1286 2381 1313 im-

245 1318 478 1361 consuetam
499 1317 885 1368 Iurisconsultorum
914 1320 965 1362 sui
992 1321 1190 1374 temporis
1214 1321 1284 1364 do·
1332 1325 1492 1370 modice
1529 1360 1541 1381 ,
1596 1341 1762 1383 tamque
1822 1330 1970 1372 crebris
2007 1360 2019 1382 ‚
2079 1344 2126 1371 ac
2184 1328 2375 1372 tenuibus

243 1375 420 1419 &tinam
465 1373 655 1428 superasse
690 1388 915 1431 appareat.
958 1377 1142 1422 Demum
1174 1394 1285 1423 anno

249 1432 551 1476 MCCCLIV.
583 1433 782 1489 migravit
816 1449 837 1477 e
863 1433 947 1478 vita
968 1467 978 1477 .

383 1547 425 1590 C
488 1548 525 1590 A
588 1547 619 1590 P
677 1550 721 1590 U
783 1549 826 1590 T
944 1550 1151 1594 CLXIII.

533 1634 599 1677 De
623 1636 722 1678 aliis
757 1637 967 1679 turmatim
983 1669 992 1679 .

335 1723 521 1765 Raetereo
555 1736 665 1764 nunc
700 1720 873 1773 ejusdem
913 1723 1042 1768 classis
1079 1722 1286 1776 Juriscon-

362 1779 484 1823 sultos
526 1778 627 1821 alios
656 1810 669 1833 ‚
701 1795 849 1835 nempe
894 1781 1148 1826 Rolandrum
1196 1783 1283 1826 Pla-

247 1836 403 1881 ciolum
431 1869 443 1892 ‚
489 1837 700 1880 Andream
737 1838 863 1881 Ciaffi
897 1870 908 1891 ‚
950 1839 993 1882 ὃς
1024 1840 1284 1884 Franciscum

248 1894 421 1950 Tigrini
459 1894 621 1938 Pisanos
649 1911 660 1948 5
698 1895 922 1939 Ricardum
953 1897 1000 1939 de
1034 1898 1284 1941 Malumbris

245 1952 573 1995 Cremonensem
617 1984 628 2005 ‚
694 1953 1045 1997 Bartholomaeum
1099 1956 1284 2006 Butriga-

242 2009 356 2054 rium
379 2011 680 2054 Bononiensem
709 2042 721 2064 ,
753 2011 911 2066 eiusque
945 2012 1054 2055 cives
1093 2014 1285 2057 Lamber-

245 2069 381 2111 tinum
416 2099 427 2119 ‚
471 2067 514 2110 ὃς
562 2068 819 2112 Franciscum
855 2070 1063 2124 Ramponi
1097 2087 1108 2125 5
1153 2072 1284 2115 Nico-

246 2124 358 2168 laum
410 2125 704 2169 Mattarellum
756 2126 1078 2180 Mutinensem,
1124 2128 1286 2172 Guliel-

244 2198 364 2226 mum
397 2199 419 2224 a
451 2183 602 2226 Cuneo
629 2215 640 2235 ‚
672 2184 715 2226 δζ
747 2184 1016 2228 Beltrandum
1052 2186 1098 2228 de
1134 2187 1284 2230 Monte

243 2239 481 2283 Faventino
512 2271 524 2292 ‚
557 2241 760 2291 Ioannem
794 2242 968 2285 Fabrum
1013 2242 1284 2297 Burdegalen-

244 2297 328 2340 sem
353 2328 366 2349 ‚
398 2296 643 2340 Rainerium
676 2298 1028 2352 foroliviensem3
1061 2301 1284 2344 Taddaeum

244 2354 444 2410 Pepulum
471 2355 803 2410 Bononiensem3
835 2357 1102 2412 Signorinum
1124 2360 1275 2401 Homo·
1310 2367 1314 2383 ⁶

244 2413 367 2456 deum
410 2411 769 2456 Mediolanensem
803 2445 815 2467 ,
860 2413 902 2457 ὃ(
939 2415 1043 2457 alios
1085 2415 1204 2471 usque
1237 2417 1282 2459 ad

243 2468 457 2514 Bartolum
498 2469 601 2513 Cini
627 2470 871 2525 discipulum
890 2504 901 2525 ,
934 2487 1128 2529 novaeque
1156 2472 1283 2518 classis

249 2526 641 2581 jurisconsultorum
667 2528 870 2585 Principis
884 2562 893 2572 .

389 2643 431 2686 C
490 2645 530 2687 A
590 2646 621 2688 P
683 2640 725 2688 U
786 2647 830 2688 T

566 2765 569 2767 Α
623 2732 689 2774 De
720 2732 913 2774 Bartolo·

367 2815 443 2867 Ic,
478 2813 501 2855 si
546 2825 630 2857 tam
677 2816 838 2859 sublimi
895 2816 1041 2861 eloco
1092 2817 1277 2863 similitu·

393 2872 534 2914 dinem
565 2873 709 2916 ducere
744 2873 839 2917 licet
866 2906 878 2928 ‚
910 2875 1098 2919 Servium
1144 2877 1278 2934 Sulpi-

242 2928 356 2974 cium
389 2929 574 2973 imitatus
597 2961 609 2983 ‚
653 2946 730 2985 prae
762 2933 904 2974 ceteris
946 2945 1040 2976 ante
1086 2934 1118 2977 se
1152 2934 1277 2979 inter-

946 2646 1148 2691 CLXIV.

1332 1383 1480 1436 gaudet
1541 1384 1917 1440 distinffionibu53
1972 1400 2015 1428 ut
2077 1402 2160 1428 non
2222 1385 2376 1428 dividat

1335 1456 1420 1483 rem
1452 1473 1465 1496 ,
1518 1442 1578 1486 sed
1622 1443 1786 1500 frangat
1826 1476 1838 1498 ,
1900 1459 2020 1499 atque
2075 1443 2376 1487 comminuat:

1334 1497 1445 1548 cuius
1477 1499 1619 1544 deinde
1665 1502 1830 1546 frustula
1864 1534 1876 1556 ‚
1921 1503 2052 1550 nimia
2107 1500 2266 1555 ingenii
2319 1500 2379 1552 ja-

1334 1556 1514 1600 &atione
1552 1591 1564 1611 ‚
1624 1558 1753 1602 veluti
1820 1572 1946 1603 vento
2002 1560 2286 1613 dissipantur:
2333 1567 2380 1600 ut

1335 1629 1419 1656 non
1451 1615 1607 1659 mirum
1646 1649 1659 1670 ‚
1701 1616 1727 1658 si
1762 1616 1908 1672 scripta
1958 1616 2070 1660 illius
2103 1615 2244 1659 nubila
2277 1647 2290 1670 ‚
2331 1613 2378 1658 δε

1334 1671 1571 1729 confragosa
1616 1674 1832 1730 negotium
1890 1674 2124 1731 legentibus
2174 1674 2272 1717 adeo
2317 1671 2379 1715 fa-

1334 1730 1486 1774 cessunt
1529 1765 1542 1785 ‚
1596 1744 1642 1775 ut
1702 1731 1905 1788 aliquibus
1967 1732 2149 1776 videatur
2213 1730 2380 1774 theuto-

1337 1787 1427 1832 nice
1461 1789 1620 1832 locutus
1654 1822 1662 1831 .
1715 1791 1826 1842 (a)
1881 1792 1983 1846 Quae
2015 1789 2115 1832 vitia
2167 1804 2252 1832 non
2296 1787 2373 1831 ho·-

1334 1845 1461 1888 minis
1493 1846 1635 1898 fuere,
1681 1847 1742 1889 sed
1773 1847 1900 1891 aetatis
1929 1864 1937 1889 :
1972 1863 2060 1903 quae
2101 1846 2252 1889 reliffis
2303 1861 2377 1900 pu-

1335 1919 1386 1945 ris
1431 1903 1798 1957 Peripateticorum
1845 1904 2064 1959 fontibus,
2111 1919 2184 1958 pro
2233 1902 2280 1946 iis
2314 1904 2377 1945 A·

1335 1962 1475 2004 rabum
1521 1961 1661 2005 faecem
1723 1961 1988 2006 exhauriebat
2024 1993 2034 2005 .
2078 1960 2188 2017 Quid
2235 1959 2376 2004 minus

1333 2019 1448 2062 enim
1501 2018 1865 2075 Peripateticum:
1934 2035 2062 2076 quarn
2117 2018 2375 2062 inconcinna

1333 2092 1450 2119 mens
1476 2108 1487 2127 ,
1518 2076 1562 2120 δε
1610 2076 1742 2119 oratio
1773 2094 1789 2117 .·
1833 2091 1927 2120 cum
1950 2109 1962 2131 ,
1995 2077 2088 2120 teste
2120 2076 2327 2119 Cicerone
2359 2105 2374 2129 ‚

1336 2134 1596 2185 peripatetica
1642 2133 1811 2188 schola,
1858 2133 1901 2177 in
1947 2133 2147 2191 ingenii,
2197 2132 2240 2176 ἃ
2286 2149 2377 2176 ora-

1335 2191 1460 2234 tionis
1505 2192 1706 2247 regimine
1734 2223 1747 2246 ‚
1793 2190 1988 2248 cultuque
2035 2192 2154 2235 unice
2198 2190 2375 2233 versare-

1335 2253 1431 2291 tur?
1466 2249 1610 2291 AEratis
1645 2249 1769 2305 igitur
1812 2248 1923 2292 illius
1958 2248 2132 2292 scientiis
2162 2247 2371 2290 excellens

1336 2305 1556 2358 Bartolus‚
1588 2322 1670 2361 quo
1713 2304 1802 2359 plus
1835 2305 2006 2361 ingenio
2051 2304 2269 2358 pollebat3
2319 2319 2370 2348 eo

1333 2363 1504 2413 maiores
1547 2362 1616 2405 sibi
1649 2362 1868 2418 aliquando
1905 2394 1917 2416 ‚
1966 2361 2134 2418 aliisque
2178 2361 2369 2404 tendebat

1332 2422 1545 2474 ambages.
1576 2421 1702 2463 Unde
1739 2419 1917 2463 scholam
1950 2418 2271 2474 jurisprudentiae
2304 2418 2369 2462 in·

1333 2478 1463 2522 stituit
1499 2489 1661 2522 acutam
1709 2476 1829 2521 illam
1861 2477 2059 2534 quidem,
2104 2476 2148 2519 &
2198 2475 2371 2520 forensi-

1334 2536 1404 2578 bus
1459 2535 1793 2580 cavillationibus
1856 2534 2193 2590 percommodam
2235 2550 2247 2587 5
2293 2533 2373 2577 Ἠε-

1334 2593 1501 2637 xuosam
1527 2606 1670 2637 tamen
1698 2627 1710 2648 ‚
1742 2593 1787 2637 ὃς
1811 2593 1864 2637 ob
1891 2594 2059 2637 inanem
2087 2591 2181 2648 saepe
2215 2590 2373 2635 subtili-

1333 2662 1460 2694 tatem
1494 2652 1663 2696 anxiam
1702 2652 1818 2705 sane,
1849 2651 1893 2694 &
1931 2651 2215 2707 importunam
2242 2680 2254 2701 ‚
2287 2663 2368 2691 un-

1330 2708 1376 2752 de
1404 2707 1623 2751 Bartolinae
1675 2709 1817 2752 scholae
1849 2709 2091 2764 interpretes
2125 2706 2367 2761 plerumque

1303 2761 1499 2822 {ingenio
1540 2765 1768 2822 plurimum
1806 2765 2064 2821 indulgentes
2087 2795 2099 2818 ‚
2127 2762 2226 2806 exili
2257 2778 2366 2826 'qua-

1332 2822 1430 2865 libet
1471 2838 1522 2866 ex
1557 2822 1754 2866 affinitate
1785 2820 2052 2878 discrepantia
2103 2820 2223 2875 longe
2254 2832 2366 2883 inter

1329 2880 1363 2924 se
1397 2895 1481 2924 non
1525 2896 1616 2924 raro
1665 2893 1910 2935 comparant
1947 2911 1959 2933 ‚
2002 2891 2121 2935 atque
2166 2890 2366 2920 commit-

1327 2950 1455 2981 tunt:
1490 2937 1653 2981 Contra
1686 2952 1782 2981 vero
1815 2935 1909 2992 saepe
1941 2937 1994 2980 ob
2030 2936 2117 2980 leve
2149 2935 2362 2992 quodlibet

241 2986 419 3043 pretibus
455 3018 468 3040 ‚
499 2986 804 3032 dialefficorum
838 2989 989 3039 regulis
1015 3022 1026 3041 ,
1059 2990 1101 3034 &
1136 2992 1277 3037 Philo-
1302 2995 1539 3040 ‘discrimen
1579 2994 1789 3039 simillima
1819 3010 1985 3051 quaeque
2017 2993 2242 3037 distrahunt
2272 3024 2285 3045 ‚
2317 2991 2363 3036 δι

242 3044 462 3102 sophorum
508 3045 699 3089 acumine
742 3044 1098 3102 jurisprudentiam
1132 3049 1275 3096 instru-
1322 3071 1344 3098 a
1380 3053 1497 3097 rebus
1527 3051 1749 3110 aliquando
1781 3052 2036 3097 alienissimis
2067 3049 2362 3103 vaticinando,

234 3175 455 3191 *nu—⁸·-

917 3180 1025 3190 -u—
1037 3179 1274 3192 ·—1-———-

1028 3189 1035 3196 n

284 3209 364 3252 (a)
411 3209 510 3244 Alex.
535 3210 560 3243 t.
577 3210 695 3251 miles,
719 3211 913 3255 paragraph.
940 3211 1046 3247 decem
1071 3210 1181 3254 infin.
1197 3213 1265 3246 Di-

1331 3214 1408 3259 gest.
1427 3217 1466 3250 de
1479 3227 1510 3250 re
1520 3214 1698 3257 iudiciaria
1711 3238 1721 3249 .

2192 3107 2236 3151 &
2257 3107 2364 3150 ario-

1659 3182 1794 3199 ·u-—0
2257 3178 2367 3190 —m
