2596 3479
523 106 654 161 ET
734 96 1927 161 SENATUSCONSULTIS.

187 179 247 225 bit
279 210 292 235 ‚
323 179 541 238 pecuniam
574 180 735 237 perdere
767 211 780 234 ‚
831 180 900 236 qui
944 195 1035 223 eam
1070 178 1233 223 filiisfa-

191 237 332 284 milies
385 251 574 282 mutuam
616 237 780 289 {dederit
815 269 825 279 .
875 239 980 281 Sunt
1029 238 1097 293 qui
1151 236 1231 280 hoc

186 295 228 338 S.
261 296 313 338 C.
366 313 460 341 curn
503 294 671 339 Claudii
716 294 803 349 lege
838 306 1022 350 tempore
1053 294 1231 346 conjun-

188 365 289 407 gant
319 385 332 407 ,
382 353 495 397 sicuti
535 352 582 396 δί
628 351 829 395 sententia
871 351 1184 407 conjunguntur
1220 382 1229 394 .

188 411 264 452 Sed
297 410 393 466 quia
417 441 429 463 ,
472 410 517 451 in
548 409 719 452 eandem
755 408 1000 452 sententiam
1032 411 1232 452 Senatum

189 465 409 510 decrevisse
455 465 522 508 sub
557 465 802 520 Vespasiano
828 497 840 519 ‚
892 466 1110 509 Svetonius
1141 466 1237 517 (a)

190 524 313 566 tradit
344 554 356 576 ‚
400 523 563 565 malunt
607 522 789 578 plerique
832 523 873 565 S.
906 524 958 566 C.
990 522 1073 574 ejus
1105 522 1230 578 origi-

189 595 286 623 nem
320 596 342 621 a
376 579 624 634 Vespasiano
652 593 837 634 repetere
859 612 872 633 ,
919 579 991 622 nifi
1026 579 1129 623 forte
1161 582 1233 623 ob-

194 637 368 681 soletum
404 637 535 691 postea
570 638 636 680 sub
668 637 917 692 Vespasiano
940 636 1116 680 revixit.

384 723 424 765 C
488 725 525 766 A
590 723 620 766 P
678 725 723 766 U
784 723 829 765 T
920 724 1050 767 LXX.

310 779 395 823 Lex
430 780 548 833 Julia
589 782 637 824 de
668 778 843 837 Ceffione
874 781 1076 824 Bonorum
1109 811 1118 823 .

334 865 573 910 Ebitoribus
626 882 726 911 vero
774 865 971 910 universis
1015 865 1080 910 lex
1126 863 1234 917 Julia

347 924 569 977 subvenit,
621 940 709 980 quae
750 925 795 968 de
829 926 1000 967 cessione
1035 925 1236 966 bonorum

197 979 427 1033 appellatur
454 997 466 1034 3
498 997 624 1037 eaque
657 983 706 1025 iis
739 983 931 1025 concessit
964 1012 976 1034 ,
1022 993 1065 1024 ut
1098 981 1124 1023 si
1162 980 1236 1022 sol-

2223 112 2247 148 2
2302 112 2322 147 1

1282 175 1412 219 obstat
1440 207 1452 229 ‚
1500 173 1604 230 quin
1654 173 1760 216 bona
1805 171 1888 227 post
1923 170 2142 221 cessionem
2176 114 2340 228 quaesiita

1284 233 1487 277 veteribus
1519 231 1747 274 actionibus
1784 227 1957 281 subsint,
1987 227 2031 272 in
2053 242 2255 284 quantum
2278 227 2339 271 fa-

1287 306 1380 335 cere
1410 289 1571 334 debitor
1606 290 1724 343 potiit
1753 319 1762 330 .
1793 286 1880 339 (b)

1461 405 1501 447 C
1563 405 1603 446 A
1666 403 1695 445 P
1755 403 1797 445 U
1860 402 1902 443 T
1993 401 2157 445 LXXI.

1560 490 1626 535 De
1656 490 1700 531 S.
1733 490 1784 532 C.
1816 487 2016 539 Vellejcmo
2039 517 2049 529 .

1288 575 1525 676 ATque
1556 574 1619 618 liis
1651 572 1805 625 juribus
1838 572 1880 616 in
1908 572 2142 617 universum
2165 571 2336 617 unicui-

1420 649 1498 688 que
1533 631 1768 675 subvenitur
1795 661 1805 673 .
1839 630 2102 682 {Mulieribus
2134 646 2231 673 vero
2265 647 2336 685 pe-

1285 689 1439 733 culiare
1489 688 1735 734 beneficium
1782 687 2013 732 tribuerunt
2064 687 2223 732 Ediffis
2256 688 2334 732 suis

1286 748 1491 803 Augustus
1544 747 1586 790 δε
1637 744 1870 789 Claudius:
1915 746 2060 801 quibus
2091 746 2342 789 occurreba-

1288 816 1354 846 tur
1390 803 1672 848 imbecillitati
1707 802 1928 847 mulierum
1957 834 1967 856 ‚
2000 818 2088 858 quae
2119 801 2337 859 conjugali

1291 877 1429 905 amore
1451 895 1463 915 ,
1514 875 1633 917 atque
1667 860 1898 903 inconsulta
1930 860 2128 904 facilitate
2163 861 2239 904 sese
2275 873 2336 902 te-

1288 934 1399 961 mere
1433 919 1684 974 implicant.
1721 919 1863 973 Itaque
1896 918 2113 961 cavebatur
2140 949 2152 969 ‚
2185 932 2235 960 ne
2270 915 2339 959 vi·

1287 991 1426 1019 rorum
1458 976 1729 1032 obligationes
1761 974 1804 1017 in
1839 975 1874 1018 se
1907 974 2150 1029 susciperent
2180 1006 2192 1027 ‚
2228 989 2334 1017 neve

198 1036 331 1079 vendo
376 1053 459 1080 non
504 1040 629 1082 essent
657 1070 669 1092 ‚
722 1039 861 1083 liceret
917 1038 1024 1081 bona
1067 1036 1235 1082 credito·
1291 1033 1446 1076 athoni
1483 1065 1495 1085 ‚
1543 1049 1622 1089 qua
1655 1031 1737 1075 viri
1770 1032 2015 1075 tenebantur
2044 1064 2057 1084 ‚
2101 1031 2136 1074 se
2170 1030 2339 1082 subjice-

198 1092 307 1136 ribus
337 1095 475 1138 cedere
497 1128 508 1148 ‚
543 1113 624 1151 quo
657 1112 742 1140 non
776 1096 967 1140 debitoris
993 1127 1005 1147 ‚
1058 1095 1119 1139 sed
1152 1110 1238 1138 cre·
1300 1102 1391 1134 rent
1421 1123 1430 1132 .
1476 1092 1543 1133 M.
1588 1090 1755 1132 tandem
1798 1089 1939 1132 Silano
1970 1089 2014 1132 ὅ(
2047 1087 2212 1140 Velleio
2244 1089 2339 1131 Tu-

198 1150 379 1194 ditorum
429 1168 597 1196 nomine
645 1155 751 1197 bona
792 1153 938 1197 deinde
969 1152 1235 1195 distraheren-

200 1218 266 1250 tur
297 1239 308 1250 .

199 1264 403 1318 effugiunt
449 1282 615 1321 poenam
661 1269 832 1311 carceris
865 1299 876 1320 ‚

200 1336 222 1364 e
255 1324 360 1365 XII.
394 1323 541 1367 tabulis
575 1324 772 1377 supererat
799 1340 810 1378 3
864 1323 925 1367 sed
958 1325 1083 1367 etiam
1115 1322 1237 1366 decli-

201 1390 305 1421 nant
337 1378 556 1423 infamiam
588 1381 705 1424 illam
732 1414 743 1434 ‚
777 1396 901 1436 quam
935 1380 1200 1423 incurrebant
1229 1412 1240 1433 ‚

202 1449 298 1478 cum
343 1450 417 1480 aere
449 1437 586 1480 alieno
619 1438 735 1482 mersi
771 1438 1029 1491 patiebantur
1061 1452 1109 1480 ex
1144 1436 1242 1480 Edi-

199 1491 267 1535 Εἲο
309 1494 498 1538 miseram
543 1493 663 1538 illam
711 1494 929 1539 senionem
974 1495 1175 1537 bonorum
1219 1510 1241 1537 a

200 1549 371 1593 Praetore
405 1551 656 1596 substitutam
683 1584 696 1606 ‚
740 1553 830 1594 loco
862 1551 973 1595 illius
1007 1553 1128 1606 longe
1162 1552 1238 1593 mi-

202 1605 362 1649 serioris
423 1607 609 1651 sestionis
653 1641 666 1662 ‚
729 1624 878 1664 nempe
936 1607 1241 1652 dilacerationis

200 1664 486 1708 membrorum
531 1668 637 1709 XII.
680 1666 851 1710 tabular.
897 1665 1094 1722 permissae
1140 1665 1241 1721 legi-

204 1720 276 1762 bus
301 1751 311 1763 .
344 1721 496 1764 Mitior
526 1736 635 1766 certe
667 1722 744 1766 fuit
777 1723 960 1767 Praetoris
980 1737 1129 1778 poena,
1163 1738 1240 1778 qua

203 1779 288 1819 non
333 1780 520 1822 membra
562 1781 742 1835 corporis
769 1811 781 1833 ‚
833 1781 895 1823 sed
944 1778 1241 1835 patrimonium

201 1833 397 1876 debitoris
445 1835 489 1878 ὃς
539 1836 648 1880 fama
681 1836 1012 1892 proscindebatur
1042 1868 1051 1879 .
1102 1836 1243 1879 Mitis-

201 1889 301 1953 si-ma
345 1902 502 1935 tantem
550 1894 613 1937 lex
657 1894 765 1946 Julia
797 1893 877 1937 fuit
907 1925 920 1948 ‚
968 1909 1057 1949 quae
1090 1893 1239 1936 benefi—

204 1962 271 1990 cio
302 1949 487 1992 cessionis
518 1951 719 1996 debitores
749 1952 877 1996 etiam
908 1967 954 1995 ea
987 1951 1144 1994 levavit
1176 1950 1241 1993 in-

206 2002 332 2046 famia
352 2037 364 2057 ‚
395 2021 518 2062 quam
555 2008 766 2062 subibant,
798 2025 894 2052 cum
924 2023 1070 2052 eorum
1104 2007 1241 2049 nomi—

207 2074 259 2123 ne
293 2061 398 2103 bona
432 2061 742 2115 subjiciebantur
773 2066 981 2108 auffloni.
1014 2066 1070 2108 Et
1100 2079 1244 2120 quam-

196 2130 269 2180 ¹vis
299 2117 478 2162 ae‘itiones
509 2122 693 2165 adversus
722 2124 921 2166 debitores
953 2137 1038 2165 non
1061 2136 1242 2176 pereme-

208 2186 297 2227 της
329 2190 395 2238 eas
425 2189 564 2221 tamen
596 2179 700 2223 elisit
727 2211 739 2232 ,
782 2195 829 2223 ac
861 2179 1017 2222 viribus
1051 2177 1243 2233 spoliavit

205 2243 450 2286 exceptione
470 2233 510 2286 fi
540 2252 615 2278 non
645 2236 746 2292 ceffit
778 2237 890 2279 bonis
923 2252 935 2291 3
977 2236 1240 2292 qua-›debito-

210 2302 271 2331 res
304 2289 386 2343 post
418 2292 635 2336 cessionem
667 2294 941 2347 muniuntur,
972 2293 1103 2349 quoad
1137 2308 1243 2335 nova

209 2344 316 2389 bona
336 2345 779 2403 adquifiverint.Ceffio
797 2351 912 2395 enim
934 2351 1138 2395 bonorum
1161 2365 1245 2393 non

253 2512 274 2550 (
288 2523 307 2542 a
320 2512 340 2551 >
364 2516 406 2545 In
423 2514 550 2556 Vespas.
566 2524 634 2556 cap.
657 2529 668 2549 1
681 2528 708 2550 ι.

254 2555 313 2596 (b)
342 2561 379 2589 C.
400 2560 456 2600 qui
469 2558 537 2592 bon.
564 2564 628 2594 ced.
644 2564 710 2604 pos.
727 2562 784 2595 ubi
799 2561 912 2599 Cuiac.

252 2601 310 2690 (fif.)
336 2606 373 2679 Ld
395 2613 422 2634 1·
444 2602 486 2648 ff
514 2605 558 2638 ad
570 2607 608 2637 δ’.
627 2611 662 2640 C.
680 2611 757 2642 Ven.
773 2608 884 2645 cujac.
900 2614 1006 2650 parat.
1027 2610 1060 2640 0.
1079 2608 1145 2642 eod.
1165 2606 1204 2641 (9⁴
1220 2608 1243 2641 l.

210 2655 241 2678 2.
287 2658 342 2679 .eo
366 2671 375 2680 .

257 2692 331 2732 (⁸)
356 2695 404 2725 De
429 2693 547 2735 quibus
574 2696 768 2730 Consulibus
782 2698 838 2730 etii
858 2698 982 2730 constet
993 2708 1034 2730 ei<
1056 2700 1092 2730 L.
1117 2709 1146 2730 2.
1166 2700 1193 2740 §-
1216 2708 1243 2730 ι.

211 2739 258 2770 D.
286 2738 329 2769 ad
355 2738 683 2780 senatusconsultum
712 2742 909 2781 Velley'anum
923 2764 934 2781 ‚
962 2753 1067 2774 annus
1090 2750 1204 2775 tamen
1231 2766 1242 2782 ‚

209 2790 276 2823 quo
290 2782 472 2817 Consulatu
488 2783 590 2818 suxisti
605 2787 667 2820 sint
685 2809 695 2825 ‚
722 2788 768 2821 ita
781 2787 886 2820 adhuc
899 2787 1028 2820 definiri
1045 2788 1157 2829 nequit
1174 2809 1185 2826 ‚
1209 2796 1244 2821 ut

210 2825 353 2877 scrupuli
385 2828 479 2862 fimul
515 2840 628 2864 omnes
644 2832 869 2871 tollerentur,
899 2832 1061 2866 Antonius
1077 2831 1244 2865 Schultin-

212 2880 283 2913 gius
298 2883 331 2904 in
341 2874 616 2915 jurisprudentia
633 2881 730 2910 Ame-
728 2879 757 2918 J
761 2876 944 2917 ussiniama
957 2885 1069 2919 p.904.
1093 2878 1242 2910 Senatus-

215 2915 400 2963 consultum
431 2920 641 2958 Vellejanum
671 2921 802 2966 perinde
818 2931 853 2955 ut
868 2923 973 2965 legem
990 2922 1122 2964 juniam
1141 2920 1242 2954 Velle-

218 2968 285 2996 Jam
300 2971 470 3002 acceptum
486 2963 547 2998 fert
563 2968 766 3008 temporibus
782 2966 908 3000 Claudii
925 2987 935 3005 ‚
963 2968 991 2999 δι
1008 2975 1182 3010 utrumque
1199 2967 1246 2998 la-

216 3011 289 3035 tum
308 3005 412 3038 censet
433 3010 565 3043 Valerio
583 3012 725 3045 Asiatico
742 3013 772 3044 &
790 3015 838 3044 Μ.
856 3013 956 3054 Junio
974 3012 1084 3044 Silano
1096 3011 1246 3046 Consuli-

214 3047 276 3081 bus
295 3067 304 3083 s
331 3059 470 3092 quorum
503 3056 695 3089 Consulatus
727 3055 838 3089 referti
867 3057 947 3090 solet
963 3056 1002 3088 ad
1017 3067 1139 3089 annum
1156 3056 1245 3089 urbis

214 3096 294 3133 798·
314 3096 365 3126 vel
382 3107 459 3135 799-
479 3102 561 3131 Cum
576 3102 664 3133 enim
682 3102 770 3143 prior
784 3100 901 3134 horum
915 3122 925 3139 ‚
954 3110 989 3134 ut
1004 3102 1046 3134 est
1061 3101 1145 3143 apud
1160 3101 1237 3134 Dio-

215 3146 292 3172 nem
307 3140 344 3172 L.
362 3141 422 3173 IX.
447 3147 479 3184 p.
497 3147 573 3184 685.
600 3155 675 3180 ante
692 3147 792 3180 finem
806 3147 885 3180 anni
904 3145 1017 3190 sponte
1033 3146 1061 3180 se
1076 3146 1244 3191 magistra-

804 2480 1243 2495 —a—‘uu-——au——n--D

1296 1159 1384 1190 tore
1417 1147 1527 1190 Coff.
1561 1148 1641 1198 (c)
1672 1148 1755 1198 (¹⁶)
1789 1146 2029 1190 subventum
2065 1145 2224 1200 plenius
2255 1144 2336 1188 fuit

363 1210 457 1263 Quo
503 1211 700 1254 beneficio
751 1210 950 1254 debitores
993 1225 1076 1252 non
1119 1210 1240 1251 modo
1293 1203 1485 1247 foerninis
1540 1204 1735 1248 omnibus
1779 1220 1850 1259 pro
1890 1203 1983 1246 aliis
2026 1203 2336 1258 quibuscunque

929 1282 1015 1322 quae
1048 1266 1237 1321 asperitas
1291 1262 1397 1304 bona
1428 1262 1504 1304 fide
1537 1276 1620 1304 non
1653 1260 1830 1311 callide,
1865 1276 1995 1316 neque
2026 1260 2121 1303 dolo
2156 1260 2332 1305 interce-

1287 1319 1477 1362 dentibus
1498 1349 1510 1371 ,
1541 1317 1585 1360 δε
1616 1316 1760 1360 alienis
1791 1316 2114 1373 obligationibus
2135 1348 2147 1369 ,
2182 1317 2330 1360 sciente

1288 1374 1486 1419 creditore
1508 1405 1520 1428 ,
1553 1373 1901 1417 consentientibus
1925 1405 1934 1416 .
1966 1375 2032 1426 (d)
2064 1373 2235 1416 Etenim
2270 1373 2333 1416 hae

1288 1447 1432 1475 omnes
1464 1432 1764 1475 intercessiones
1796 1430 2063 1474 infirmantur
2093 1431 2201 1473 S.C.
2233 1429 2335 1473 Vel-

1293 1489 1428 1540 leiano
1449 1520 1462 1542 ‚
1495 1504 1577 1545 quo
1609 1487 1854 1543 repellendis
1885 1488 2133 1532 creditorum
2158 1486 2334 1530 3ἃίοηί-

1290 1546 1361 1589 bus
1389 1578 1402 1599 ,
1433 1545 1622 1600 exceptio
1655 1544 1818 1588 mulieri
1851 1546 2050 1600 praebetur
2082 1575 2096 1598 ‚
2145 1544 2224 1588 five
2259 1560 2334 1587 no-

1290 1618 1387 1646 vam
1418 1633 1431 1656 ,
1480 1602 1558 1646 five
1594 1614 1775 1645 veterem
1820 1601 1865 1645 in
1904 1602 1939 1647 se
1966 1601 2178 1656 susceperit
2203 1601 2332 1644 afflo-

1295 1676 1390 1704 nem
1420 1675 1433 1713 ς
1477 1661 1535 1712 (e)
1560 1659 1606 1702 de
1629 1674 1711 1715 quo
1734 1659 1774 1702 S.
1797 1660 1850 1701 C.
1876 1675 2002 1715 pauca
2028 1657 2201 1703 retulisse
2236 1657 2328 1701 satis

1294 1716 1418 1762 suerit
1437 1747 1451 1769 ,
1483 1732 1577 1759 cum
1607 1716 1810 1770 perspicue
1831 1748 1843 1768 ‚
1872 1728 1992 1772 atque
2023 1716 2181 1758 abunde
2205 1715 2251 1758 de
2276 1729 2326 1758 eo

1291 1774 1335 1817 in
1363 1773 1622 1828 Digestorum
1650 1772 1761 1815 libris
1786 1772 2036 1827 disputatum
2062 1771 2325 1816 inveniaturz

1294 1829 1486 1876 necussa
1516 1830 1731 1874 difficultas
1761 1846 1811 1875 ex
1843 1830 2088 1886 antiquitate
2121 1829 2286 1886 supersit
2316 1857 2328 1871 .

1462 1944 1504 1988 C
1563 1945 1603 1987 A
1665 1944 1695 1987 P
1754 1946 1798 1987 U
1858 1945 1902 1987 T
1992 1941 2179 1987 LXXII.

1291 2061 1357 2104 De
1388 2059 1488 2114 Lege
1519 2060 1665 2103 Cincia
1688 2092 1699 2113 ‚
1730 2060 1772 2101 5.
1801 2060 1850 2102 C.
1875 2058 2125 2109 AEmiliano,
2157 2054 2214 2100 (Ὺ
2231 2057 2334 2099 Om-

1431 2117 1533 2158 tione
1566 2118 1707 2161 stIarci
1738 2117 1784 2159 (lc
1815 2114 2195 2168 Transac‘lionibus.

1425 2230 1679 2275 Ranseamus
1728 2245 1838 2273 nunc
1870 2228 1919 2272 ad
1950 2226 2196 2272 donationes
2227 2258 2238 2280 ‚
2287 2226 2335 2270 de

1440 2289 1585 2342 quibus
1634 2303 1746 2331 anno
1778 2287 1828 2330 ab
1860 2288 1919 2329 U.
1952 2287 2004 2329 C.
2043 2286 2240 2328 DXLIX.
2275 2283 2341 2327 lei<

1297 2343 1449 2399 prodiit
1484 2376 1496 2398 ‚
1544 2360 1633 2401 quae
1678 2344 1840 2389 vetabat
1882 2344 1935 2386 ob
1983 2342 2117 2386 causas
2165 2341 2336 2385 orandas

1834 2402 1918 2444 Oo
1981 2415 2004 2443 z
2180 2399 2337 2441 donum

1778 2473 2334 2486 ·——-—-·ae————--——9--—n

1291 2510 1546 2544 tuabdicaverit
1570 2534 1580 2550 ‚
1609 2511 1816 2545 successorem
1846 2509 2068 2543 Eruditiffimo
2084 2508 2164 2540 Viro
2182 2505 2326 2540 habuisse

1292 2556 1424 2589 videtur
1451 2554 1615 2593 Velleium
1640 2558 1825 2595 Tutorem,
1852 2555 1886 2587 in
1905 2554 2020 2597 primis
2035 2553 2122 2596 quod
2139 2554 2167 2585 Sc
2188 2552 2222 2584 in
2239 2554 2278 2583 L.
2297 2562 2330 2585 2.

1294 2603 1323 2644 §.
1345 2612 1371 2633 1.
1389 2605 1434 2633 D.
1453 2602 1496 2633 ad
1508 2602 1546 2633 S.
1570 2605 1603 2633 C.
1624 2599 1823 2639 Velleianum
1838 2622 1846 2632 .
1881 2597 2021 2636 Velleius
2035 2603 2143 2632 Tutor
2157 2598 2257 2638 Junio
2276 2597 2329 2630 si-

1293 2647 1368 2678 lano
1382 2646 1508 2689 collega
1524 2646 1621 2679 datur
1635 2669 1644 2676 .
1671 2644 1732 2679 Sed
1751 2646 1836 2679 hunc
1853 2642 2017 2681 Velleium
2033 2644 2066 2677 in
2085 2640 2325 2676 Fastis-Rufum

1291 2690 1355 2723 dici
1374 2713 1384 2730 ,
1411 2691 1563 2725 observat
1579 2691 1771 2724 Heineccius
1789 2690 1903 2732 Amiq.
1923 2692 1966 2722 T.
1983 2692 2036 2721 ΙῙ.
2053 2696 2105 2730 p.1
2117 2697 2165 2726 ις.
2185 2686 2326 2729 ideoque

1293 2736 1420 2769 mavult
1439 2736 1565 2770 natales
1580 2734 1676 2774 huius
1693 2734 1966 2769 senatusconsulti
1986 2735 2027 2768 ab
2041 2733 2172 2777 Augusti
2187 2743 2257 2765 aevo
2275 2743 2324 2765 re-

1293 2789 1402 2823 petere
1416 2803 1427 2821 ,
1452 2793 1517 2826 quo
1545 2785 1580 2814 L.
1600 2781 1728 2815 silanus
1757 2782 1786 2814 8(
1817 2779 1954 2813 Vellaeus
1968 2783 2076 2813 Tutor
2094 2785 2324 2812 memorantur

1291 2826 1325 2857 in
1341 2836 1506 2860 marmore
1520 2826 1604 2868 apud
1624 2825 1824 2859 Grutherum
1844 2825 1941 2866 Inscr.
1955 2832 1985 2867 p,
2001 2835 2081 2865 470.
2105 2835 2130 2856 1.
2152 2823 2190 2855 Θ*
2207 2834 2237 2854 2.
2266 2820 2329 2855 sed

1292 2870 1344 2903 hic
1359 2871 1486 2905 silanus
1504 2873 1620 2905 Lucius
1633 2872 1755 2905 dicitur
1773 2893 1783 2911 ‚
1810 2872 1916 2903 noster
1946 2873 2078 2903 Marcus
2104 2867 2189 2911 apud
2205 2866 2323 2908 Ulpia-

1294 2926 1371 2948 num
1386 2939 1396 2956 ,
1412 2918 1467 2960 qui
1484 2927 1640 2960 praeterea
1656 2916 1770 2950 vocula
1791 2916 1895 2958 postea
1910 2924 1980 2948 tam
1996 2914 2123 2949 Claudii
2138 2923 2236 2955 quam
2258 2914 2323 2942 Au-

1291 2962 1370 3004 gusti
1384 2970 1534 3006 tempora
1549 2962 1723 3005 complesti
1743 2962 1871 2994 videtu:
1884 2983 1893 2993 .
1911 2963 2020 3001 Quare
2039 2958 2177 2999 superest
2192 2977 2200 2993 ‚
2221 2962 2255 2989 ut
2272 2954 2326 2987 vel

1294 3006 1450 3040 Vellaeum
1463 3012 1641 3048 Tutorem,
1656 3007 1778 3042 Rufum
1793 3002 2223 3048 cognominatumdicamus
2237 3021 2248 3038 ‚
2267 2999 2321 3033 vel

1291 3053 1515 3087 cumGravina
1528 3055 1635 3086 nostro
1646 3053 1687 3086 ab
1701 3052 1777 3084 anni
1794 3049 2070 3083 determinatione
2086 3047 2317 3079 abstineamus.

1336 3097 1398 3137 (d)
1424 3102 1460 3131 L.
1479 3107 1510 3137 ς·
1525 3098 1564 3131 (9·
1578 3111 1611 3140 7-
1636 3102 1668 3130 C.
1689 3100 1743 3130 hoc
1763 3098 1819 3128 tir.
1837 3095 1876 3128 ὓ*
1891 3098 1914 3130 Ι.
1933 3094 2087 3137 quamvis
2100 3090 2181 3137 S.ff.
2198 3091 2316 3124 eodem.

1335 3143 1389 3185 (e)
1414 3142 1524 3181 Cui-ic.
1540 3151 1646 3187 parat·
1660 3141 1700 3187 ff·
1717 3141 1781 3176 eod.
