2596 3479
562 119 691 171 DE
772 112 1257 170 SENATUS

209 193 394 249 tyrannis
420 192 528 248 leges
558 208 640 234 non
667 192 753 233 sunt
777 189 898 232 utiles
925 188 1002 232 nisi
1024 202 1123 231 cum*
1146 188 1236 233 vio·
1264 203 1267 206 ’

212 250 348 295 santur
366 284 379 303 ‚
408 251 452 293 ὃς
479 249 774 305 negliguntur:
810 259 857 289 ut
878 262 961 288 non
988 246 1179 299 mirum,
1213 246 1240 289 fi

208 323 275 351 eas
302 323 383 351 non
409 308 647 352 educatione
673 305 714 347 in
740 303 966 358 pectoribus
990 303 1246 358 hominm-of

210 365 275 408 sed
308 374 469 408 tanturn
509 365 558 406 in*
590 361 869 404 voluminibus
906 373 1140 404 atramento
1170 377 1244 405 ευ·-

205 435 301 465 rent
324 422 620 476 imprimendas·
638 434 718 475 quo
745 418 1005 462 seminarium
1028 420 1128 462 fiant
1153 432 1241 472 poe'-

208 493 357 523 narum
384 478 650 522 dominorum
681 475 798 519 lucro
819 476 1056 519 cedentium
1088 508 1096 518 .
1145 478 1240 518 Un-

207 536 254 580 de
280 536 327 580 iis
352 549 545 590 tanquam
572 534 723 577 retibus
749 546 920 576 utuntur
947 565 960 586 ‚
1012 549 1095 576 non
1121 533 1168 577 ad
1199 550 1240 576 e-

206 592 456 637 mendandos
482 607 613 635 mores
634 622 647 645 ‚
681 592 742 634 sed
767 591 813 633 ad
839 590 1110 634 involvendos
1141 586 1268 644 eos‚⁸l

206 665 383 705 quorum
414 649 543 693 vitam
574 650 616 692 in
645 648 709 691 sua
746 649 935 702 potestate
966 648 1111 692 habere
1142 664 1231 692 con*

206 708 445 760 cupiscunt.
482 708 655 763 Ideoque
683 706 820 762 legum
851 705 1026 750 cultores
1058 706 1240 759 tyrannis

204 765 380 807 omnino
404 764 494 808 sunt
524 764 690 807 inutiles
714 796 726 817 ‚
759 763 891 807 immo
913 764 957 807 δε
982 764 1114 806 exosi:
1148 763 1241 819 quia

204 821 446 866 innocentia
485 821 578 865 vitae
602 822 760 866 causam
785 821 846 865 eis
870 822 1057 865 adimunt
1083 821 1237 876 rapina—

203 894 296 922 rum
319 911 328 921 .
365 879 557 923 Praeterea
587 891 742 922 veteres
775 878 838 922 illi
870 911 883 931 ,
911 894 1085 935 quorum
1120 878 1240 921 studia

202 936 416 979 referimus
450 969 462 990 ‚
495 936 692 990 tyranni,
728 936 810 979 solo
836 949 948 980 metu
975 935 1171 992 populum
1199 936 1240 978 in

203 993 280 1036 fide
300 995 589 1048 continentes,
620 996 901 1047 cogebantur,
935 1007 1117 1049 paratam
1143 993 1240 1037 sern-

202 1065 273 1105 per
305 1051 436 1094 secum
471 1051 615 1095 habere
647 1051 876 1095 militiam:
911 1068 957 1094 ac
982 1067 1031 1095 ne
1051 1051 1142 1095 ocio
1164 1050 1244 1093 mi-

203 1107 295 1151 lites
330 1108 684 1152 tumultuarentur
720 1141 732 1162 ,
779 1125 846 1153 eos
881 1109 1058 1152 omniuo
1099 1109 1242 1151 ducere
1271 1148 1273 1150 .

202 1165 559 1220 compellebantur
589 1168 774 1210 adversus
800 1166 958 1209 hostes:
996 1167 1163 1220 ideoque
1188 1166 1241 1209 le-

202 1238 298 1266 vem
328 1238 612 1280 quamcunque
641 1224 735 1266 belli
762 1224 924 1266 causam
949 1224 1198 1278 arripiebant
1231 1254 1240 1264 .

203 1281 374 1323 Crebris
404 1295 543 1324 autem
578 1280 698 1324 bellis
727 1312 739 1333 ‚
790 1294 834 1322 ut
868 1280 1036 1336 quisque
1063 1278 1240 1334 principi

203 1337 299 1381 esset
325 1337 504 1389 invisus,
540 1338 740 1392 proposita
765 1337 975 1380 dulcedine
1001 1337 1128 1380 laudis
1152 1353 1240 1392 gra-

201 1395 384 1437 vioribus
417 1394 608 1449 periculis
642 1393 912 1446 objiciebatur
944 1411 953 1435 τ
1003 1395 1047 1437 &
1088 1394 1241 1437 milites

201 1463 366 1507 propter
394 1451 503 1506 spem
532 1451 669 1504 praedae
699 1451 900 1495 mercedes
923 1451 1157 1499 desinebant
1171 1468 1239 1494 ex-

203 1509 360 1564 pediam
389 1508 631 1563 promissa83
664 1508 835 1564 populus
862 1525 959 1552 vero
988 1509 1164 1563 tributa,
1197 1509 1239 1551 ἃ

201 1566 418 1621 veffigalia
438 1597 450 1618 ,
484 1581 570 1621 quae
595 1567 749 1609 duriter
775 1599 786 1620 ,
818 1583 864 1609 ac
890 1566 1116 1618 miserrime
1143 1582 1240 1621 pen-

203 1623 321 1666 debat
344 1654 355 1676 5
388 1638 470 1666 non
503 1624 546 1667 in
572 1624 775 1679 privatam
804 1623 998 1679 principis
1024 1639 1145 1677 rem,
1180 1624 1242 1666 sed'

203 1681 247 1724 in
273 1696 540 1724 communem
566 1681 737 1724 rationis
761 1680 938 1737 gloriam
971 1714 983 1734 ,
1027 1682 1069 1724 ἃ
1103 1680 1239 1736 publi·-

203 1753 297 1782 cam*
328 1737 590 1782 securitatem
625 1770 637 1792 ,
688 1740 916 1793 prorogatis
949 1739 1115 1792 imperii
1144 1739 1236 1781 fini-

204 1796 277 1838 bus
303 1827 315 1847 ,
347 1811 393 1838 ac
430 1795 643 1839 debellatis
677 1795 858 1839 hostibus
884 1797 1041 1839 versum
1071 1796 1119 1839 iri
1149 1796 1238 1851 opi-

203 1856 376 1895 nabatur
407 1883 417 1894 .
470 1855 532 1896 Ac
568 1852 723 1896 milites
758 1854 923 1910 quidem
955 1853 1062 1898 bello
1087 1886 1099 1907 ‚
1134 1853 1242 1896 cives

203 1925 300 1953 vero
332 1910 374 1952 in
399 1926 519 1965 opere
549 1909 712 1965 publico
737 1911 967 1967 magnificis
993 1927 1238 1954 monumen-

204 1968 261 2011 tis
287 1967 532 2010 aedificandis
564 2000 575 2020 ,
625 1982 747 2024 atque
783 1968 936 2011 insanis
962 1969 1140 2012 molibus
1171 1984 1240 2011 ex-

205 2025 385 2068 truendis
402 2027 657 2080 occupabant
675 2058 687 2079 ,
719 2042 815 2081 opes
841 2027 1010 2069 illorum
1037 2026 1151 2069 simul
1169 2058 1180 2078 ,
1201 2025 1246 2068 &

208 2082 390 2135 corporis
415 2083 518 2124 vires
547 2096 764 2138 atterentes
781 2115 789 2125 .
812 2085 928 2127 Hinc
956 2084 1241 2138 AEgyptiorum

207 2154 348 2193 regum
383 2138 611 2193 pyramides
641 2172 654 2193 ,
703 2140 746 2183 ἃ
783 2141 968 2183 Pisistrati
1008 2142 1107 2183 :edes
1131 2140 1245 2191 Jovis

206 2196 395 2249 Olympii
431 2227 443 2248 ,
486 2197 528 2239 Sc
555 2197 775 2252 Tarquinii
802 2198 968 2241 aedificia
997 2197 1109 2252 supra
1139 2198 1254 2240 sum⁴>

207 2266 271 2297 tus
302 2252 477 2295 aliorum
510 2267 604 2297 ante
632 2255 665 2297 se
692 2270 861 2310 regum,
893 2255 1037 2311 quibus
1062 2271 1156 2298 cum
1183 2270 1244 2297 ar-

202 2313 312 2354 tibus
333 2311 497 2364 tyranni
531 2324 741 2354 uterentur
775 2345 787 2366 ,
821 2329 1014 2356 amovere
1048 2312 1189 2368 procul
1219 2329 1240 2354 a

209 2370 244 2412 se
276 2372 523 2424 cogebantur
547 2385 691 2412 omnes
711 2400 723 2423 ‚
759 2370 825 2426 qui
843 2372 1088 2425 pravitatem
1105 2386 1245 2414 eorum

207 2426 486 2480 intelligentes
511 2427 798 2470 aversabantur
830 2444 838 2469 :
891 2427 1035 2484 quales
1063 2426 1249 2481 profecto

209 2484 298 2527 sunt
339 2483 536 2537 ingeniosi
577 2484 766 2527 homines
800 2517 812 2538 ‚
845 2501 891 2528 ac
923 2485 1171 2527 honestiores
1205 2484 1248 2526 δε

205 2538 422 2598 generosi,
456 2553 500 2583 ut
533 2554 676 2583 contra
706 2558 829 2596 quam
860 2542 1040 2585 medicus
1067 2573 1079 2595 ‚
1124 2540 1193 2596 qui
1226 2556 1246 2583 e

209 2598 447 2654 corporibus
475 2611 651 2641 conatur
674 2598 817 2649 ejicere
841 2598 1041 2642 deteriora
1074 2615 1083 2641 :
1130 2597 1191 2642 illi
1229 2613 1250 2640 e

211 2670 381 2711 corpore
404 2654 519 2698 civili
543 2687 554 2707 ‚
605 2655 683 2698 sive
708 2658 755 2699 de
782 2671 906 2711 regno
932 2655 1124 2707 ejicerent
1162 2671 1247 2711 par-

212 2728 298 2758 tem
323 2711 544 2756 hominum
580 2713 897 2768 praestantiorem
922 2745 931 2756 .
966 2713 1249 2768 Quamobrem

211 2770 401 2825 tyrannis
433 2770 516 2813 illis
546 2802 561 2824 ,.
614 2771 677 2813 vel
713 2771 850 2815 omnis
887 2771 973 2814 vita
1003 2771 1246 2827 repudianda

213 2841 325 2882 erat,
360 2828 387 2870 si
411 2828 667 2872 versarentur
692 2828 799 2872 inter
826 2831 952 2872 bonos
984 2861 996 2882 ,
1038 2829 1142 2872 unde
1175 2829 1254 2872 im-

217 2886 446 2941 pendebant
477 2885 629 2930 infidiae
666 2902 678 2940 ς
728 2887 790 2930 vel
825 2888 1050 2931 miserrima
1087 2886 1251 2930 vivendi

217 2943 319 2985 ratio
359 2942 546 2999 eligenda
584 2977 597 2999 ‚
646 2946 814 3001 aetasque
854 2944 1107 3001 transigenda
1148 2944 1254 2988 inter

220 2999 421 3062 stolidos„
443 3001 568 3054 viles,
601 3002 644 3046 ἃ
669 3001 871 3056 abieSios,
904 3017 1022 3058 atque
1039 3002 1245 3058 propudio-

222 3058 281 3100 sos
300 3088 312 3109 ,
343 3055 386 3097 8<
414 3056 616 3119 infames:
653 3061 919 3116 maximoque
944 3061 1152 3104 felicitatis
1179 3059 1251 3103 hu-

403 3111 579 3159 limento
604 3118 796 3162 carebant
817 3150 829 3172 ‚
861 3118 1078 3164 amicitia:
1112 3118 1156 3162 ὃς
1186 3117 1256 3175 qui

219 3128 352 3159 man-²2
378 3128 412 3156 ai

1284 106 1917 168 CONSULTIS.
2217 115 2319 170 ψ

1288 200 1373 231 tarn
1414 187 1552 231 insane
1587 197 1777 229 venereas
1802 181 2033 235 voluptates
2059 179 2321 233 concupisce«

1291 246 1389 289 bant
1423 278 1436 299 ‚
1485 256 1529 286 ut
1554 258 1696 287 earum
1734 240 1974 296 plerumque
2005 236 2118 279 causa
2146 235 2324 298 pericula

1292 303 1546 360 principatus
1578 300 1762 353 adirent3
1795 295 1953 354 potiore
1975 306 2113 337 tamen
2131 292 2324 356 ’libi-dinis

1289 360 1558 404 condimento
1600 357 1867 413 privabantur
1888 386 1899 407 ‚
1930 367 2070 416 amore
2100 349 2290 414 videlicet
2313 382 2326 403 ‚

1290 417 1401 469 cujus
1434 430 1652 471 nunquam·
1679 425 1891 468 compotes
1915 409 2066 453 fuerint
2097 441 2109 462 ‚
2152 422 2329 463 quicun-

1289 490 1366 532 que
1391 473 1624 529 percipiunt
1648 488 1671 514 a
1701 470 1941 514 mulieribus
1968 469 2004 511 id
2038 499 2050 520 ,
2088 465 2199 530 quod
2229 479 2327 528 cum

1289 532 1432 587 capitis
1461 527 1698 573 discrimine
1723 539 1939 584 negaretur
1960 542 1969 568 ε
1994 525 2178 568 neseiunt
2210 536 2327 587 enim

1290 590 1352 633 illi
1375 621 1388 643 ,
1421 586 1643 631 formidine
1668 617 1680 639 ‚
1713 601 1764 628 an
1791 599 1930 628 amore
1955 581 2106 626 mulier
2136 596 2184 625 eo
2209 579 2329 623 indu-

1278 659 1432 690 catur.
1465 645 1589 688 Unde
1614 642 1782 698 tyranni
1806 674 1817 697 ,
1851 641 1924 700 qui
1944 640 2181 684 vitiosarum
2208 636 2329 680 volu·

1296 718 1454 759 ptatum
1483 703 1600 747 causa·
1623 702 1796 745 virtutes
1815 698 2149 755 dereliquerunt,
2177 696 2245 739 vix
2268 708 2329 738 ta-

1271 772 1391 806 *men
1423 761 1605 817 aliquam
1652 758 1878 803 inveniunt*
1908 757 1957 800 in
1987 756 2103 799 vitiis·
2133 753 2326 817 volupta-

1293 833 1375 864 tem
1397 850 1413 874 ,ψ
1441 833 1612 874 eamque
1634 819 1844 861 turbatam
1870 814 2069 871 capiunt,
2098 813 2143 856 δε
2173 824 2329 865 antipt-

1292 878 1418 932 pitem
1441 909 1457 930 ,η
1484 889 1603 931 atque
1636 874 1859 918 sollicitam
1877 905 1889 924 ,
1932 872 1976 915 &
2001 886 2154 927 angore
2179 901 2191 923 ‚
2236 882 2325 932 Ροε-

1293 935 1467 978 nitentia
1499 966 1518 988 ‚⁸
1562 945 1754 989 metuque
1795 931 2090 975 circumdatam
2125 960 2134 970 .
2168 926 2328 990 Quibus

1270 992 1486 1036 'molestiis
1518 991 1695 1034 omnino
1724 989 1887 1033 liberior
1913 989 2033 1030 status
2057 986 2111 1030 est
2139 995 2327 1047 privato-

1292 1066 1382 1093 rum
1406 1049 1594 1106 quietu8‚
1627 1061 1748 1104 atque
1774 1044 2051 1101 tranquillus:
2087 1056 2327 1106 quemopi-

1292 1109 1414 1150 nione
1451 1139 1462 1159 ‚
1515 1122 1561 1148 ac
1602 1105 1663 1155 spe
1702 1105 1824 1160 longe
1850 1102 2015 1154 majoris
2041 1100 2253 1144 felicitatis
2278 1113 2324 1141 m

1292 1163 1557 1219 periculosam
1576 1195 1587 1215 ,
1607 1163 1650 1205 ἃ
1676 1163 1858 1219 quietam
1884 1159 2214 1203 dominationem
2229 1169 2325 1220 tan-

1271 1236 1333 1265 ,to
1361 1221 1488 1264 studio
1518 1252 1536 1274 ,·
1573 1232 1691 1275 atque
1720 1219 1854 1262 labore
1880 1227 2190 1261 commutarunt
2218 1245 2231 1262 ,
2274 1228 2327 1276 ,ιη

1288 1278 1523 1333 occupanda
1561 1275 1744 1319 libertate
1782 1276 1916 1318 aliena
1955 1274 2164 1330 propriam
2200 1282 2327 1314 amit-

1291 1349 1420 1378 tentes
1448 1352 1457 1376 :
1505 1349 1599 1377 cum
1627 1335 1658 1376 is
1683 1332 1973 1375 tantummodo
1999 1330 2178 1386 potiatur
2204 1327 2327 1370 liber-

1290 1394 1384 1435 tatis
1407 1425 1417 1446 ,
1448 1391 1518 1447 qui
1544 1406 1672 1446 neque
1701 1390 1844 1433 serviat
1870 1387 1973 1441 ulli,
1995 1403 2124 1443 neque
2138 1384 2331 1450 domine-

1290 1463 1354 1494 tur
1369 1483 1383 1492 ..
1402 1451 1501 1492 Non
1524 1448 1654 1504 magis
1674 1448 1787 1491 enim
1810 1447 1941 1490 servus
1960 1446 2009 1488 ab
2031 1445 2206 1500 imperio
2227 1450 2337 1496 pen-'

1288 1509 1352 1551 det
1378 1506 1523 1560 herili,
1555 1521 1679 1561 quam
1711 1504 1902 1548 dominus
1927 1520 1948 1546 a
1975 1502 2078 1556 fide,
2110 1517 2156 1545 ac
2177 1499 2331 1543 volun-

1290 1579 1370 1608 tate
1412 1565 1620 1608 servorum
1648 1594 1657 1604 .
1690 1564 1745 1605 Et
1772 1563 1854 1605 haec
1879 1560 2044 1617 quidem
2076 1559 2122 1603 de
2155 1573 2284 1614 regno
2318 1587 2333 1611 ,

1288 1622 1394 1680 quod
1413 1622 1456 1665 in
1470 1620 1700 1677 oppositam
1713 1620 1785 1663 sibi=
1799 1617 2060 1674 tyrannidem
2075 1617 2296 1673 degenerat
2315 1642 2331 1657 ,s

1475 1738 1516 1780 C
1576 1737 1616 1779 A
1678 1736 1708 1778 P
1767 1736 1812 1778 U
1872 1736 1916 1778 T
2006 1734 2138 1777 XIII.

1330 1825 1395 1869 De
1413 1823 1599 1880 regimine
1624 1823 1882 1879 optimatum,
1916 1820 1972 1864 (θ’
1991 1821 2042 1864 de*
2059 1819 2266 1863 nobilitate
2283 1850 2293 1862 .

1414 1911 1509 1953 Lter
1540 1926 1562 1953 a
1594 1924 1718 1965 regno
1738 1905 2233 1966 gubernationis-gradus,
2266 1921 2330 1949 re·

1423 1966 1565 2022 gimen
1597 1968 1649 2010 est
1682 1967 1966 2021 optimatum3
1997 1980 2139 2009 eorum
2165 1979 2330 2019 nempe,

1291 2024 1358 2079 qui
1391 2026 1438 2066 ad
1472 2024 1673 2077 honores,
1705 2025 1748 2067 δε
1783 2024 2040 2077 magistratus·
2064 2037 2148 2064 non
2167 2021 2334 2075 opibus,

1291 2083 1334 2124 ἃ
1367 2082 1550 2136 potentia
1577 2114 1588 2135 ‚
1632 2081 1693 2124 sed
1730 2081 1981 2136 potissimum
2013 2079 2229 2122 nobilitate
2262 2093 2335 2135 ge-

1294 2140 1400 2181 neris
1432 2139 1707 2192 attolluntur,
1742 2139 1787 2181 &
1815 2138 2014 2193 opinione
2048 2136 2330 2179 virtutiscon-

1294 2209 1408 2252 cepta
1433 2196 1476 2239 in
1502 2197 1654 2240 animis
1679 2213 1701 2239 a
1730 2195 1889 2252 generis
1911 2195 2157 2251 antiquitate
2174 2225 2185 2246 ‚
2210 2207 2333 2250 atque

1296 2254 1441 2296 illustri
1471 2255 1564 2297 serie
1592 2253 1795 2305 majorum
1819 2286 1831 2307 ,
1867 2269 2040 2309 quorum
2068 2251 2268 2308 praeclarae
2292 2268 2337 2295 a·

1297 2312 1402 2354 nimi
1437 2311 1553 2355 dotesv
1579 2314 1798 2355 creduntur
1825 2311 1868 2353 in
1900 2312 2072 2366 posteros
2097 2309 2298 2365 exemplis
2319 2340 2333 2362 ,

1296 2370 1337 2412 δε
1362 2369 1601 2413 educatione
1628 2369 1889 2412 descendere.
1925 2370 2099 2424 Ideoque
2126 2384 2149 2411 a
2174 2367 2337 2412 civibus
2388 2409 2398 2419 ,

1299 2426 1456 2470 nobil-es
1486 2427 1754 2483 praeferuntur
1783 2426 1874 2469 aliis
1899 2458 1910 2480 ‚
1946 2441 2120 2482 quorum
2148 2425 2335 2468 nondum

1300 2484 1393 2526 ullis
1426 2485 1602 2540 egregiis
1636 2483 1886 2527 facinoribus
1926 2484 2096 2526 virtutes
2124 2483 2170 2525 in
2198 2482 2336 2525 lucem

1297 2540 1473 2584 exierint
1504 2572 1513 2583 .
1565 2542 1735 2584 Etenim
1776 2541 1842 2584 ubi
1879 2541 1971 2596 quis
2004 2541 2120 2583 rebus
2148 2539 2338 2595 praeclare

1299 2598 1414 2654 gestis
1442 2630 1453 2651 ,
1508 2611 1576 2641 aut
1603 2598 1761 2654 ingenii
1797 2597 2045 2641 sublimitate
2069 2629 2082 2651 ,
2115 2610 2234 2654 atque
2266 2598 2342 2641 do·

1299 2656 1524 2698 &rinarum
1539 2656 1703 2700 eximiis
1720 2656 1901 2699 laudibus
1917 2655 2143 2698 innotuerit
2159 2688 2170 2708 ,
2192 2670 2340 2712 quarn-

1303 2715 1361 2756 vis
1406 2713 1530 2757 nullis
1574 2713 1787 2765 majorum.
1825 2711 1940 2761 ,factis
1977 2714 2339 2765 commendetur,

1303 2784 1442 2814 tamen
1493 2771 1535 2815 in
1583 2772 1773 2815 ordinem
1821 2771 2027 2814 nobilium
2061 2771 2253 2815 inseritur
2291 2771 2341 2813 ab

1303 2827 1383 2884 ipsa
1416 2842 1561 2874 natura
1587 2861 1597 2871 .
1641 2830 1848 2886 Siquidem
1881 2829 2086 2884 duplicem
2119 2829 2192 2872 esse
2225 2828 2344 2872 nobi-

1305 2887 1467 2930 litatem
1500 2886 1800 2943 intelligimus,
1835 2900 1986 2930 naturae
2018 2887 2189 2930 alteram
2218 2919 2231 2941 ,
2280 2885 2343 2929 al·

1305 2957 1435 2987 teram
1468 2943 1653 2989 locoru-m
1674 2978 1682 2987 .
1716 2944 1927 2989 Nobilitas
1953 2958 2107 2988 naturae
2131 2946 2181 2988 ab
2206 2956 2341 2987 extre·-

1306 3018 1373 3045 ma
1407 3002 1556 3047 virtute
1592 3004 1770 3059 procedit
1804 3035 1816 3056 ‚
1861 3019 1940 3059 qua
1975 3004 2159 3058 praeditus
2193 3002 2341 3057 ubique

1306 3073 1503 3104 terrarum
1521 3094 1533 3116 ,
1563 3062 1606 3104 ὃς
1624 3062 1816 3104 omnium
1836 3061 2031 3115 opinione
2048 3093 2058 3112 ‚
2080 3078 2125 3104 ac
2152 3060 2341 3114 gentium

1306 3117 1388 3170 jure
1420 3118 1605 3164 clarescit
1635 3135 1648 3175 3
1691 3118 1886 3162 nobilitas
1920 3117 2104 3162 locorum
2137 3118 2342 3215 anguiiiipr

2150 3192 2152 3194 ,
2252 3190 2270 3216 e
2331 3204 2343 3222 Ἰ
