<?xml version="1.0" encoding="UTF-8"?>
<!DOCTYPE html PUBLIC "-//W3C//DTD XHTML 1.0 Transitional//EN"
    "http://www.w3.org/TR/xhtml1/DTD/xhtml1-transitional.dtd">
<html xmlns="http://www.w3.org/1999/xhtml" xml:lang="en" lang="en">
 <head>
  <title>
</title>
<meta http-equiv="Content-Type" content="text/html;charset=utf-8" />
  <meta name='ocr-system' content='tesseract 3.04.00' />
  <meta name='ocr-capabilities' content='ocr_page ocr_carea ocr_par ocr_line ocrx_word'/>
</head>
<body>
  <div class='ocr_page' id='page_1' title='image "./janivincentiigra01gravuoft_0290.png"; bbox 0 0 2596 3479; ppageno 0'>
   <div class='ocr_carea' id='block_1_1' title="bbox 198 111 1255 2845">
    <p class='ocr_par' dir='ltr' id='par_1_1' title="bbox 198 111 1255 1590">
     <span class='ocr_line' id='line_1_1' title="bbox 212 111 316 149; baseline -0.029 0"><span class='ocrx_word' id='word_1_1' title='bbox 212 111 316 149; x_wconf 86' lang='lat'>202</span> 
     </span>
     <span class='ocr_line' id='line_1_2' title="bbox 214 159 1255 214; baseline -0.012 -1"><span class='ocrx_word' id='word_1_2' title='bbox 214 171 292 213; x_wconf 84' lang='lat' dir='ltr'>suit</span> <span class='ocrx_word' id='word_1_3' title='bbox 327 165 430 210; x_wconf 90' lang='lat' dir='ltr'>ratio</span> <span class='ocrx_word' id='word_1_4' title='bbox 467 164 736 210; x_wconf 85' lang='lat' dir='ltr'>transferendi</span> <span class='ocrx_word' id='word_1_5' title='bbox 776 162 1011 208; x_wconf 88' lang='lat' dir='ltr'>dominium</span> <span class='ocrx_word' id='word_1_6' title='bbox 1038 173 1124 210; x_wconf 77' lang='lat' dir='ltr'>jure</span> <span class='ocrx_word' id='word_1_7' title='bbox 1151 159 1255 214; x_wconf 84' lang='lat' dir='ltr'>Qui-</span> 
     </span>
     <span class='ocr_line' id='line_1_3' title="bbox 213 216 1254 281; baseline -0.013 -11"><span class='ocrx_word' id='word_1_8' title='bbox 213 228 390 271; x_wconf 82' lang='lat' dir='ltr'>ritium.</span> <span class='ocrx_word' id='word_1_9' title='bbox 420 224 630 281; x_wconf 82' lang='lat' dir='ltr'>Siquidem</span> <span class='ocrx_word' id='word_1_10' title='bbox 667 236 763 267; x_wconf 87' lang='lat' dir='ltr'>ante</span> <span class='ocrx_word' id='word_1_11' title='bbox 800 220 1073 273; x_wconf 77' lang='lat' dir='ltr'>justinianum</span> <span class='ocrx_word' id='word_1_12' title='bbox 1101 247 1113 268; x_wconf 93' lang='lat'>‚</span> <span class='ocrx_word' id='word_1_13' title='bbox 1146 216 1254 258; x_wconf 88' lang='lat' dir='ltr'>nuda</span> 
     </span>
     <span class='ocr_line' id='line_1_4' title="bbox 216 273 1253 337; baseline -0.014 -9"><span class='ocrx_word' id='word_1_14' title='bbox 216 285 434 329; x_wconf 76' lang='lat' dir='ltr'>traditione</span> <span class='ocrx_word' id='word_1_15' title='bbox 455 314 468 337; x_wconf 90' lang='lat'><em>‚</em></span> <span class='ocrx_word' id='word_1_16' title='bbox 501 282 735 325; x_wconf 89' lang='lat' dir='ltr'>dominium</span> <span class='ocrx_word' id='word_1_17' title='bbox 771 293 856 321; x_wconf 92' lang='lat' dir='ltr'>non</span> <span class='ocrx_word' id='word_1_18' title='bbox 872 273 1218 337; x_wconf 57' lang='lat' dir='ltr'>-transferebatur</span> <span class='ocrx_word' id='word_1_19' title='bbox 1241 288 1253 326; x_wconf 79' lang='lat'>3</span> 
     </span>
     <span class='ocr_line' id='line_1_5' title="bbox 212 329 1252 395; baseline -0.014 -9"><span class='ocrx_word' id='word_1_20' title='bbox 212 342 319 386; x_wconf 87' lang='lat' dir='ltr'>unde</span> <span class='ocrx_word' id='word_1_21' title='bbox 350 356 410 384; x_wconf 86' lang='lat' dir='ltr'>res</span> <span class='ocrx_word' id='word_1_22' title='bbox 434 341 576 382; x_wconf 84' lang='lat' dir='ltr'>tradita</span> <span class='ocrx_word' id='word_1_23' title='bbox 611 339 690 382; x_wconf 85' lang='lat' dir='ltr'>fine</span> <span class='ocrx_word' id='word_1_24' title='bbox 718 351 853 389; x_wconf 87' lang='lat' dir='ltr'>nexu,</span> <span class='ocrx_word' id='word_1_25' title='bbox 885 334 1093 395; x_wconf 79' lang='lat' dir='ltr'>dicebatur</span> <span class='ocrx_word' id='word_1_26' title='bbox 1115 329 1189 374; x_wconf 83' lang='lat' dir='ltr'>esse</span> <span class='ocrx_word' id='word_1_27' title='bbox 1209 345 1252 395; x_wconf 79' lang='lat' dir='ltr'>in</span> 
     </span>
     <span class='ocr_line' id='line_1_6' title="bbox 214 393 1252 454; baseline -0.013 -10"><span class='ocrx_word' id='word_1_28' title='bbox 214 401 332 444; x_wconf 87' lang='lat' dir='ltr'>bonis</span> <span class='ocrx_word' id='word_1_29' title='bbox 359 397 624 454; x_wconf 81' lang='lat' dir='ltr'>accipientis,</span> <span class='ocrx_word' id='word_1_30' title='bbox 658 396 700 438; x_wconf 89' lang='lat' dir='ltr'>in</span> <span class='ocrx_word' id='word_1_31' title='bbox 724 393 912 437; x_wconf 89' lang='lat' dir='ltr'>dominio</span> <span class='ocrx_word' id='word_1_32' title='bbox 932 405 1029 434; x_wconf 85' lang='lat' dir='ltr'>vero</span> <span class='ocrx_word' id='word_1_33' title='bbox 1052 404 1160 439; x_wconf 79' lang='lat' dir='ltr'>eius,</span> <span class='ocrx_word' id='word_1_34' title='bbox 1182 404 1252 452; x_wconf 79' lang='lat' dir='ltr'>qui</span> 
     </span>
     <span class='ocr_line' id='line_1_7' title="bbox 216 446 1252 510; baseline -0.013 -9"><span class='ocrx_word' id='word_1_35' title='bbox 216 459 457 501; x_wconf 82' lang='lat' dir='ltr'>tradiderat.</span> <span class='ocrx_word' id='word_1_36' title='bbox 490 457 574 507; x_wconf 87' lang='lat' dir='ltr'>(a)</span> <span class='ocrx_word' id='word_1_37' title='bbox 604 453 671 497; x_wconf 76' lang='lat' dir='ltr'>Est</span> <span class='ocrx_word' id='word_1_38' title='bbox 690 465 826 496; x_wconf 88' lang='lat' dir='ltr'>autem</span> <span class='ocrx_word' id='word_1_39' title='bbox 857 464 1006 501; x_wconf 84' lang='lat' dir='ltr'>nexus,</span> <span class='ocrx_word' id='word_1_40' title='bbox 1039 448 1122 500; x_wconf 68' lang='lat'>(⁴²)</span> <span class='ocrx_word' id='word_1_41' title='bbox 1144 446 1252 510; x_wconf 79' lang='lat' dir='ltr'>AElio</span> 
     </span>
     <span class='ocr_line' id='line_1_8' title="bbox 217 507 1245 567; baseline -0.014 -8"><span class='ocrx_word' id='word_1_42' title='bbox 217 515 342 559; x_wconf 80' lang='lat' dir='ltr'>Gallo</span> <span class='ocrx_word' id='word_1_43' title='bbox 365 515 484 566; x_wconf 77' lang='lat' dir='ltr'>teste,</span> <span class='ocrx_word' id='word_1_44' title='bbox 517 527 670 555; x_wconf 90' lang='lat' dir='ltr'>nomen</span> <span class='ocrx_word' id='word_1_45' title='bbox 702 509 886 567; x_wconf 76' lang='lat' dir='ltr'>generis,</span> <span class='ocrx_word' id='word_1_46' title='bbox 919 507 983 558; x_wconf 93' lang='lat' dir='ltr'>(b)</span> <span class='ocrx_word' id='word_1_47' title='bbox 1006 519 1245 567; x_wconf 16' lang='lat' dir='ltr'>quotexpri—</span> 
     </span>
     <span class='ocr_line' id='line_1_9' title="bbox 214 561 1250 627; baseline -0.014 -11"><span class='ocrx_word' id='word_1_48' title='bbox 214 574 344 616; x_wconf 84' lang='lat' dir='ltr'>mitur</span> <span class='ocrx_word' id='word_1_49' title='bbox 376 570 568 627; x_wconf 85' lang='lat' dir='ltr'>quidquid</span> <span class='ocrx_word' id='word_1_50' title='bbox 612 569 765 627; x_wconf 78' lang='lat' dir='ltr'>geritur</span> <span class='ocrx_word' id='word_1_51' title='bbox 798 582 866 622; x_wconf 89' lang='lat' dir='ltr'>pei·</span> <span class='ocrx_word' id='word_1_52' title='bbox 899 580 975 618; x_wconf 82' lang='lat' dir='ltr'>aes,</span> <span class='ocrx_word' id='word_1_53' title='bbox 1006 564 1050 606; x_wconf 72' lang='grc' dir='ltr'>ἃ</span> <span class='ocrx_word' id='word_1_54' title='bbox 1075 561 1250 614; x_wconf 89' lang='lat' dir='ltr'>libram,</span> 
     </span>
     <span class='ocr_line' id='line_1_10' title="bbox 211 618 1248 685; baseline -0.014 -11"><span class='ocrx_word' id='word_1_55' title='bbox 211 631 255 674; x_wconf 87' lang='lat'>&amp;</span> <span class='ocrx_word' id='word_1_56' title='bbox 290 646 358 685; x_wconf 86' lang='lat' dir='ltr'>per</span> <span class='ocrx_word' id='word_1_57' title='bbox 385 629 614 671; x_wconf 79' lang='lat' dir='ltr'>simulatam</span> <span class='ocrx_word' id='word_1_58' title='bbox 652 626 935 670; x_wconf 88' lang='lat' dir='ltr'>venditionem</span> <span class='ocrx_word' id='word_1_59' title='bbox 957 653 968 674; x_wconf 91' lang='lat'>‚</span> <span class='ocrx_word' id='word_1_60' title='bbox 1001 633 1088 677; x_wconf 82' lang='lat' dir='ltr'>quae</span> <span class='ocrx_word' id='word_1_61' title='bbox 1119 618 1166 660; x_wconf 85' lang='lat' dir='ltr'>ad</span> <span class='ocrx_word' id='word_1_62' title='bbox 1203 635 1248 661; x_wconf 89' lang='lat' dir='ltr'>o-</span> 
     </span>
     <span class='ocr_line' id='line_1_11' title="bbox 212 675 1249 741; baseline -0.014 -11"><span class='ocrx_word' id='word_1_63' title='bbox 212 703 357 730; x_wconf 89' lang='lat' dir='ltr'>rnnem</span> <span class='ocrx_word' id='word_1_64' title='bbox 384 686 558 729; x_wconf 90' lang='lat' dir='ltr'>dominii</span> <span class='ocrx_word' id='word_1_65' title='bbox 590 683 929 733; x_wconf 79' lang='lat' dir='ltr'>translationem,</span> <span class='ocrx_word' id='word_1_66' title='bbox 962 691 1081 741; x_wconf 80' lang='lat' dir='ltr'>atque</span> <span class='ocrx_word' id='word_1_67' title='bbox 1106 675 1155 718; x_wconf 87' lang='lat' dir='ltr'>ad</span> <span class='ocrx_word' id='word_1_68' title='bbox 1179 675 1249 718; x_wconf 92' lang='lat' dir='ltr'>ob-</span> 
     </span>
     <span class='ocr_line' id='line_1_12' title="bbox 210 732 1249 800; baseline -0.013 -13"><span class='ocrx_word' id='word_1_69' title='bbox 210 744 428 800; x_wconf 83' lang='lat' dir='ltr'>ligationes</span> <span class='ocrx_word' id='word_1_70' title='bbox 453 757 597 785; x_wconf 92' lang='lat' dir='ltr'>omnes</span> <span class='ocrx_word' id='word_1_71' title='bbox 622 742 664 785; x_wconf 89' lang='lat'>&amp;</span> <span class='ocrx_word' id='word_1_72' title='bbox 697 742 824 784; x_wconf 87' lang='lat' dir='ltr'>etiam</span> <span class='ocrx_word' id='word_1_73' title='bbox 844 740 889 781; x_wconf 90' lang='lat' dir='ltr'>ad</span> <span class='ocrx_word' id='word_1_74' title='bbox 916 739 1155 800; x_wconf 77' lang='lat' dir='ltr'>donationes</span> <span class='ocrx_word' id='word_1_75' title='bbox 1182 732 1249 775; x_wconf 88' lang='lat' dir='ltr'>ad-</span> 
     </span>
     <span class='ocr_line' id='line_1_13' title="bbox 209 789 1249 855; baseline -0.013 -10"><span class='ocrx_word' id='word_1_76' title='bbox 209 802 452 845; x_wconf 85' lang='lat' dir='ltr'>hibebatur.</span> <span class='ocrx_word' id='word_1_77' title='bbox 483 802 542 852; x_wconf 88' lang='lat' dir='ltr'>(c)</span> <span class='ocrx_word' id='word_1_78' title='bbox 587 800 736 843; x_wconf 82' lang='lat' dir='ltr'>Accito</span> <span class='ocrx_word' id='word_1_79' title='bbox 771 797 884 840; x_wconf 89' lang='lat' dir='ltr'>enim</span> <span class='ocrx_word' id='word_1_80' title='bbox 925 791 1175 855; x_wconf 79' lang='lat' dir='ltr'>libripende,</span> <span class='ocrx_word' id='word_1_81' title='bbox 1205 789 1249 832; x_wconf 74' lang='grc' dir='ltr'>δι</span> 
     </span>
     <span class='ocr_line' id='line_1_14' title="bbox 210 853 1247 915; baseline -0.013 -12"><span class='ocrx_word' id='word_1_82' title='bbox 210 860 390 915; x_wconf 82' lang='lat' dir='ltr'>quinque</span> <span class='ocrx_word' id='word_1_83' title='bbox 419 858 580 901; x_wconf 82' lang='lat' dir='ltr'>testibus</span> <span class='ocrx_word' id='word_1_84' title='bbox 598 890 609 911; x_wconf 90' lang='lat'>,</span> <span class='ocrx_word' id='word_1_85' title='bbox 629 856 816 899; x_wconf 89' lang='lat' dir='ltr'>venditor</span> <span class='ocrx_word' id='word_1_86' title='bbox 837 853 914 895; x_wconf 85' lang='lat' dir='ltr'>sive</span> <span class='ocrx_word' id='word_1_87' title='bbox 935 863 1147 903; x_wconf 86' lang='lat' dir='ltr'>mancipio</span> <span class='ocrx_word' id='word_1_88' title='bbox 1169 862 1247 890; x_wconf 86' lang='lat' dir='ltr'>tra·</span> 
     </span>
     <span class='ocr_line' id='line_1_15' title="bbox 209 910 1245 972; baseline -0.014 -12"><span class='ocrx_word' id='word_1_89' title='bbox 209 917 307 960; x_wconf 86' lang='lat' dir='ltr'>dens</span> <span class='ocrx_word' id='word_1_90' title='bbox 342 917 570 972; x_wconf 81' lang='lat' dir='ltr'>fingebatur</span> <span class='ocrx_word' id='word_1_91' title='bbox 611 915 793 968; x_wconf 88' lang='lat' dir='ltr'>accipere</span> <span class='ocrx_word' id='word_1_92' title='bbox 831 910 880 953; x_wconf 91' lang='lat' dir='ltr'>ab</span> <span class='ocrx_word' id='word_1_93' title='bbox 929 920 1089 951; x_wconf 85' lang='lat' dir='ltr'>emtore</span> <span class='ocrx_word' id='word_1_94' title='bbox 1126 920 1245 960; x_wconf 89' lang='lat' dir='ltr'>pecu-</span> 
     </span>
     <span class='ocr_line' id='line_1_16' title="bbox 210 962 1247 1029; baseline -0.012 -13"><span class='ocrx_word' id='word_1_95' title='bbox 210 975 350 1026; x_wconf 85' lang='lat' dir='ltr'>niam,</span> <span class='ocrx_word' id='word_1_96' title='bbox 384 988 507 1029; x_wconf 91' lang='lat' dir='ltr'>quam</span> <span class='ocrx_word' id='word_1_97' title='bbox 534 972 819 1026; x_wconf 80' lang='lat' dir='ltr'>exprimebant</span> <span class='ocrx_word' id='word_1_98' title='bbox 845 981 970 1023; x_wconf 89' lang='lat' dir='ltr'>parvo</span> <span class='ocrx_word' id='word_1_99' title='bbox 1004 980 1107 1017; x_wconf 82' lang='lat' dir='ltr'>aere,</span> <span class='ocrx_word' id='word_1_100' title='bbox 1141 962 1247 1018; x_wconf 93' lang='lat' dir='ltr'>quod</span> 
     </span>
     <span class='ocr_line' id='line_1_17' title="bbox 209 1021 1246 1086; baseline -0.014 -11"><span class='ocrx_word' id='word_1_101' title='bbox 209 1032 493 1075; x_wconf 82' lang='lat' dir='ltr'>raudusculum</span> <span class='ocrx_word' id='word_1_102' title='bbox 522 1028 801 1085; x_wconf 83' lang='lat' dir='ltr'>appellabatur</span> <span class='ocrx_word' id='word_1_103' title='bbox 824 1041 846 1068; x_wconf 89' lang='lat' dir='ltr'>a</span> <span class='ocrx_word' id='word_1_104' title='bbox 874 1024 1024 1074; x_wconf 85' lang='lat' dir='ltr'>raudo,</span> <span class='ocrx_word' id='word_1_105' title='bbox 1055 1021 1134 1086; x_wconf 85' lang='lat' dir='ltr'>sive</span> <span class='ocrx_word' id='word_1_106' title='bbox 1156 1035 1246 1071; x_wconf 78' lang='lat' dir='ltr'>aere,</span> 
     </span>
     <span class='ocr_line' id='line_1_18' title="bbox 211 1077 1247 1138; baseline -0.011 -7"><span class='ocrx_word' id='word_1_107' title='bbox 211 1090 316 1131; x_wconf 90' lang='lat' dir='ltr'>unde</span> <span class='ocrx_word' id='word_1_108' title='bbox 351 1089 392 1130; x_wconf 91' lang='lat' dir='ltr'>in</span> <span class='ocrx_word' id='word_1_109' title='bbox 415 1087 619 1130; x_wconf 85' lang='lat' dir='ltr'>veteribus</span> <span class='ocrx_word' id='word_1_110' title='bbox 645 1082 875 1138; x_wconf 79' lang='lat' dir='ltr'>mancupiis</span> <span class='ocrx_word' id='word_1_111' title='bbox 897 1081 1063 1124; x_wconf 78' lang='lat' dir='ltr'>adscribi</span> <span class='ocrx_word' id='word_1_112' title='bbox 1095 1077 1247 1120; x_wconf 82' lang='lat' dir='ltr'>solebat</span> 
     </span>
     <span class='ocr_line' id='line_1_19' title="bbox 205 1142 1238 1199; baseline -0.011 -11"><span class='ocrx_word' id='word_1_113' title='bbox 205 1146 436 1198; x_wconf 72' lang='lat' dir='ltr'>raudusculo</span> <span class='ocrx_word' id='word_1_114' title='bbox 461 1145 606 1186; x_wconf 78' lang='lat' dir='ltr'>libram</span> <span class='ocrx_word' id='word_1_115' title='bbox 620 1142 740 1196; x_wconf 81' lang='lat' dir='ltr'>ferito</span> <span class='ocrx_word' id='word_1_116' title='bbox 757 1174 770 1196; x_wconf 87' lang='lat'>,</span> <span class='ocrx_word' id='word_1_117' title='bbox 801 1142 867 1193; x_wconf 82' lang='lat' dir='ltr'>(d)</span> <span class='ocrx_word' id='word_1_118' title='bbox 894 1142 1037 1193; x_wconf 83' lang='lat' dir='ltr'>quue</span> <span class='ocrx_word' id='word_1_119' title='bbox 1058 1151 1132 1199; x_wconf 82' lang='lat' dir='ltr'>aere</span> <span class='ocrx_word' id='word_1_120' title='bbox 1157 1151 1238 1178; x_wconf 57' lang='lat' dir='ltr'>em&gt;</span> 
     </span>
     <span class='ocr_line' id='line_1_20' title="bbox 204 1194 1244 1258; baseline -0.011 -12"><span class='ocrx_word' id='word_1_121' title='bbox 204 1216 297 1256; x_wconf 83' lang='lat' dir='ltr'>tor,</span> <span class='ocrx_word' id='word_1_122' title='bbox 330 1203 407 1246; x_wconf 82' lang='lat' dir='ltr'>sive</span> <span class='ocrx_word' id='word_1_123' title='bbox 435 1234 448 1257; x_wconf 92' lang='lat'>,</span> <span class='ocrx_word' id='word_1_124' title='bbox 479 1201 549 1258; x_wconf 90' lang='lat' dir='ltr'>qui</span> <span class='ocrx_word' id='word_1_125' title='bbox 583 1200 796 1255; x_wconf 87' lang='lat' dir='ltr'>mancipio</span> <span class='ocrx_word' id='word_1_126' title='bbox 836 1198 1061 1251; x_wconf 78' lang='lat' dir='ltr'>acciperet,</span> <span class='ocrx_word' id='word_1_127' title='bbox 1095 1194 1244 1258; x_wconf 70' lang='lat' dir='ltr'>libram</span> 
     </span>
     <span class='ocr_line' id='line_1_21' title="bbox 202 1253 1245 1316; baseline -0.011 -13"><span class='ocrx_word' id='word_1_128' title='bbox 202 1261 420 1316; x_wconf 75' lang='lat' dir='ltr'>tangebat,</span> <span class='ocrx_word' id='word_1_129' title='bbox 451 1258 556 1315; x_wconf 91' lang='lat' dir='ltr'>quod</span> <span class='ocrx_word' id='word_1_130' title='bbox 595 1259 661 1302; x_wconf 90' lang='lat' dir='ltr'>ubi</span> <span class='ocrx_word' id='word_1_131' title='bbox 700 1257 913 1307; x_wconf 87' lang='lat' dir='ltr'>venditor,</span> <span class='ocrx_word' id='word_1_132' title='bbox 947 1253 1026 1296; x_wconf 88' lang='lat' dir='ltr'>sive</span> <span class='ocrx_word' id='word_1_133' title='bbox 1053 1267 1123 1308; x_wconf 83' lang='lat' dir='ltr'>qui</span> <span class='ocrx_word' id='word_1_134' title='bbox 1145 1266 1245 1315; x_wconf 32' lang='lat' dir='ltr'>‘rem</span> 
     </span>
     <span class='ocr_line' id='line_1_22' title="bbox 205 1310 1246 1372; baseline -0.011 -11"><span class='ocrx_word' id='word_1_135' title='bbox 205 1317 418 1372; x_wconf 87' lang='lat' dir='ltr'>mancipio</span> <span class='ocrx_word' id='word_1_136' title='bbox 445 1316 647 1369; x_wconf 89' lang='lat' dir='ltr'>traderet,</span> <span class='ocrx_word' id='word_1_137' title='bbox 670 1313 882 1369; x_wconf 72' lang='lat' dir='ltr'>accepisset</span> <span class='ocrx_word' id='word_1_138' title='bbox 908 1310 1016 1367; x_wconf 74' lang='lat' dir='ltr'>quasi</span> <span class='ocrx_word' id='word_1_139' title='bbox 1047 1323 1246 1365; x_wconf 81' lang='lat' dir='ltr'>precium,</span> 
     </span>
     <span class='ocr_line' id='line_1_23' title="bbox 203 1370 1244 1430; baseline -0.009 -13"><span class='ocrx_word' id='word_1_140' title='bbox 203 1375 439 1420; x_wconf 89' lang='lat' dir='ltr'>dominium</span> <span class='ocrx_word' id='word_1_141' title='bbox 474 1372 790 1416; x_wconf 85' lang='lat' dir='ltr'>transferebatur</span> <span class='ocrx_word' id='word_1_142' title='bbox 819 1370 864 1413; x_wconf 92' lang='lat' dir='ltr'>in</span> <span class='ocrx_word' id='word_1_143' title='bbox 900 1381 1102 1430; x_wconf 40' lang='lat' dir='ltr'>emtore-‘n</span> <span class='ocrx_word' id='word_1_144' title='bbox 1127 1398 1139 1419; x_wconf 92' lang='lat'>,</span> <span class='ocrx_word' id='word_1_145' title='bbox 1159 1381 1244 1430; x_wconf 31' lang='lat' dir='ltr'>*per</span> 
     </span>
     <span class='ocr_line' id='line_1_24' title="bbox 198 1426 1239 1487; baseline -0.009 -13"><span class='ocrx_word' id='word_1_146' title='bbox 198 1447 370 1487; x_wconf 79' lang='lat' dir='ltr'>eamque</span> <span class='ocrx_word' id='word_1_147' title='bbox 410 1430 715 1474; x_wconf 76' lang='lat' dir='ltr'>simulationem</span> <span class='ocrx_word' id='word_1_148' title='bbox 748 1461 759 1482; x_wconf 91' lang='lat'>,</span> <span class='ocrx_word' id='word_1_149' title='bbox 817 1427 893 1470; x_wconf 85' lang='lat' dir='ltr'>sive</span> <span class='ocrx_word' id='word_1_150' title='bbox 947 1426 1239 1487; x_wconf 69' lang='lat' dir='ltr'>imaginariam</span> 
     </span>
     <span class='ocr_line' id='line_1_25' title="bbox 201 1481 1246 1540; baseline -0.009 -8"><span class='ocrx_word' id='word_1_151' title='bbox 201 1488 518 1540; x_wconf 88' lang='lat' dir='ltr'>venditionem,</span> <span class='ocrx_word' id='word_1_152' title='bbox 550 1487 658 1530; x_wconf 88' lang='lat' dir='ltr'>inter</span> <span class='ocrx_word' id='word_1_153' title='bbox 702 1499 854 1528; x_wconf 58' lang='lat' dir='ltr'>veteres</span> <span class='ocrx_word' id='word_1_154' title='bbox 884 1483 965 1535; x_wconf 81' lang='lat' dir='ltr'>jure</span> <span class='ocrx_word' id='word_1_155' title='bbox 1003 1481 1117 1525; x_wconf 81' lang='lat' dir='ltr'>civili</span> <span class='ocrx_word' id='word_1_156' title='bbox 1142 1496 1246 1524; x_wconf 89' lang='lat' dir='ltr'>con·</span> 
     </span>
     <span class='ocr_line' id='line_1_26' title="bbox 207 1543 1005 1590; baseline -0.013 0"><span class='ocrx_word' id='word_1_157' title='bbox 207 1546 356 1590; x_wconf 61' lang='lat' dir='ltr'>trafius</span> <span class='ocrx_word' id='word_1_158' title='bbox 381 1546 612 1589; x_wconf 87' lang='lat' dir='ltr'>inibantur:</span> <span class='ocrx_word' id='word_1_159' title='bbox 647 1544 751 1587; x_wconf 85' lang='lat' dir='ltr'>unde</span> <span class='ocrx_word' id='word_1_160' title='bbox 781 1543 1005 1585; x_wconf 83' lang='lat' dir='ltr'>Horatius:</span> 
     </span>
    </p>

    <p class='ocr_par' dir='ltr' id='par_1_2' title="bbox 259 1599 1237 1658">
     <span class='ocr_line' id='line_1_27' title="bbox 259 1599 1237 1658; baseline -0.009 -13"><span class='ocrx_word' id='word_1_161' title='bbox 259 1605 307 1646; x_wconf 72' lang='lat' dir='ltr'>Se</span> <span class='ocrx_word' id='word_1_162' title='bbox 347 1603 544 1658; x_wconf 77' lang='lat' dir='ltr'>proprium</span> <span class='ocrx_word' id='word_1_163' title='bbox 577 1599 628 1656; x_wconf 80' lang='lat' dir='ltr'>est</span> <span class='ocrx_word' id='word_1_164' title='bbox 652 1606 756 1657; x_wconf 70' lang='lat' dir='ltr'>quod</span> <span class='ocrx_word' id='word_1_165' title='bbox 780 1601 871 1656; x_wconf 68' lang='lat' dir='ltr'>quii·</span> <span class='ocrx_word' id='word_1_166' title='bbox 895 1599 999 1640; x_wconf 74' lang='lat' dir='ltr'>libra</span> <span class='ocrx_word' id='word_1_167' title='bbox 1032 1606 1237 1648; x_wconf 74' lang='lat' dir='ltr'>mercatur,</span> 
     </span>
    </p>

    <p class='ocr_par' dir='ltr' id='par_1_3' title="bbox 318 1659 1222 1716">
     <span class='ocr_line' id='line_1_28' title="bbox 318 1659 1222 1716; baseline -0.01 -13"><span class='ocrx_word' id='word_1_168' title='bbox 318 1659 374 1703; x_wconf 69' lang='lat'>(9⁶</span> <span class='ocrx_word' id='word_1_169' title='bbox 403 1676 469 1702; x_wconf 76' lang='lat' dir='ltr'>aere</span> <span class='ocrx_word' id='word_1_170' title='bbox 495 1691 504 1702; x_wconf 94' lang='lat'><strong>.</strong></span> <span class='ocrx_word' id='word_1_171' title='bbox 1199 1709 1222 1716; x_wconf 95' lang='lat'>..</span> 
     </span>
    </p>

    <p class='ocr_par' dir='ltr' id='par_1_4' title="bbox 199 1712 1244 2685">
     <span class='ocr_line' id='line_1_29' title="bbox 205 1712 1244 1772; baseline -0.01 -11"><span class='ocrx_word' id='word_1_172' title='bbox 205 1717 346 1761; x_wconf 87' lang='lat' dir='ltr'>Simili</span> <span class='ocrx_word' id='word_1_173' title='bbox 380 1717 563 1769; x_wconf 89' lang='lat' dir='ltr'>ratione,</span> <span class='ocrx_word' id='word_1_174' title='bbox 597 1715 691 1759; x_wconf 75' lang='lat' dir='ltr'>nexi</span> <span class='ocrx_word' id='word_1_175' title='bbox 726 1729 884 1772; x_wconf 74' lang='lat' dir='ltr'>quoque</span> <span class='ocrx_word' id='word_1_176' title='bbox 915 1712 1154 1756; x_wconf 83' lang='lat' dir='ltr'>dicebantur</span> <span class='ocrx_word' id='word_1_177' title='bbox 1198 1726 1244 1762; x_wconf 86' lang='grc' dir='ltr'>ιι,</span> 
     </span>
     <span class='ocr_line' id='line_1_30' title="bbox 203 1768 1238 1832; baseline -0.011 -13"><span class='ocrx_word' id='word_1_178' title='bbox 203 1776 271 1831; x_wconf 92' lang='lat' dir='ltr'>qui</span> <span class='ocrx_word' id='word_1_179' title='bbox 312 1775 364 1818; x_wconf 94' lang='lat' dir='ltr'>ob</span> <span class='ocrx_word' id='word_1_180' title='bbox 396 1790 445 1817; x_wconf 66' lang='grc' dir='ltr'>τες</span> <span class='ocrx_word' id='word_1_181' title='bbox 465 1774 649 1817; x_wconf 87' lang='lat' dir='ltr'>alienum</span> <span class='ocrx_word' id='word_1_182' title='bbox 677 1773 750 1816; x_wconf 89' lang='lat' dir='ltr'>sese</span> <span class='ocrx_word' id='word_1_183' title='bbox 782 1770 1048 1815; x_wconf 86' lang='lat' dir='ltr'>creditoribus</span> <span class='ocrx_word' id='word_1_184' title='bbox 1089 1768 1238 1832; x_wconf 78' lang='lat' dir='ltr'>dabant</span> 
     </span>
     <span class='ocr_line' id='line_1_31' title="bbox 205 1827 1244 1888; baseline -0.01 -13"><span class='ocrx_word' id='word_1_185' title='bbox 205 1833 248 1875; x_wconf 87' lang='lat' dir='ltr'>in</span> <span class='ocrx_word' id='word_1_186' title='bbox 287 1832 543 1874; x_wconf 87' lang='lat' dir='ltr'>servitutem:</span> <span class='ocrx_word' id='word_1_187' title='bbox 580 1847 706 1874; x_wconf 78' lang='lat' dir='ltr'>nexus</span> <span class='ocrx_word' id='word_1_188' title='bbox 733 1830 858 1886; x_wconf 70' lang='lat' dir='ltr'>igitur</span> <span class='ocrx_word' id='word_1_189' title='bbox 883 1827 937 1871; x_wconf 81' lang='lat' dir='ltr'>est</span> <span class='ocrx_word' id='word_1_190' title='bbox 969 1836 1244 1888; x_wconf 81' lang='lat' dir='ltr'>mancipatio,</span> 
     </span>
     <span class='ocr_line' id='line_1_32' title="bbox 204 1881 1239 1946; baseline -0.009 -14"><span class='ocrx_word' id='word_1_191' title='bbox 204 1888 285 1932; x_wconf 88' lang='lat' dir='ltr'>sive</span> <span class='ocrx_word' id='word_1_192' title='bbox 316 1889 499 1932; x_wconf 79' lang='lat' dir='ltr'>venditio</span> <span class='ocrx_word' id='word_1_193' title='bbox 534 1904 670 1932; x_wconf 89' lang='lat' dir='ltr'>rerum</span> <span class='ocrx_word' id='word_1_194' title='bbox 703 1885 911 1940; x_wconf 76' lang='lat' dir='ltr'>mancipi,</span> <span class='ocrx_word' id='word_1_195' title='bbox 944 1884 986 1926; x_wconf 85' lang='lat'>&amp;</span> <span class='ocrx_word' id='word_1_196' title='bbox 1019 1881 1239 1946; x_wconf 33' lang='lat' dir='ltr'>transl—atio</span> 
     </span>
     <span class='ocr_line' id='line_1_33' title="bbox 201 1940 1238 2003; baseline -0.007 -15"><span class='ocrx_word' id='word_1_197' title='bbox 201 1945 378 1989; x_wconf 87' lang='lat' dir='ltr'>dominii</span> <span class='ocrx_word' id='word_1_198' title='bbox 414 1959 482 1996; x_wconf 81' lang='lat' dir='ltr'>per</span> <span class='ocrx_word' id='word_1_199' title='bbox 515 1961 565 1988; x_wconf 65' lang='grc' dir='ltr'>κς</span> <span class='ocrx_word' id='word_1_200' title='bbox 590 1978 602 1998; x_wconf 87' lang='grc'><em>,</em></span> <span class='ocrx_word' id='word_1_201' title='bbox 645 1945 688 1988; x_wconf 87' lang='lat'>&amp;</span> <span class='ocrx_word' id='word_1_202' title='bbox 725 1944 871 1987; x_wconf 85' lang='lat' dir='ltr'>libram</span> <span class='ocrx_word' id='word_1_203' title='bbox 901 1974 909 1984; x_wconf 93' lang='lat'><strong>.</strong></span> <span class='ocrx_word' id='word_1_204' title='bbox 946 1943 1066 1984; x_wconf 83' lang='lat' dir='ltr'>Porro</span> <span class='ocrx_word' id='word_1_205' title='bbox 1108 1940 1238 2003; x_wconf 64' lang='lat' dir='ltr'>tribus</span> 
     </span>
     <span class='ocr_line' id='line_1_34' title="bbox 205 1996 1234 2060; baseline -0.007 -15"><span class='ocrx_word' id='word_1_206' title='bbox 205 2015 369 2046; x_wconf 87' lang='lat' dir='ltr'>tantum</span> <span class='ocrx_word' id='word_1_207' title='bbox 391 2002 520 2045; x_wconf 88' lang='lat' dir='ltr'>modis</span> <span class='ocrx_word' id='word_1_208' title='bbox 547 2003 781 2046; x_wconf 86' lang='lat' dir='ltr'>dominium</span> <span class='ocrx_word' id='word_1_209' title='bbox 807 2016 941 2044; x_wconf 84' lang='lat' dir='ltr'>rerum</span> <span class='ocrx_word' id='word_1_210' title='bbox 971 1998 1158 2060; x_wconf 39' lang='lat' dir='ltr'>mancipi·</span> <span class='ocrx_word' id='word_1_211' title='bbox 1189 1996 1234 2039; x_wconf 92' lang='lat' dir='ltr'>de</span> 
     </span>
     <span class='ocr_line' id='line_1_35' title="bbox 204 2060 1236 2115; baseline -0.008 -12"><span class='ocrx_word' id='word_1_212' title='bbox 204 2075 288 2103; x_wconf 87' lang='lat' dir='ltr'>uno</span> <span class='ocrx_word' id='word_1_213' title='bbox 331 2060 508 2115; x_wconf 88' lang='lat' dir='ltr'>migrare</span> <span class='ocrx_word' id='word_1_214' title='bbox 534 2061 576 2102; x_wconf 89' lang='lat' dir='ltr'>in</span> <span class='ocrx_word' id='word_1_215' title='bbox 602 2060 777 2103; x_wconf 88' lang='lat' dir='ltr'>alterum</span> <span class='ocrx_word' id='word_1_216' title='bbox 809 2068 988 2113; x_wconf 84' lang='lat' dir='ltr'>poterat:</span> <span class='ocrx_word' id='word_1_217' title='bbox 1025 2069 1236 2107; x_wconf 76' lang='lat' dir='ltr'>mancipa-</span> 
     </span>
     <span class='ocr_line' id='line_1_36' title="bbox 210 2113 1244 2170; baseline -0.007 -10"><span class='ocrx_word' id='word_1_218' title='bbox 210 2117 326 2161; x_wconf 81' lang='lat' dir='ltr'>tione</span> <span class='ocrx_word' id='word_1_219' title='bbox 355 2149 367 2170; x_wconf 89' lang='lat'><strong>‚</strong></span> <span class='ocrx_word' id='word_1_220' title='bbox 398 2117 443 2161; x_wconf 88' lang='lat' dir='ltr'>in</span> <span class='ocrx_word' id='word_1_221' title='bbox 475 2116 560 2168; x_wconf 88' lang='lat' dir='ltr'>jure</span> <span class='ocrx_word' id='word_1_222' title='bbox 595 2118 765 2160; x_wconf 81' lang='lat' dir='ltr'>cessione</span> <span class='ocrx_word' id='word_1_223' title='bbox 792 2148 805 2169; x_wconf 92' lang='lat'>,</span> <span class='ocrx_word' id='word_1_224' title='bbox 838 2113 1079 2168; x_wconf 82' lang='lat' dir='ltr'>usucapione</span> <span class='ocrx_word' id='word_1_225' title='bbox 1118 2145 1126 2154; x_wconf 92' lang='lat'>.</span> <span class='ocrx_word' id='word_1_226' title='bbox 1161 2114 1244 2153; x_wconf 87' lang='lat' dir='ltr'>Res</span> 
     </span>
     <span class='ocr_line' id='line_1_37' title="bbox 205 2170 1242 2228; baseline -0.007 -12"><span class='ocrx_word' id='word_1_227' title='bbox 205 2190 303 2217; x_wconf 89' lang='lat' dir='ltr'>vero</span> <span class='ocrx_word' id='word_1_228' title='bbox 341 2190 425 2216; x_wconf 88' lang='lat' dir='ltr'>non</span> <span class='ocrx_word' id='word_1_229' title='bbox 468 2174 650 2228; x_wconf 83' lang='lat' dir='ltr'>mancipi</span> <span class='ocrx_word' id='word_1_230' title='bbox 687 2187 848 2217; x_wconf 91' lang='lat' dir='ltr'>tantum</span> <span class='ocrx_word' id='word_1_231' title='bbox 896 2170 1242 2214; x_wconf 76' lang='lat' dir='ltr'>transferebantur</span> 
     </span>
     <span class='ocr_line' id='line_1_38' title="bbox 210 2227 1242 2286; baseline -0.009 -12"><span class='ocrx_word' id='word_1_232' title='bbox 210 2232 380 2274; x_wconf 76' lang='lat' dir='ltr'>cessione</span> <span class='ocrx_word' id='word_1_233' title='bbox 406 2232 444 2273; x_wconf 90' lang='lat' dir='ltr'>in</span> <span class='ocrx_word' id='word_1_234' title='bbox 474 2231 584 2283; x_wconf 80' lang='lat' dir='ltr'>jure,</span> <span class='ocrx_word' id='word_1_235' title='bbox 617 2231 663 2274; x_wconf 90' lang='lat' dir='ltr'>de</span> <span class='ocrx_word' id='word_1_236' title='bbox 687 2247 765 2286; x_wconf 86' lang='lat' dir='ltr'>qua</span> <span class='ocrx_word' id='word_1_237' title='bbox 787 2229 893 2273; x_wconf 87' lang='lat' dir='ltr'>infra</span> <span class='ocrx_word' id='word_1_238' title='bbox 911 2261 922 2281; x_wconf 93' lang='lat'>‚</span> <span class='ocrx_word' id='word_1_239' title='bbox 942 2228 1037 2285; x_wconf 84' lang='lat' dir='ltr'>quia</span> <span class='ocrx_word' id='word_1_240' title='bbox 1068 2227 1242 2281; x_wconf 74' lang='lat' dir='ltr'>proprie-</span> 
     </span>
     <span class='ocr_line' id='line_1_39' title="bbox 204 2283 1240 2343; baseline -0.005 -14"><span class='ocrx_word' id='word_1_241' title='bbox 204 2300 265 2331; x_wconf 85' lang='lat' dir='ltr'>tas</span> <span class='ocrx_word' id='word_1_242' title='bbox 286 2303 425 2331; x_wconf 85' lang='lat' dir='ltr'>earum</span> <span class='ocrx_word' id='word_1_243' title='bbox 451 2303 661 2343; x_wconf 77' lang='lat' dir='ltr'>nunquam</span> <span class='ocrx_word' id='word_1_244' title='bbox 689 2287 918 2330; x_wconf 84' lang='lat' dir='ltr'>abscedebat</span> <span class='ocrx_word' id='word_1_245' title='bbox 938 2303 958 2328; x_wconf 86' lang='lat' dir='ltr'>a</span> <span class='ocrx_word' id='word_1_246' title='bbox 983 2283 1134 2340; x_wconf 83' lang='lat' dir='ltr'>populo</span> <span class='ocrx_word' id='word_1_247' title='bbox 1159 2285 1240 2325; x_wconf 87' lang='lat' dir='ltr'>Ro-</span> 
     </span>
     <span class='ocr_line' id='line_1_40' title="bbox 205 2341 1242 2398; baseline -0.006 -11"><span class='ocrx_word' id='word_1_248' title='bbox 205 2361 358 2398; x_wconf 84' lang='lat' dir='ltr'>mano,</span> <span class='ocrx_word' id='word_1_249' title='bbox 394 2345 453 2388; x_wconf 88' lang='lat' dir='ltr'>sed</span> <span class='ocrx_word' id='word_1_250' title='bbox 498 2344 585 2388; x_wconf 87' lang='lat' dir='ltr'>usus</span> <span class='ocrx_word' id='word_1_251' title='bbox 624 2357 783 2387; x_wconf 81' lang='lat' dir='ltr'>tantum</span> <span class='ocrx_word' id='word_1_252' title='bbox 823 2343 933 2387; x_wconf 84' lang='lat' dir='ltr'>illius</span> <span class='ocrx_word' id='word_1_253' title='bbox 961 2343 1002 2384; x_wconf 91' lang='lat' dir='ltr'>in</span> <span class='ocrx_word' id='word_1_254' title='bbox 1043 2341 1242 2396; x_wconf 86' lang='lat' dir='ltr'>privatos,</span> 
     </span>
     <span class='ocr_line' id='line_1_41' title="bbox 203 2400 1240 2456; baseline -0.007 -11"><span class='ocrx_word' id='word_1_255' title='bbox 203 2402 247 2445; x_wconf 70' lang='grc' dir='ltr'>ὅ(</span> <span class='ocrx_word' id='word_1_256' title='bbox 273 2403 447 2456; x_wconf 76' lang='lat' dir='ltr'>pofl&#39;effio</span> <span class='ocrx_word' id='word_1_257' title='bbox 474 2401 689 2444; x_wconf 86' lang='lat' dir='ltr'>transibat:</span> <span class='ocrx_word' id='word_1_258' title='bbox 719 2404 833 2445; x_wconf 89' lang='lat' dir='ltr'>Hinc</span> <span class='ocrx_word' id='word_1_259' title='bbox 857 2400 961 2445; x_wconf 75' lang='lat' dir='ltr'>apud</span> <span class='ocrx_word' id='word_1_260' title='bbox 991 2400 1240 2441; x_wconf 84' lang='lat' dir='ltr'>Ciceronem</span> 
     </span>
     <span class='ocr_line' id='line_1_42' title="bbox 206 2457 1241 2513; baseline -0.004 -13"><span class='ocrx_word' id='word_1_261' title='bbox 206 2461 263 2510; x_wconf 88' lang='lat' dir='ltr'>(e)</span> <span class='ocrx_word' id='word_1_262' title='bbox 292 2459 401 2503; x_wconf 85' lang='lat' dir='ltr'>locus</span> <span class='ocrx_word' id='word_1_263' title='bbox 425 2459 494 2503; x_wconf 85' lang='lat' dir='ltr'>ille</span> <span class='ocrx_word' id='word_1_264' title='bbox 522 2458 778 2513; x_wconf 73' lang='lat' dir='ltr'>perelegans:</span> <span class='ocrx_word' id='word_1_265' title='bbox 815 2460 925 2508; x_wconf 72' lang='lat' dir='ltr'>cujus</span> <span class='ocrx_word' id='word_1_266' title='bbox 961 2457 1118 2512; x_wconf 78' lang='lat' dir='ltr'>quando</span> <span class='ocrx_word' id='word_1_267' title='bbox 1152 2466 1241 2510; x_wconf 84' lang='lat' dir='ltr'>pro-</span> 
     </span>
     <span class='ocr_line' id='line_1_43' title="bbox 199 2514 1241 2572; baseline 0 -16"><span class='ocrx_word' id='word_1_268' title='bbox 199 2519 335 2571; x_wconf 77' lang='lat' dir='ltr'>prium</span> <span class='ocrx_word' id='word_1_269' title='bbox 377 2530 413 2559; x_wconf 87' lang='lat' dir='ltr'>te</span> <span class='ocrx_word' id='word_1_270' title='bbox 448 2514 518 2572; x_wconf 78' lang='lat' dir='ltr'>effe</span> <span class='ocrx_word' id='word_1_271' title='bbox 545 2517 691 2569; x_wconf 66' lang='lat' dir='ltr'>scribis</span> <span class='ocrx_word' id='word_1_272' title='bbox 733 2517 929 2571; x_wconf 78' lang='lat' dir='ltr'>mancipio</span> <span class='ocrx_word' id='word_1_273' title='bbox 961 2546 972 2567; x_wconf 92' lang='lat'>,</span> <span class='ocrx_word' id='word_1_274' title='bbox 1024 2514 1079 2556; x_wconf 66' lang='lat'>(9¹</span> <span class='ocrx_word' id='word_1_275' title='bbox 1126 2529 1241 2565; x_wconf 77' lang='lat' dir='ltr'>nexu,</span> 
     </span>
     <span class='ocr_line' id='line_1_44' title="bbox 207 2571 1240 2628; baseline -0.003 -14"><span class='ocrx_word' id='word_1_276' title='bbox 207 2589 337 2615; x_wconf 73' lang='lat' dir='ltr'>meum</span> <span class='ocrx_word' id='word_1_277' title='bbox 359 2586 487 2616; x_wconf 71' lang='lat' dir='ltr'>autem</span> <span class='ocrx_word' id='word_1_278' title='bbox 513 2574 583 2627; x_wconf 81' lang='lat' dir='ltr'>usu</span> <span class='ocrx_word' id='word_1_279' title='bbox 601 2606 612 2622; x_wconf 80' lang='grc'>,</span> <span class='ocrx_word' id='word_1_280' title='bbox 645 2574 700 2617; x_wconf 60' lang='lat' dir='ltr'>(Y</span> <span class='ocrx_word' id='word_1_281' title='bbox 715 2573 849 2628; x_wconf 55' lang='lat' dir='ltr'>frusta</span> <span class='ocrx_word' id='word_1_282' title='bbox 872 2604 884 2626; x_wconf 86' lang='lat'>‚</span> <span class='ocrx_word' id='word_1_283' title='bbox 917 2583 1116 2615; x_wconf 80' lang='lat' dir='ltr'>contentus</span> <span class='ocrx_word' id='word_1_284' title='bbox 1132 2571 1240 2625; x_wconf 76' lang='lat' dir='ltr'>sum,</span> 
     </span>
     <span class='ocr_line' id='line_1_45' title="bbox 206 2631 705 2685; baseline -0.002 -12"><span class='ocrx_word' id='word_1_285' title='bbox 206 2631 416 2673; x_wconf 79' lang='lat' dir='ltr'>Lucretius</span> <span class='ocrx_word' id='word_1_286' title='bbox 444 2631 705 2685; x_wconf 71' lang='lat' dir='ltr'>peritissime:</span> 
     </span>
    </p>

    <p class='ocr_par' dir='ltr' id='par_1_5' title="bbox 214 2688 1241 2844">
     <span class='ocr_line' id='line_1_46' title="bbox 267 2688 1240 2744; baseline -0.005 -9"><span class='ocrx_word' id='word_1_287' title='bbox 267 2688 432 2741; x_wconf 58' lang='lat' dir='ltr'>Vimque</span> <span class='ocrx_word' id='word_1_288' title='bbox 457 2691 660 2744; x_wconf 80' lang='lat' dir='ltr'>mancupio</span> <span class='ocrx_word' id='word_1_289' title='bbox 685 2690 788 2732; x_wconf 83' lang='lat' dir='ltr'>nulli</span> <span class='ocrx_word' id='word_1_290' title='bbox 806 2690 949 2742; x_wconf 80' lang='lat' dir='ltr'>datur,</span> <span class='ocrx_word' id='word_1_291' title='bbox 965 2690 1144 2732; x_wconf 76' lang='lat' dir='ltr'>omnibus</span> <span class='ocrx_word' id='word_1_292' title='bbox 1157 2689 1240 2741; x_wconf 85' lang='lat' dir='ltr'><em>usu.</em></span> 
     </span>
     <span class='ocr_line' id='line_1_47' title="bbox 214 2744 1241 2844; baseline 0.001 -56"><span class='ocrx_word' id='word_1_293' title='bbox 214 2744 433 2844; x_wconf 61' lang='lat' dir='ltr'>lYerbaque</span> <span class='ocrx_word' id='word_1_294' title='bbox 467 2757 600 2799; x_wconf 90' lang='lat' dir='ltr'>certa,</span> <span class='ocrx_word' id='word_1_295' title='bbox 631 2746 673 2789; x_wconf 70' lang='grc' dir='ltr'>δε</span> <span class='ocrx_word' id='word_1_296' title='bbox 706 2746 902 2791; x_wconf 89' lang='lat' dir='ltr'>solemnia</span> <span class='ocrx_word' id='word_1_297' title='bbox 922 2748 1241 2803; x_wconf 81' lang='lat' dir='ltr'>mancipationis</span> 
     </span>
    </p>

    <p class='ocr_par' dir='ltr' id='par_1_6' title="bbox 247 2814 471 2845">
     <span class='ocr_line' id='line_1_48' title="bbox 247 2814 471 2845; baseline -0.004 -1"><span class='ocrx_word' id='word_1_298' title='bbox 247 2816 300 2845; x_wconf 86' lang='lat' dir='ltr'>aec</span> <span class='ocrx_word' id='word_1_299' title='bbox 323 2814 439 2845; x_wconf 85' lang='lat' dir='ltr'>erant</span> <span class='ocrx_word' id='word_1_300' title='bbox 461 2817 471 2843; x_wconf 85' lang='lat'>:</span> 
     </span>
    </p>
   </div>
   <div class='ocr_carea' id='block_1_2' title="bbox 588 2937 1242 2952">
    <p class='ocr_par' dir='ltr' id='par_1_7' title="bbox 588 2937 1242 2952">
     <span class='ocr_line' id='line_1_49' title="bbox 588 2937 1242 2952; baseline 0.009 -6"><span class='ocrx_word' id='word_1_301' title='bbox 588 2937 905 2949; x_wconf 49' lang='grc' dir='ltr'>ψ...-</span> <span class='ocrx_word' id='word_1_302' title='bbox 911 2940 1242 2952; x_wconf 70' lang='lat'>———.——</span> 
     </span>
    </p>
   </div>
   <div class='ocr_carea' id='block_1_3' title="bbox 208 2970 1238 3195">
    <p class='ocr_par' dir='ltr' id='par_1_8' title="bbox 255 2970 935 3014">
     <span class='ocr_line' id='line_1_50' title="bbox 255 2970 935 3014; baseline 0.007 -13"><span class='ocrx_word' id='word_1_303' title='bbox 255 2971 312 3009; x_wconf 86' lang='lat' dir='ltr'>(a)</span> <span class='ocrx_word' id='word_1_304' title='bbox 337 2972 415 3011; x_wconf 84' lang='lat' dir='ltr'>Ulp.</span> <span class='ocrx_word' id='word_1_305' title='bbox 443 2970 553 3010; x_wconf 76' lang='lat' dir='ltr'>Instit-</span> <span class='ocrx_word' id='word_1_306' title='bbox 582 2981 674 3004; x_wconf 62' lang='lat' dir='ltr'>tmi-</span> <span class='ocrx_word' id='word_1_307' title='bbox 703 2974 732 3014; x_wconf 85' lang='lat'>§.</span> <span class='ocrx_word' id='word_1_308' title='bbox 759 2972 796 3004; x_wconf 77' lang='lat' dir='ltr'>in</span> <span class='ocrx_word' id='word_1_309' title='bbox 820 2972 935 3006; x_wconf 72' lang='lat' dir='ltr'>bonis.</span> 
     </span>
    </p>

    <p class='ocr_par' dir='ltr' id='par_1_9' title="bbox 256 3015 903 3059">
     <span class='ocr_line' id='line_1_51' title="bbox 256 3015 903 3059; baseline 0 -8"><span class='ocrx_word' id='word_1_310' title='bbox 256 3016 314 3055; x_wconf 48' lang='grc' dir='ltr'>(ἢ</span> <span class='ocrx_word' id='word_1_311' title='bbox 342 3015 423 3049; x_wconf 90' lang='lat' dir='ltr'>Vide</span> <span class='ocrx_word' id='word_1_312' title='bbox 451 3024 563 3050; x_wconf 82' lang='lat' dir='ltr'>notata</span> <span class='ocrx_word' id='word_1_313' title='bbox 587 3016 679 3058; x_wconf 82' lang='lat' dir='ltr'>supra</span> <span class='ocrx_word' id='word_1_314' title='bbox 704 3015 744 3050; x_wconf 82' lang='lat' dir='ltr'>ad</span> <span class='ocrx_word' id='word_1_315' title='bbox 774 3028 903 3059; x_wconf 75' lang='lat' dir='ltr'>cap.44.</span> 
     </span>
    </p>

    <p class='ocr_par' dir='ltr' id='par_1_10' title="bbox 251 3059 1148 3105">
     <span class='ocr_line' id='line_1_52' title="bbox 251 3059 1148 3105; baseline 0.006 -13"><span class='ocrx_word' id='word_1_316' title='bbox 251 3059 313 3100; x_wconf 82' lang='lat' dir='ltr'>(b)</span> <span class='ocrx_word' id='word_1_317' title='bbox 341 3061 449 3093; x_wconf 82' lang='lat' dir='ltr'>Festus</span> <span class='ocrx_word' id='word_1_318' title='bbox 473 3061 569 3094; x_wconf 73' lang='lat' dir='ltr'>verbo</span> <span class='ocrx_word' id='word_1_319' title='bbox 592 3072 712 3094; x_wconf 78' lang='lat' dir='ltr'>nexus.</span> <span class='ocrx_word' id='word_1_320' title='bbox 743 3065 847 3094; x_wconf 83' lang='lat' dir='ltr'>Varro</span> <span class='ocrx_word' id='word_1_321' title='bbox 869 3074 902 3102; x_wconf 82' lang='lat'>4.</span> <span class='ocrx_word' id='word_1_322' title='bbox 929 3064 966 3095; x_wconf 79' lang='lat' dir='ltr'>de</span> <span class='ocrx_word' id='word_1_323' title='bbox 979 3064 1060 3105; x_wconf 80' lang='lat' dir='ltr'>ling.</span> <span class='ocrx_word' id='word_1_324' title='bbox 1088 3067 1148 3097; x_wconf 69' lang='lat' dir='ltr'>lat.</span> 
     </span>
    </p>

    <p class='ocr_par' dir='ltr' id='par_1_11' title="bbox 208 3105 1238 3195">
     <span class='ocr_line' id='line_1_53' title="bbox 254 3105 1238 3153; baseline 0.005 -17"><span class='ocrx_word' id='word_1_325' title='bbox 254 3105 311 3146; x_wconf 62' lang='lat' dir='ltr'>(p)</span> <span class='ocrx_word' id='word_1_326' title='bbox 335 3106 476 3138; x_wconf 87' lang='lat' dir='ltr'>Tertull.</span> <span class='ocrx_word' id='word_1_327' title='bbox 506 3109 529 3138; x_wconf 90' lang='lat'>1.</span> <span class='ocrx_word' id='word_1_328' title='bbox 545 3118 574 3139; x_wconf 82' lang='lat'>2.</span> <span class='ocrx_word' id='word_1_329' title='bbox 591 3107 716 3147; x_wconf 76' lang='lat' dir='ltr'>advers.</span> <span class='ocrx_word' id='word_1_330' title='bbox 752 3109 854 3139; x_wconf 75' lang='lat' dir='ltr'>Marc.</span> <span class='ocrx_word' id='word_1_331' title='bbox 872 3109 941 3142; x_wconf 81' lang='lat' dir='ltr'>Cic.</span> <span class='ocrx_word' id='word_1_332' title='bbox 967 3110 1004 3142; x_wconf 76' lang='lat' dir='ltr'>in</span> <span class='ocrx_word' id='word_1_333' title='bbox 1036 3112 1132 3153; x_wconf 74' lang='lat' dir='ltr'>topic.</span> <span class='ocrx_word' id='word_1_334' title='bbox 1167 3110 1238 3149; x_wconf 61' lang='lat' dir='ltr'>Cui.</span> 
     </span>
     <span class='ocr_line' id='line_1_54' title="bbox 208 3149 881 3195; baseline 0.003 -13"><span class='ocrx_word' id='word_1_335' title='bbox 208 3149 277 3183; x_wconf 74' lang='lat' dir='ltr'>eod.</span> <span class='ocrx_word' id='word_1_336' title='bbox 367 3151 429 3191; x_wconf 77' lang='lat' dir='ltr'>(d)</span> <span class='ocrx_word' id='word_1_337' title='bbox 456 3153 559 3185; x_wconf 78' lang='lat' dir='ltr'>Vari-0</span> <span class='ocrx_word' id='word_1_338' title='bbox 584 3153 643 3192; x_wconf 78' lang='lat' dir='ltr'>l·4.</span> <span class='ocrx_word' id='word_1_339' title='bbox 662 3153 699 3187; x_wconf 74' lang='lat' dir='ltr'>de</span> <span class='ocrx_word' id='word_1_340' title='bbox 715 3154 797 3195; x_wconf 73' lang='lat' dir='ltr'>ling·</span> <span class='ocrx_word' id='word_1_341' title='bbox 815 3154 881 3187; x_wconf 75' lang='lat' dir='ltr'>lat.</span> 
     </span>
    </p>
   </div>
   <div class='ocr_carea' id='block_1_4' title="bbox 635 81 1941 163">
    <p class='ocr_par' dir='ltr' id='par_1_12' title="bbox 635 81 1941 163">
     <span class='ocr_line' id='line_1_55' title="bbox 635 81 1941 163; baseline -0.005 -19"><span class='ocrx_word' id='word_1_342' title='bbox 635 91 739 144; x_wconf 90' lang='lat' dir='ltr'>DE</span> <span class='ocrx_word' id='word_1_343' title='bbox 779 88 968 163; x_wconf 88' lang='lat' dir='ltr'>JURE</span> <span class='ocrx_word' id='word_1_344' title='bbox 1012 81 1430 138; x_wconf 87' lang='lat' dir='ltr'>NATURALI</span> <span class='ocrx_word' id='word_1_345' title='bbox 1460 121 1476 151; x_wconf 90' lang='lat'>,</span> <span class='ocrx_word' id='word_1_346' title='bbox 1517 83 1941 154; x_wconf 82' lang='lat' dir='ltr'>GENTIUM,</span> 
     </span>
    </p>
   </div>
   <div class='ocr_carea' id='block_1_5' title="bbox 1301 162 2345 391">
    <p class='ocr_par' dir='ltr' id='par_1_13' title="bbox 1301 162 2345 391">
     <span class='ocr_line' id='line_1_56' title="bbox 1379 162 2345 240; baseline 0.006 -26"><span class='ocrx_word' id='word_1_347' title='bbox 1379 163 1538 215; x_wconf 89' lang='lat' dir='ltr'>Hunc</span> <span class='ocrx_word' id='word_1_348' title='bbox 1562 181 1659 234; x_wconf 87' lang='lat' dir='ltr'>ego</span> <span class='ocrx_word' id='word_1_349' title='bbox 1681 163 1950 216; x_wconf 85' lang='lat' dir='ltr'>hominem</span> <span class='ocrx_word' id='word_1_350' title='bbox 1977 180 2041 216; x_wconf 81' lang='lat' dir='ltr'>ex</span> <span class='ocrx_word' id='word_1_351' title='bbox 2072 162 2180 234; x_wconf 85' lang='lat' dir='ltr'>jure</span> <span class='ocrx_word' id='word_1_352' title='bbox 2207 163 2345 240; x_wconf 80' lang='lat' dir='ltr'>Qui·</span> 
     </span>
     <span class='ocr_line' id='line_1_57' title="bbox 1302 235 2335 313; baseline 0.006 -23"><span class='ocrx_word' id='word_1_353' title='bbox 1302 235 1485 291; x_wconf 88' lang='lat' dir='ltr'>ritium</span> <span class='ocrx_word' id='word_1_354' title='bbox 1518 257 1693 292; x_wconf 90' lang='lat' dir='ltr'>meum</span> <span class='ocrx_word' id='word_1_355' title='bbox 1731 239 1825 293; x_wconf 81' lang='lat' dir='ltr'>esse</span> <span class='ocrx_word' id='word_1_356' title='bbox 1862 239 1973 309; x_wconf 83' lang='lat' dir='ltr'>aj0,</span> <span class='ocrx_word' id='word_1_357' title='bbox 2019 240 2160 313; x_wconf 88' lang='lat' dir='ltr'>isque</span> <span class='ocrx_word' id='word_1_358' title='bbox 2202 241 2335 296; x_wconf 82' lang='lat' dir='ltr'>mihi</span> 
     </span>
     <span class='ocr_line' id='line_1_58' title="bbox 1301 316 2343 391; baseline 0.008 -24"><span class='ocrx_word' id='word_1_359' title='bbox 1301 331 1473 368; x_wconf 82' lang='lat' dir='ltr'>emtus</span> <span class='ocrx_word' id='word_1_360' title='bbox 1499 316 1633 385; x_wconf 87' lang='lat' dir='ltr'>esto,</span> <span class='ocrx_word' id='word_1_361' title='bbox 1656 318 1752 371; x_wconf 82' lang='lat' dir='ltr'>hoc</span> <span class='ocrx_word' id='word_1_362' title='bbox 1784 337 1878 371; x_wconf 83' lang='lat' dir='ltr'>aere</span> <span class='ocrx_word' id='word_1_363' title='bbox 1909 337 2148 391; x_wconf 80' lang='lat' dir='ltr'>aeneaque</span> <span class='ocrx_word' id='word_1_364' title='bbox 2175 318 2343 375; x_wconf 86' lang='lat' dir='ltr'>libra.</span> 
     </span>
    </p>
   </div>
   <div class='ocr_carea' id='block_1_6' title="bbox 1300 392 2343 508">
    <p class='ocr_par' dir='ltr' id='par_1_14' title="bbox 1300 392 2343 508">
     <span class='ocr_line' id='line_1_59' title="bbox 1359 392 2343 453; baseline 0.007 -20"><span class='ocrx_word' id='word_1_365' title='bbox 1359 392 1462 453; x_wconf 65' lang='lat' dir='ltr'>Quae</span> <span class='ocrx_word' id='word_1_366' title='bbox 1500 392 1621 435; x_wconf 85' lang='lat' dir='ltr'>verba</span> <span class='ocrx_word' id='word_1_367' title='bbox 1665 394 2042 447; x_wconf 78' lang='lat' dir='ltr'>pronunciabantur</span> <span class='ocrx_word' id='word_1_368' title='bbox 2070 394 2119 437; x_wconf 90' lang='lat' dir='ltr'>ab</span> <span class='ocrx_word' id='word_1_369' title='bbox 2154 407 2343 449; x_wconf 83' lang='lat' dir='ltr'>emtore,</span> 
     </span>
     <span class='ocr_line' id='line_1_60' title="bbox 1300 449 1995 508; baseline 0.009 -18"><span class='ocrx_word' id='word_1_370' title='bbox 1300 463 1371 504; x_wconf 85' lang='lat' dir='ltr'>qui</span> <span class='ocrx_word' id='word_1_371' title='bbox 1400 449 1623 505; x_wconf 84' lang='lat' dir='ltr'>mancupio</span> <span class='ocrx_word' id='word_1_372' title='bbox 1647 451 1897 507; x_wconf 86' lang='lat' dir='ltr'>accipiebat.</span> <span class='ocrx_word' id='word_1_373' title='bbox 1930 453 1995 508; x_wconf 84' lang='lat' dir='ltr'>(f)</span> 
     </span>
    </p>
   </div>
   <div class='ocr_carea' id='block_1_7' title="bbox 1435 545 2214 594">
    <p class='ocr_par' dir='ltr' id='par_1_15' title="bbox 1435 545 2214 594">
     <span class='ocr_line' id='line_1_61' title="bbox 1435 545 2214 594; baseline 0.006 -6"><span class='ocrx_word' id='word_1_374' title='bbox 1435 545 1475 588; x_wconf 94' lang='lat' dir='ltr'>C</span> <span class='ocrx_word' id='word_1_375' title='bbox 1535 547 1575 589; x_wconf 90' lang='lat' dir='ltr'>A</span> <span class='ocrx_word' id='word_1_376' title='bbox 1639 547 1668 590; x_wconf 93' lang='lat' dir='ltr'>P</span> <span class='ocrx_word' id='word_1_377' title='bbox 1728 550 1771 590; x_wconf 94' lang='lat' dir='ltr'>U</span> <span class='ocrx_word' id='word_1_378' title='bbox 1832 549 1876 591; x_wconf 89' lang='lat' dir='ltr'><strong>T</strong></span> <span class='ocrx_word' id='word_1_379' title='bbox 1984 550 2214 594; x_wconf 84' lang='lat' dir='ltr'>LXXXII.</span> 
     </span>
    </p>
   </div>
   <div class='ocr_carea' id='block_1_8' title="bbox 1590 632 2059 689">
    <p class='ocr_par' dir='ltr' id='par_1_16' title="bbox 1590 632 2059 689">
     <span class='ocr_line' id='line_1_62' title="bbox 1590 632 2059 689; baseline 0.002 -12"><span class='ocrx_word' id='word_1_380' title='bbox 1590 634 1658 677; x_wconf 86' lang='lat' dir='ltr'>De</span> <span class='ocrx_word' id='word_1_381' title='bbox 1689 632 1844 689; x_wconf 79' lang='lat' dir='ltr'>ceffione</span> <span class='ocrx_word' id='word_1_382' title='bbox 1874 635 1919 677; x_wconf 88' lang='lat' dir='ltr'>in</span> <span class='ocrx_word' id='word_1_383' title='bbox 1947 635 2059 687; x_wconf 78' lang='lat' dir='ltr'>jure.</span> 
     </span>
    </p>
   </div>
   <div class='ocr_carea' id='block_1_9' title="bbox 1295 717 2346 1562">
    <p class='ocr_par' dir='ltr' id='par_1_17' title="bbox 1295 717 2346 1562">
     <span class='ocr_line' id='line_1_63' title="bbox 1406 717 2345 766; baseline 0.004 -5"><span class='ocrx_word' id='word_1_384' title='bbox 1406 717 1479 761; x_wconf 90' lang='lat' dir='ltr'>Lia</span> <span class='ocrx_word' id='word_1_385' title='bbox 1504 718 1609 763; x_wconf 88' lang='lat' dir='ltr'>ratio</span> <span class='ocrx_word' id='word_1_386' title='bbox 1641 719 1828 762; x_wconf 85' lang='lat' dir='ltr'>mutandi</span> <span class='ocrx_word' id='word_1_387' title='bbox 1850 718 2028 762; x_wconf 89' lang='lat' dir='ltr'>dominii</span> <span class='ocrx_word' id='word_1_388' title='bbox 2053 720 2130 763; x_wconf 82' lang='lat' dir='ltr'>fuit</span> <span class='ocrx_word' id='word_1_389' title='bbox 2155 723 2274 766; x_wconf 81' lang='lat' dir='ltr'>cessio</span> <span class='ocrx_word' id='word_1_390' title='bbox 2299 720 2345 765; x_wconf 89' lang='lat' dir='ltr'>in</span> 
     </span>
     <span class='ocr_line' id='line_1_64' title="bbox 1327 775 2343 837; baseline 0.004 -19"><span class='ocrx_word' id='word_1_391' title='bbox 1327 831 1331 837; x_wconf 18' lang='grc' dir='ltr'>ἡ</span> <span class='ocrx_word' id='word_1_392' title='bbox 1437 775 1548 830; x_wconf 84' lang='lat' dir='ltr'>jure,</span> <span class='ocrx_word' id='word_1_393' title='bbox 1581 792 1669 834; x_wconf 82' lang='lat' dir='ltr'>quae</span> <span class='ocrx_word' id='word_1_394' title='bbox 1701 776 1937 819; x_wconf 84' lang='lat' dir='ltr'>communis</span> <span class='ocrx_word' id='word_1_395' title='bbox 1963 790 2048 819; x_wconf 88' lang='lat' dir='ltr'>erat</span> <span class='ocrx_word' id='word_1_396' title='bbox 2078 779 2192 822; x_wconf 73' lang='lat' dir='ltr'>rebus</span> <span class='ocrx_word' id='word_1_397' title='bbox 2221 794 2343 822; x_wconf 85' lang='lat' dir='ltr'>man·</span> 
     </span>
     <span class='ocr_line' id='line_1_65' title="bbox 1297 833 2345 891; baseline 0.005 -18"><span class='ocrx_word' id='word_1_398' title='bbox 1297 833 1410 886; x_wconf 88' lang='lat' dir='ltr'>cipi,</span> <span class='ocrx_word' id='word_1_399' title='bbox 1443 833 1486 877; x_wconf 88' lang='lat'>&amp;</span> <span class='ocrx_word' id='word_1_400' title='bbox 1532 850 1605 878; x_wconf 92' lang='lat' dir='ltr'>nec</span> <span class='ocrx_word' id='word_1_401' title='bbox 1633 834 1841 889; x_wconf 88' lang='lat' dir='ltr'>mancipi.</span> <span class='ocrx_word' id='word_1_402' title='bbox 1880 835 1942 890; x_wconf 79' lang='lat' dir='ltr'>(g)</span> <span class='ocrx_word' id='word_1_403' title='bbox 1981 836 2060 876; x_wconf 87' lang='lat' dir='ltr'>Res</span> <span class='ocrx_word' id='word_1_404' title='bbox 2098 836 2226 891; x_wconf 83' lang='lat' dir='ltr'>igitur</span> <span class='ocrx_word' id='word_1_405' title='bbox 2270 851 2345 879; x_wconf 90' lang='lat' dir='ltr'>nec</span> 
     </span>
     <span class='ocr_line' id='line_1_66' title="bbox 1300 891 2345 945; baseline 0.004 -14"><span class='ocrx_word' id='word_1_406' title='bbox 1300 891 1480 945; x_wconf 86' lang='lat' dir='ltr'>mancipi</span> <span class='ocrx_word' id='word_1_407' title='bbox 1509 903 1671 934; x_wconf 85' lang='lat' dir='ltr'>tantum</span> <span class='ocrx_word' id='word_1_408' title='bbox 1701 907 1767 944; x_wconf 85' lang='lat' dir='ltr'>pei·</span> <span class='ocrx_word' id='word_1_409' title='bbox 1791 891 2010 934; x_wconf 83' lang='lat' dir='ltr'>cessionem</span> <span class='ocrx_word' id='word_1_410' title='bbox 2037 891 2079 935; x_wconf 86' lang='lat' dir='ltr'>in</span> <span class='ocrx_word' id='word_1_411' title='bbox 2097 891 2182 942; x_wconf 83' lang='lat' dir='ltr'>jure</span> <span class='ocrx_word' id='word_1_412' title='bbox 2211 905 2345 935; x_wconf 84' lang='lat' dir='ltr'>trans·</span> 
     </span>
     <span class='ocr_line' id='line_1_67' title="bbox 1298 944 2341 1004; baseline 0.006 -17"><span class='ocrx_word' id='word_1_413' title='bbox 1298 944 1557 1002; x_wconf 88' lang='lat' dir='ltr'>ferebantur,</span> <span class='ocrx_word' id='word_1_414' title='bbox 1580 948 1711 992; x_wconf 88' lang='lat' dir='ltr'>veluti</span> <span class='ocrx_word' id='word_1_415' title='bbox 1741 947 1835 991; x_wconf 83' lang='lat' dir='ltr'>ferae</span> <span class='ocrx_word' id='word_1_416' title='bbox 1861 949 2017 1002; x_wconf 69' lang='lat' dir='ltr'>bestiae,</span> <span class='ocrx_word' id='word_1_417' title='bbox 2046 949 2182 993; x_wconf 54' lang='lat' dir='ltr'>leons</span> <span class='ocrx_word' id='word_1_418' title='bbox 2203 982 2214 1004; x_wconf 87' lang='lat'>‚</span> <span class='ocrx_word' id='word_1_419' title='bbox 2249 950 2341 1004; x_wconf 79' lang='lat' dir='ltr'>ursi,</span> 
     </span>
     <span class='ocr_line' id='line_1_68' title="bbox 1295 1003 2341 1060; baseline 0.005 -15"><span class='ocrx_word' id='word_1_420' title='bbox 1295 1003 1339 1046; x_wconf 83' lang='lat'>&amp;</span> <span class='ocrx_word' id='word_1_421' title='bbox 1383 1004 1530 1047; x_wconf 84' lang='lat' dir='ltr'>similia</span> <span class='ocrx_word' id='word_1_422' title='bbox 1558 1021 1570 1058; x_wconf 80' lang='lat'>3</span> <span class='ocrx_word' id='word_1_423' title='bbox 1603 1021 1777 1060; x_wconf 90' lang='lat' dir='ltr'>quorum</span> <span class='ocrx_word' id='word_1_424' title='bbox 1818 1005 1929 1048; x_wconf 90' lang='lat' dir='ltr'>sicuti</span> <span class='ocrx_word' id='word_1_425' title='bbox 1970 1022 2054 1048; x_wconf 87' lang='lat' dir='ltr'>non</span> <span class='ocrx_word' id='word_1_426' title='bbox 2101 1009 2341 1060; x_wconf 84' lang='lat' dir='ltr'>retinemus,</span> 
     </span>
     <span class='ocr_line' id='line_1_69' title="bbox 1299 1062 2340 1115; baseline 0.006 -13"><span class='ocrx_word' id='word_1_427' title='bbox 1299 1062 1352 1103; x_wconf 86' lang='lat' dir='ltr'>ita</span> <span class='ocrx_word' id='word_1_428' title='bbox 1384 1077 1457 1104; x_wconf 91' lang='lat' dir='ltr'>nec</span> <span class='ocrx_word' id='word_1_429' title='bbox 1484 1062 1766 1105; x_wconf 80' lang='lat' dir='ltr'>transferimus</span> <span class='ocrx_word' id='word_1_430' title='bbox 1785 1062 2021 1106; x_wconf 89' lang='lat' dir='ltr'>dominium</span> <span class='ocrx_word' id='word_1_431' title='bbox 2040 1095 2052 1115; x_wconf 87' lang='lat'>,</span> <span class='ocrx_word' id='word_1_432' title='bbox 2086 1063 2146 1106; x_wconf 91' lang='lat' dir='ltr'>sed</span> <span class='ocrx_word' id='word_1_433' title='bbox 2175 1077 2340 1108; x_wconf 86' lang='lat' dir='ltr'>tantum</span> 
     </span>
     <span class='ocr_line' id='line_1_70' title="bbox 1298 1117 2343 1176; baseline 0.005 -17"><span class='ocrx_word' id='word_1_434' title='bbox 1298 1117 1597 1171; x_wconf 77' lang='lat' dir='ltr'>possessionem:</span> <span class='ocrx_word' id='word_1_435' title='bbox 1633 1121 1787 1163; x_wconf 89' lang='lat' dir='ltr'>etenim</span> <span class='ocrx_word' id='word_1_436' title='bbox 1823 1119 1916 1175; x_wconf 80' lang='lat' dir='ltr'>fuga</span> <span class='ocrx_word' id='word_1_437' title='bbox 1945 1118 2020 1163; x_wconf 83' lang='lat' dir='ltr'>sese</span> <span class='ocrx_word' id='word_1_438' title='bbox 2050 1121 2225 1176; x_wconf 88' lang='lat' dir='ltr'>recipere</span> <span class='ocrx_word' id='word_1_439' title='bbox 2255 1122 2343 1176; x_wconf 88' lang='lat' dir='ltr'>pos-</span> 
     </span>
     <span class='ocr_line' id='line_1_71' title="bbox 1299 1175 2346 1232; baseline 0.005 -15"><span class='ocrx_word' id='word_1_440' title='bbox 1299 1175 1387 1218; x_wconf 90' lang='lat' dir='ltr'>sunt</span> <span class='ocrx_word' id='word_1_441' title='bbox 1431 1176 1477 1220; x_wconf 89' lang='lat' dir='ltr'>in</span> <span class='ocrx_word' id='word_1_442' title='bbox 1509 1177 1773 1230; x_wconf 85' lang='lat' dir='ltr'>libertatem,</span> <span class='ocrx_word' id='word_1_443' title='bbox 1807 1175 1832 1218; x_wconf 86' lang='lat' dir='ltr'>si</span> <span class='ocrx_word' id='word_1_444' title='bbox 1869 1175 1992 1220; x_wconf 81' lang='lat' dir='ltr'>essent</span> <span class='ocrx_word' id='word_1_445' title='bbox 2026 1177 2228 1232; x_wconf 82' lang='lat' dir='ltr'>mobiles3</span> <span class='ocrx_word' id='word_1_446' title='bbox 2261 1180 2346 1222; x_wconf 84' lang='lat' dir='ltr'>im-</span> 
     </span>
     <span class='ocr_line' id='line_1_72' title="bbox 1296 1233 2342 1290; baseline 0.003 -16"><span class='ocrx_word' id='word_1_447' title='bbox 1296 1233 1472 1278; x_wconf 89' lang='lat' dir='ltr'>mobiles</span> <span class='ocrx_word' id='word_1_448' title='bbox 1509 1251 1606 1278; x_wconf 90' lang='lat' dir='ltr'>vero</span> <span class='ocrx_word' id='word_1_449' title='bbox 1636 1251 1704 1290; x_wconf 89' lang='lat' dir='ltr'>per</span> <span class='ocrx_word' id='word_1_450' title='bbox 1729 1235 1882 1278; x_wconf 75' lang='lat' dir='ltr'>nudam</span> <span class='ocrx_word' id='word_1_451' title='bbox 1912 1235 2178 1278; x_wconf 85' lang='lat' dir='ltr'>traditionem</span> <span class='ocrx_word' id='word_1_452' title='bbox 2197 1267 2206 1277; x_wconf 91' lang='lat'><em>.</em></span> <span class='ocrx_word' id='word_1_453' title='bbox 2242 1236 2342 1278; x_wconf 89' lang='lat' dir='ltr'>Por-</span> 
     </span>
     <span class='ocr_line' id='line_1_73' title="bbox 1298 1292 2337 1336; baseline 0.001 -3"><span class='ocrx_word' id='word_1_454' title='bbox 1298 1307 1339 1333; x_wconf 86' lang='lat' dir='ltr'>ro</span> <span class='ocrx_word' id='word_1_455' title='bbox 1369 1292 1410 1334; x_wconf 89' lang='lat' dir='ltr'>in</span> <span class='ocrx_word' id='word_1_456' title='bbox 1444 1293 1616 1336; x_wconf 82' lang='lat' dir='ltr'>cessione</span> <span class='ocrx_word' id='word_1_457' title='bbox 1644 1305 1723 1336; x_wconf 88' lang='lat' dir='ltr'>tres</span> <span class='ocrx_word' id='word_1_458' title='bbox 1745 1292 2107 1335; x_wconf 87' lang='lat' dir='ltr'>interveniebant:</span> <span class='ocrx_word' id='word_1_459' title='bbox 2145 1292 2337 1336; x_wconf 82' lang='lat' dir='ltr'>dominus</span> 
     </span>
     <span class='ocr_line' id='line_1_74' title="bbox 1295 1348 2344 1404; baseline 0.002 -14"><span class='ocrx_word' id='word_1_460' title='bbox 1295 1348 1367 1404; x_wconf 88' lang='lat' dir='ltr'>qui</span> <span class='ocrx_word' id='word_1_461' title='bbox 1406 1349 1570 1392; x_wconf 73' lang='lat' dir='ltr'>cedebat</span> <span class='ocrx_word' id='word_1_462' title='bbox 1607 1381 1620 1402; x_wconf 92' lang='lat'>‚</span> <span class='ocrx_word' id='word_1_463' title='bbox 1653 1350 1685 1392; x_wconf 90' lang='lat' dir='ltr'>is</span> <span class='ocrx_word' id='word_1_464' title='bbox 1716 1349 1780 1392; x_wconf 91' lang='lat' dir='ltr'>cui</span> <span class='ocrx_word' id='word_1_465' title='bbox 1819 1350 2033 1392; x_wconf 86' lang='lat' dir='ltr'>cedebatur</span> <span class='ocrx_word' id='word_1_466' title='bbox 2058 1381 2070 1401; x_wconf 92' lang='lat'><em>‚</em></span> <span class='ocrx_word' id='word_1_467' title='bbox 2100 1350 2143 1392; x_wconf 73' lang='grc' dir='ltr'>ὃ(</span> <span class='ocrx_word' id='word_1_468' title='bbox 2191 1350 2344 1392; x_wconf 87' lang='lat' dir='ltr'>Praetor</span> 
     </span>
     <span class='ocr_line' id='line_1_75' title="bbox 1295 1405 2336 1461; baseline 0.002 -14"><span class='ocrx_word' id='word_1_469' title='bbox 1295 1405 1362 1460; x_wconf 91' lang='lat' dir='ltr'>qui</span> <span class='ocrx_word' id='word_1_470' title='bbox 1399 1406 1632 1460; x_wconf 87' lang='lat' dir='ltr'>addicebat,</span> <span class='ocrx_word' id='word_1_471' title='bbox 1669 1407 1731 1448; x_wconf 88' lang='lat' dir='ltr'>vel</span> <span class='ocrx_word' id='word_1_472' title='bbox 1776 1407 1914 1449; x_wconf 82' lang='lat' dir='ltr'>Praeses</span> <span class='ocrx_word' id='word_1_473' title='bbox 1949 1406 2195 1460; x_wconf 86' lang='lat' dir='ltr'>provinciae:</span> <span class='ocrx_word' id='word_1_474' title='bbox 2230 1405 2336 1461; x_wconf 89' lang='lat' dir='ltr'>apud</span> 
     </span>
     <span class='ocr_line' id='line_1_76' title="bbox 1295 1463 2341 1562; baseline 0.002 -58"><span class='ocrx_word' id='word_1_475' title='bbox 1295 1463 1477 1562; x_wconf 59' lang='lat' dir='ltr'>quosbis,</span> <span class='ocrx_word' id='word_1_476' title='bbox 1511 1465 1575 1507; x_wconf 90' lang='lat' dir='ltr'>cui</span> <span class='ocrx_word' id='word_1_477' title='bbox 1599 1463 1841 1517; x_wconf 70' lang='lat' dir='ltr'>cedebatur,</span> <span class='ocrx_word' id='word_1_478' title='bbox 1875 1479 1961 1507; x_wconf 91' lang='lat' dir='ltr'>rem</span> <span class='ocrx_word' id='word_1_479' title='bbox 1990 1477 2133 1507; x_wconf 88' lang='lat' dir='ltr'>tenens</span> <span class='ocrx_word' id='word_1_480' title='bbox 2165 1463 2222 1506; x_wconf 86' lang='lat' dir='ltr'>ita</span> <span class='ocrx_word' id='word_1_481' title='bbox 2246 1464 2341 1506; x_wconf 87' lang='lat' dir='ltr'>vin-</span> 
     </span>
     <span class='ocr_line' id='line_1_77' title="bbox 1323 1533 1493 1562; baseline 0 0"><span class='ocrx_word' id='word_1_482' title='bbox 1323 1536 1380 1562; x_wconf 85' lang='lat' dir='ltr'>ica</span> <span class='ocrx_word' id='word_1_483' title='bbox 1414 1533 1454 1562; x_wconf 86' lang='lat' dir='ltr'>at</span> <span class='ocrx_word' id='word_1_484' title='bbox 1483 1537 1493 1562; x_wconf 89' lang='lat'>:</span> 
     </span>
    </p>
   </div>
   <div class='ocr_carea' id='block_1_10' title="bbox 1377 1577 2333 1655">
    <p class='ocr_par' dir='ltr' id='par_1_18' title="bbox 1377 1577 2333 1655">
     <span class='ocr_line' id='line_1_78' title="bbox 1377 1577 2333 1655; baseline 0.002 -23"><span class='ocrx_word' id='word_1_485' title='bbox 1377 1581 1528 1633; x_wconf 81' lang='lat' dir='ltr'>Hanc</span> <span class='ocrx_word' id='word_1_486' title='bbox 1571 1599 1668 1653; x_wconf 80' lang='lat' dir='ltr'>ego</span> <span class='ocrx_word' id='word_1_487' title='bbox 1712 1599 1824 1634; x_wconf 90' lang='lat' dir='ltr'>rem</span> <span class='ocrx_word' id='word_1_488' title='bbox 1888 1599 1954 1633; x_wconf 86' lang='lat' dir='ltr'>ex</span> <span class='ocrx_word' id='word_1_489' title='bbox 1995 1577 2105 1649; x_wconf 78' lang='lat' dir='ltr'>jure</span> <span class='ocrx_word' id='word_1_490' title='bbox 2146 1579 2333 1655; x_wconf 78' lang='lat' dir='ltr'>Quiri-</span> 
     </span>
    </p>
   </div>
   <div class='ocr_carea' id='block_1_11' title="bbox 1292 1656 2344 2818">
    <p class='ocr_par' dir='ltr' id='par_1_19' title="bbox 1299 1656 1951 1727">
     <span class='ocr_line' id='line_1_79' title="bbox 1299 1656 1951 1727; baseline 0.005 -19"><span class='ocrx_word' id='word_1_491' title='bbox 1299 1672 1431 1709; x_wconf 80' lang='lat' dir='ltr'>tium</span> <span class='ocrx_word' id='word_1_492' title='bbox 1478 1677 1652 1712; x_wconf 84' lang='lat' dir='ltr'>meam</span> <span class='ocrx_word' id='word_1_493' title='bbox 1695 1656 1790 1712; x_wconf 78' lang='lat' dir='ltr'>esse</span> <span class='ocrx_word' id='word_1_494' title='bbox 1831 1677 1951 1727; x_wconf 66' lang='lat' dir='ltr'>aio.</span> 
     </span>
    </p>

    <p class='ocr_par' dir='ltr' id='par_1_20' title="bbox 1292 1731 2344 2818">
     <span class='ocr_line' id='line_1_80' title="bbox 1357 1731 2343 1788; baseline 0 -14"><span class='ocrx_word' id='word_1_495' title='bbox 1357 1732 1491 1776; x_wconf 83' lang='lat' dir='ltr'>Postea</span> <span class='ocrx_word' id='word_1_496' title='bbox 1529 1735 1675 1777; x_wconf 67' lang='lat' dir='ltr'>l‘raetor</span> <span class='ocrx_word' id='word_1_497' title='bbox 1699 1767 1712 1788; x_wconf 95' lang='lat'>,</span> <span class='ocrx_word' id='word_1_498' title='bbox 1745 1734 1962 1777; x_wconf 82' lang='lat' dir='ltr'>conversus</span> <span class='ocrx_word' id='word_1_499' title='bbox 2002 1733 2048 1775; x_wconf 84' lang='lat' dir='ltr'>ad</span> <span class='ocrx_word' id='word_1_500' title='bbox 2085 1731 2296 1777; x_wconf 86' lang='lat' dir='ltr'>cedentem</span> <span class='ocrx_word' id='word_1_501' title='bbox 2329 1761 2343 1784; x_wconf 85' lang='lat'>‚</span> 
     </span>
     <span class='ocr_line' id='line_1_81' title="bbox 1299 1788 2344 1845; baseline 0.001 -16"><span class='ocrx_word' id='word_1_502' title='bbox 1299 1788 1576 1845; x_wconf 82' lang='lat' dir='ltr'>interrogabat</span> <span class='ocrx_word' id='word_1_503' title='bbox 1597 1823 1608 1844; x_wconf 86' lang='lat'><strong>‚</strong></span> <span class='ocrx_word' id='word_1_504' title='bbox 1637 1808 1687 1834; x_wconf 88' lang='lat' dir='ltr'>an</span> <span class='ocrx_word' id='word_1_505' title='bbox 1721 1804 1865 1835; x_wconf 89' lang='lat' dir='ltr'>contra</span> <span class='ocrx_word' id='word_1_506' title='bbox 1897 1790 2124 1833; x_wconf 89' lang='lat' dir='ltr'>vindicaret</span> <span class='ocrx_word' id='word_1_507' title='bbox 2145 1822 2158 1844; x_wconf 97' lang='lat'>,</span> <span class='ocrx_word' id='word_1_508' title='bbox 2191 1791 2234 1832; x_wconf 73' lang='grc' dir='ltr'>ἃ</span> <span class='ocrx_word' id='word_1_509' title='bbox 2267 1788 2344 1831; x_wconf 81' lang='lat' dir='ltr'>sese</span> 
     </span>
     <span class='ocr_line' id='line_1_82' title="bbox 1297 1845 2340 1905; baseline -0.001 -17"><span class='ocrx_word' id='word_1_510' title='bbox 1297 1861 1548 1900; x_wconf 87' lang='lat' dir='ltr'>opponeret:</span> <span class='ocrx_word' id='word_1_511' title='bbox 1582 1849 1649 1905; x_wconf 90' lang='lat' dir='ltr'>qui</span> <span class='ocrx_word' id='word_1_512' title='bbox 1682 1848 1706 1891; x_wconf 88' lang='lat' dir='ltr'>si</span> <span class='ocrx_word' id='word_1_513' title='bbox 1734 1859 1909 1900; x_wconf 82' lang='lat' dir='ltr'>taceret,</span> <span class='ocrx_word' id='word_1_514' title='bbox 1943 1860 2013 1890; x_wconf 89' lang='lat' dir='ltr'>aut</span> <span class='ocrx_word' id='word_1_515' title='bbox 2042 1847 2114 1890; x_wconf 87' lang='lat' dir='ltr'>sese</span> <span class='ocrx_word' id='word_1_516' title='bbox 2134 1845 2340 1902; x_wconf 86' lang='lat' dir='ltr'>oppositu·</span> 
     </span>
     <span class='ocr_line' id='line_1_83' title="bbox 1298 1903 2342 1959; baseline 0 -15"><span class='ocrx_word' id='word_1_517' title='bbox 1298 1919 1388 1946; x_wconf 91' lang='lat' dir='ltr'>rum</span> <span class='ocrx_word' id='word_1_518' title='bbox 1417 1918 1610 1959; x_wconf 81' lang='lat' dir='ltr'>negaret,</span> <span class='ocrx_word' id='word_1_519' title='bbox 1647 1907 1795 1948; x_wconf 84' lang='lat' dir='ltr'>Praetor</span> <span class='ocrx_word' id='word_1_520' title='bbox 1827 1904 2024 1947; x_wconf 90' lang='lat' dir='ltr'>vindicati</span> <span class='ocrx_word' id='word_1_521' title='bbox 2059 1919 2144 1947; x_wconf 87' lang='lat' dir='ltr'>rem</span> <span class='ocrx_word' id='word_1_522' title='bbox 2181 1903 2342 1946; x_wconf 87' lang='lat' dir='ltr'>addice-</span> 
     </span>
     <span class='ocr_line' id='line_1_84' title="bbox 1295 1958 2341 2017; baseline 0.002 -16"><span class='ocrx_word' id='word_1_523' title='bbox 1295 1960 1388 2012; x_wconf 79' lang='lat' dir='ltr'>bat3</span> <span class='ocrx_word' id='word_1_524' title='bbox 1423 1978 1546 2017; x_wconf 87' lang='lat' dir='ltr'>quem</span> <span class='ocrx_word' id='word_1_525' title='bbox 1588 1962 1725 2006; x_wconf 68' lang='lat' dir='ltr'>aStum</span> <span class='ocrx_word' id='word_1_526' title='bbox 1769 1962 1876 2004; x_wconf 88' lang='lat' dir='ltr'>inter</span> <span class='ocrx_word' id='word_1_527' title='bbox 1914 1961 2014 2016; x_wconf 87' lang='lat' dir='ltr'>legis</span> <span class='ocrx_word' id='word_1_528' title='bbox 2053 1961 2260 2013; x_wconf 69' lang='lat' dir='ltr'>affiones,</span> <span class='ocrx_word' id='word_1_529' title='bbox 2296 1958 2341 2002; x_wconf 87' lang='lat'>&amp;</span> 
     </span>
     <span class='ocr_line' id='line_1_85' title="bbox 1295 2017 2337 2074; baseline 0.002 -16"><span class='ocrx_word' id='word_1_530' title='bbox 1295 2017 1404 2061; x_wconf 62' lang='lat' dir='ltr'>astus</span> <span class='ocrx_word' id='word_1_531' title='bbox 1426 2020 1634 2074; x_wconf 84' lang='lat' dir='ltr'>legitimos</span> <span class='ocrx_word' id='word_1_532' title='bbox 1655 2018 1848 2063; x_wconf 86' lang='lat' dir='ltr'>Boethius</span> <span class='ocrx_word' id='word_1_533' title='bbox 1872 2018 2037 2062; x_wconf 86' lang='lat' dir='ltr'>locavit.</span> <span class='ocrx_word' id='word_1_534' title='bbox 2052 2019 2116 2070; x_wconf 84' lang='lat' dir='ltr'>(h)</span> <span class='ocrx_word' id='word_1_535' title='bbox 2138 2019 2258 2060; x_wconf 88' lang='lat' dir='ltr'>Nunc</span> <span class='ocrx_word' id='word_1_536' title='bbox 2276 2031 2337 2060; x_wconf 85' lang='lat' dir='ltr'>re-</span> 
     </span>
     <span class='ocr_line' id='line_1_86' title="bbox 1293 2073 2335 2131; baseline 0 -15"><span class='ocrx_word' id='word_1_537' title='bbox 1293 2074 1458 2119; x_wconf 80' lang='lat' dir='ltr'>deamus</span> <span class='ocrx_word' id='word_1_538' title='bbox 1488 2077 1534 2119; x_wconf 88' lang='lat' dir='ltr'>ad</span> <span class='ocrx_word' id='word_1_539' title='bbox 1562 2077 1941 2129; x_wconf 89' lang='lat' dir='ltr'>mancipationem.</span> <span class='ocrx_word' id='word_1_540' title='bbox 1975 2075 2212 2131; x_wconf 81' lang='lat' dir='ltr'>Aliquando</span> <span class='ocrx_word' id='word_1_541' title='bbox 2243 2073 2335 2130; x_wconf 85' lang='lat' dir='ltr'>quis</span> 
     </span>
     <span class='ocr_line' id='line_1_87' title="bbox 1296 2132 2338 2187; baseline 0 -14"><span class='ocrx_word' id='word_1_542' title='bbox 1296 2148 1379 2175; x_wconf 90' lang='lat' dir='ltr'>non</span> <span class='ocrx_word' id='word_1_543' title='bbox 1402 2134 1689 2187; x_wconf 83' lang='lat' dir='ltr'>mancipabat,</span> <span class='ocrx_word' id='word_1_544' title='bbox 1713 2133 1790 2177; x_wconf 88' lang='lat' dir='ltr'>sive</span> <span class='ocrx_word' id='word_1_545' title='bbox 1811 2148 1894 2176; x_wconf 85' lang='lat' dir='ltr'>non</span> <span class='ocrx_word' id='word_1_546' title='bbox 1918 2132 2123 2176; x_wconf 88' lang='lat' dir='ltr'>alienabat</span> <span class='ocrx_word' id='word_1_547' title='bbox 2152 2147 2236 2175; x_wconf 83' lang='lat' dir='ltr'>rem</span> <span class='ocrx_word' id='word_1_548' title='bbox 2253 2163 2264 2182; x_wconf 88' lang='lat'>‚</span> <span class='ocrx_word' id='word_1_549' title='bbox 2292 2141 2338 2174; x_wconf 90' lang='lat' dir='ltr'>ut</span> 
     </span>
     <span class='ocr_line' id='line_1_88' title="bbox 1293 2189 2338 2246; baseline -0.002 -15"><span class='ocrx_word' id='word_1_550' title='bbox 1293 2190 1333 2231; x_wconf 88' lang='lat' dir='ltr'>in</span> <span class='ocrx_word' id='word_1_551' title='bbox 1377 2205 1618 2246; x_wconf 85' lang='lat' dir='ltr'>perpetuum</span> <span class='ocrx_word' id='word_1_552' title='bbox 1656 2191 1782 2234; x_wconf 88' lang='lat' dir='ltr'>vellet</span> <span class='ocrx_word' id='word_1_553' title='bbox 1821 2189 1904 2242; x_wconf 80' lang='lat' dir='ltr'>ejus</span> <span class='ocrx_word' id='word_1_554' title='bbox 1939 2191 1989 2233; x_wconf 91' lang='lat' dir='ltr'>ab</span> <span class='ocrx_word' id='word_1_555' title='bbox 2034 2189 2109 2232; x_wconf 89' lang='lat' dir='ltr'>sese</span> <span class='ocrx_word' id='word_1_556' title='bbox 2152 2189 2338 2232; x_wconf 86' lang='lat' dir='ltr'>abdicare</span> 
     </span>
     <span class='ocr_line' id='line_1_89' title="bbox 1296 2247 2338 2300; baseline 0 -13"><span class='ocrx_word' id='word_1_557' title='bbox 1296 2247 1558 2298; x_wconf 80' lang='lat' dir='ltr'>dominium,</span> <span class='ocrx_word' id='word_1_558' title='bbox 1592 2249 1651 2291; x_wconf 92' lang='lat' dir='ltr'>sed</span> <span class='ocrx_word' id='word_1_559' title='bbox 1680 2265 1729 2291; x_wconf 88' lang='lat' dir='ltr'>eo</span> <span class='ocrx_word' id='word_1_560' title='bbox 1760 2248 1931 2300; x_wconf 85' lang='lat' dir='ltr'>animo,</span> <span class='ocrx_word' id='word_1_561' title='bbox 1965 2260 2008 2289; x_wconf 91' lang='lat' dir='ltr'>ut</span> <span class='ocrx_word' id='word_1_562' title='bbox 2044 2262 2132 2288; x_wconf 87' lang='lat' dir='ltr'>rem</span> <span class='ocrx_word' id='word_1_563' title='bbox 2159 2247 2205 2288; x_wconf 86' lang='lat' dir='ltr'>ad</span> <span class='ocrx_word' id='word_1_564' title='bbox 2233 2258 2338 2287; x_wconf 88' lang='lat' dir='ltr'>tem-</span> 
     </span>
     <span class='ocr_line' id='line_1_90' title="bbox 1300 2302 2335 2358; baseline -0.002 -12"><span class='ocrx_word' id='word_1_565' title='bbox 1300 2319 1369 2356; x_wconf 89' lang='lat' dir='ltr'>pus</span> <span class='ocrx_word' id='word_1_566' title='bbox 1392 2305 1494 2346; x_wconf 87' lang='lat' dir='ltr'>adse</span> <span class='ocrx_word' id='word_1_567' title='bbox 1523 2319 1755 2357; x_wconf 81' lang='lat' dir='ltr'>revocaret3</span> <span class='ocrx_word' id='word_1_568' title='bbox 1789 2304 1892 2347; x_wconf 90' lang='lat' dir='ltr'>forte</span> <span class='ocrx_word' id='word_1_569' title='bbox 1923 2319 2015 2358; x_wconf 86' lang='lat' dir='ltr'>quia</span> <span class='ocrx_word' id='word_1_570' title='bbox 2040 2302 2226 2356; x_wconf 84' lang='lat' dir='ltr'>juvaret,</span> <span class='ocrx_word' id='word_1_571' title='bbox 2259 2317 2335 2344; x_wconf 91' lang='lat' dir='ltr'>no-</span> 
     </span>
     <span class='ocr_line' id='line_1_91' title="bbox 1298 2358 2334 2415; baseline 0.001 -13"><span class='ocrx_word' id='word_1_572' title='bbox 1298 2376 1393 2403; x_wconf 89' lang='lat' dir='ltr'>men</span> <span class='ocrx_word' id='word_1_573' title='bbox 1415 2393 1427 2415; x_wconf 93' lang='lat'>,</span> <span class='ocrx_word' id='word_1_574' title='bbox 1459 2378 1505 2405; x_wconf 86' lang='lat' dir='ltr'>ac</span> <span class='ocrx_word' id='word_1_575' title='bbox 1533 2362 1764 2405; x_wconf 89' lang='lat' dir='ltr'>dominium</span> <span class='ocrx_word' id='word_1_576' title='bbox 1793 2361 1976 2404; x_wconf 88' lang='lat' dir='ltr'>alienum</span> <span class='ocrx_word' id='word_1_577' title='bbox 2004 2361 2251 2415; x_wconf 88' lang='lat' dir='ltr'>praetendere</span> <span class='ocrx_word' id='word_1_578' title='bbox 2276 2358 2334 2403; x_wconf 87' lang='lat' dir='ltr'>rei</span> 
     </span>
     <span class='ocr_line' id='line_1_92' title="bbox 1297 2415 2339 2473; baseline 0 -15"><span class='ocrx_word' id='word_1_579' title='bbox 1297 2417 1396 2464; x_wconf 69' lang='lat' dir='ltr'>suae,</span> <span class='ocrx_word' id='word_1_580' title='bbox 1431 2431 1474 2462; x_wconf 89' lang='lat' dir='ltr'>ut</span> <span class='ocrx_word' id='word_1_581' title='bbox 1510 2435 1602 2463; x_wconf 86' lang='lat' dir='ltr'>eam</span> <span class='ocrx_word' id='word_1_582' title='bbox 1630 2419 1692 2462; x_wconf 90' lang='lat' dir='ltr'>vel</span> <span class='ocrx_word' id='word_1_583' title='bbox 1722 2436 1742 2462; x_wconf 92' lang='lat' dir='ltr'>a</span> <span class='ocrx_word' id='word_1_584' title='bbox 1770 2420 1808 2461; x_wconf 89' lang='lat' dir='ltr'>vi</span> <span class='ocrx_word' id='word_1_585' title='bbox 1830 2419 2028 2473; x_wconf 83' lang='lat' dir='ltr'>eriperet,</span> <span class='ocrx_word' id='word_1_586' title='bbox 2061 2418 2124 2461; x_wconf 91' lang='lat' dir='ltr'>vel</span> <span class='ocrx_word' id='word_1_587' title='bbox 2157 2418 2208 2460; x_wconf 87' lang='lat' dir='ltr'>ab</span> <span class='ocrx_word' id='word_1_588' title='bbox 2241 2415 2339 2459; x_wconf 80' lang='lat' dir='ltr'>insi-</span> 
     </span>
     <span class='ocr_line' id='line_1_93' title="bbox 1294 2476 2334 2533; baseline 0.002 -17"><span class='ocrx_word' id='word_1_589' title='bbox 1294 2476 1401 2528; x_wconf 82' lang='lat' dir='ltr'>diis,</span> <span class='ocrx_word' id='word_1_590' title='bbox 1435 2476 1498 2519; x_wconf 87' lang='lat' dir='ltr'>vel</span> <span class='ocrx_word' id='word_1_591' title='bbox 1532 2493 1554 2519; x_wconf 92' lang='lat' dir='ltr'>a</span> <span class='ocrx_word' id='word_1_592' title='bbox 1594 2476 1871 2533; x_wconf 87' lang='lat' dir='ltr'>frequentibus</span> <span class='ocrx_word' id='word_1_593' title='bbox 1908 2491 2050 2519; x_wconf 91' lang='lat' dir='ltr'>eorum</span> <span class='ocrx_word' id='word_1_594' title='bbox 2097 2487 2334 2527; x_wconf 79' lang='lat' dir='ltr'>temporum</span> 
     </span>
     <span class='ocr_line' id='line_1_94' title="bbox 1297 2533 2334 2587; baseline -0.001 -13"><span class='ocrx_word' id='word_1_595' title='bbox 1297 2533 1683 2587; x_wconf 83' lang='lat' dir='ltr'>proscriptionibus.</span> <span class='ocrx_word' id='word_1_596' title='bbox 1722 2534 1816 2577; x_wconf 80' lang='lat' dir='ltr'>Ideo</span> <span class='ocrx_word' id='word_1_597' title='bbox 1843 2534 1979 2576; x_wconf 89' lang='lat' dir='ltr'>amico</span> <span class='ocrx_word' id='word_1_598' title='bbox 2003 2533 2124 2576; x_wconf 90' lang='lat' dir='ltr'>alicui</span> <span class='ocrx_word' id='word_1_599' title='bbox 2155 2533 2334 2587; x_wconf 84' lang='lat' dir='ltr'>probatae</span> 
     </span>
     <span class='ocr_line' id='line_1_95' title="bbox 1292 2589 2332 2644; baseline -0.003 -11"><span class='ocrx_word' id='word_1_600' title='bbox 1292 2590 1382 2633; x_wconf 88' lang='lat' dir='ltr'>fidei</span> <span class='ocrx_word' id='word_1_601' title='bbox 1414 2623 1426 2644; x_wconf 84' lang='lat'>,</span> <span class='ocrx_word' id='word_1_602' title='bbox 1459 2591 1645 2635; x_wconf 80' lang='lat' dir='ltr'>simulata</span> <span class='ocrx_word' id='word_1_603' title='bbox 1683 2591 1918 2635; x_wconf 89' lang='lat' dir='ltr'>venditione</span> <span class='ocrx_word' id='word_1_604' title='bbox 1951 2623 1963 2643; x_wconf 88' lang='lat'>,</span> <span class='ocrx_word' id='word_1_605' title='bbox 1996 2607 2065 2633; x_wconf 88' lang='lat' dir='ltr'>aut</span> <span class='ocrx_word' id='word_1_606' title='bbox 2108 2589 2332 2632; x_wconf 81' lang='lat' dir='ltr'>donatione</span> 
     </span>
     <span class='ocr_line' id='line_1_96' title="bbox 1293 2647 2334 2702; baseline -0.001 -13"><span class='ocrx_word' id='word_1_607' title='bbox 1293 2662 1360 2701; x_wconf 89' lang='lat' dir='ltr'>pei·</span> <span class='ocrx_word' id='word_1_608' title='bbox 1385 2663 1435 2691; x_wconf 80' lang='lat' dir='ltr'>aes</span> <span class='ocrx_word' id='word_1_609' title='bbox 1464 2649 1507 2692; x_wconf 87' lang='lat'>&amp;</span> <span class='ocrx_word' id='word_1_610' title='bbox 1530 2649 1677 2692; x_wconf 84' lang='lat' dir='ltr'>libram</span> <span class='ocrx_word' id='word_1_611' title='bbox 1696 2682 1707 2702; x_wconf 86' lang='lat'>,</span> <span class='ocrx_word' id='word_1_612' title='bbox 1728 2666 1775 2692; x_wconf 81' lang='lat' dir='ltr'>ei&lt;</span> <span class='ocrx_word' id='word_1_613' title='bbox 1808 2648 2021 2702; x_wconf 58' lang='lat' dir='ltr'>compano</span> <span class='ocrx_word' id='word_1_614' title='bbox 2049 2647 2256 2698; x_wconf 88' lang='lat' dir='ltr'>tradebat,</span> <span class='ocrx_word' id='word_1_615' title='bbox 2287 2656 2334 2688; x_wconf 91' lang='lat' dir='ltr'>ut</span> 
     </span>
     <span class='ocr_line' id='line_1_97' title="bbox 1294 2705 2334 2759; baseline -0.004 -12"><span class='ocrx_word' id='word_1_616' title='bbox 1294 2705 1376 2759; x_wconf 89' lang='lat' dir='ltr'>post</span> <span class='ocrx_word' id='word_1_617' title='bbox 1405 2719 1560 2749; x_wconf 89' lang='lat' dir='ltr'>certum</span> <span class='ocrx_word' id='word_1_618' title='bbox 1595 2721 1755 2758; x_wconf 82' lang='lat' dir='ltr'>tempus</span> <span class='ocrx_word' id='word_1_619' title='bbox 1775 2707 1944 2750; x_wconf 88' lang='lat' dir='ltr'>eandem</span> <span class='ocrx_word' id='word_1_620' title='bbox 1968 2721 2053 2747; x_wconf 90' lang='lat' dir='ltr'>rem</span> <span class='ocrx_word' id='word_1_621' title='bbox 2078 2717 2213 2747; x_wconf 89' lang='lat' dir='ltr'>emtor</span> <span class='ocrx_word' id='word_1_622' title='bbox 2234 2716 2334 2744; x_wconf 86' lang='lat' dir='ltr'>ven-</span> 
     </span>
     <span class='ocr_line' id='line_1_98' title="bbox 1295 2761 2329 2818; baseline -0.003 -14"><span class='ocrx_word' id='word_1_623' title='bbox 1295 2762 1417 2806; x_wconf 83' lang='lat' dir='ltr'>ditori</span> <span class='ocrx_word' id='word_1_624' title='bbox 1457 2764 1785 2818; x_wconf 82' lang='lat' dir='ltr'>remanciparet,</span> <span class='ocrx_word' id='word_1_625' title='bbox 1819 2763 1895 2806; x_wconf 70' lang='lat' dir='ltr'>sive</span> <span class='ocrx_word' id='word_1_626' title='bbox 1930 2763 2077 2804; x_wconf 88' lang='lat' dir='ltr'>iterum</span> <span class='ocrx_word' id='word_1_627' title='bbox 2120 2761 2329 2804; x_wconf 79' lang='lat' dir='ltr'>venderet:</span> 
     </span>
    </p>
   </div>
   <div class='ocr_carea' id='block_1_12' title="bbox 1288 2817 2332 2919">
    <p class='ocr_par' dir='ltr' id='par_1_21' title="bbox 1288 2817 2332 2919">
     <span class='ocr_line' id='line_1_99' title="bbox 1288 2817 2332 2877; baseline -0.003 -13"><span class='ocrx_word' id='word_1_628' title='bbox 1288 2835 1413 2877; x_wconf 85' lang='lat' dir='ltr'>eaque</span> <span class='ocrx_word' id='word_1_629' title='bbox 1443 2821 1697 2877; x_wconf 88' lang='lat' dir='ltr'>mancipatio</span> <span class='ocrx_word' id='word_1_630' title='bbox 1718 2821 1924 2864; x_wconf 85' lang='lat' dir='ltr'>dicebatur</span> <span class='ocrx_word' id='word_1_631' title='bbox 1939 2817 2128 2873; x_wconf 78' lang='lat' dir='ltr'>fiducia,</span> <span class='ocrx_word' id='word_1_632' title='bbox 2155 2817 2250 2874; x_wconf 90' lang='lat' dir='ltr'>quia</span> <span class='ocrx_word' id='word_1_633' title='bbox 2281 2833 2332 2861; x_wconf 87' lang='lat' dir='ltr'>ea</span> 
     </span>
     <span class='ocr_line' id='line_1_100' title="bbox 2225 2890 2327 2919; baseline -0.01 0"><span class='ocrx_word' id='word_1_634' title='bbox 2225 2890 2327 2919; x_wconf 88' lang='lat' dir='ltr'>con-</span> 
     </span>
    </p>
   </div>
   <div class='ocr_carea' id='block_1_13' title="bbox 1332 2951 2332 3074">
    <p class='ocr_par' dir='ltr' id='par_1_22' title="bbox 1332 2951 2332 3074">
     <span class='ocr_line' id='line_1_101' title="bbox 1332 2951 2332 3031; baseline -0.005 -8"><span class='ocrx_word' id='word_1_635' title='bbox 1332 2989 1388 3026; x_wconf 63' lang='grc' dir='ltr'>ω</span> <span class='ocrx_word' id='word_1_636' title='bbox 1417 2992 1441 3020; x_wconf 83' lang='lat' dir='ltr'>L</span> <span class='ocrx_word' id='word_1_637' title='bbox 1458 2951 2332 3031; x_wconf 66' lang='grc' dir='ltr'>ΓῙ-ῑῖΐζῖ-“““““-”“““’““</span> 
     </span>
     <span class='ocr_line' id='line_1_102' title="bbox 1332 3034 1812 3074; baseline 0 -8"><span class='ocrx_word' id='word_1_638' title='bbox 1332 3034 1393 3074; x_wconf 80' lang='lat' dir='ltr'>(f)</span> <span class='ocrx_word' id='word_1_639' title='bbox 1421 3034 1534 3068; x_wconf 77' lang='lat' dir='ltr'>Boeth.</span> <span class='ocrx_word' id='word_1_640' title='bbox 1560 3036 1595 3066; x_wconf 76' lang='lat' dir='ltr'>in</span> <span class='ocrx_word' id='word_1_641' title='bbox 1622 3036 1718 3067; x_wconf 61' lang='lat' dir='ltr'>rotie.</span> <span class='ocrx_word' id='word_1_642' title='bbox 1745 3034 1812 3069; x_wconf 65' lang='lat' dir='ltr'>cic.</span> 
     </span>
    </p>
   </div>
   <div class='ocr_carea' id='block_1_14' title="bbox 1263 3079 2331 3169">
    <p class='ocr_par' dir='ltr' id='par_1_23' title="bbox 1263 3079 2331 3169">
     <span class='ocr_line' id='line_1_103' title="bbox 1335 3079 1968 3123; baseline -0.003 -11"><span class='ocrx_word' id='word_1_643' title='bbox 1335 3079 1396 3120; x_wconf 80' lang='lat' dir='ltr'>(g)</span> <span class='ocrx_word' id='word_1_644' title='bbox 1423 3080 1500 3122; x_wconf 80' lang='lat' dir='ltr'>Uip.</span> <span class='ocrx_word' id='word_1_645' title='bbox 1537 3081 1650 3118; x_wconf 63' lang='lat' dir='ltr'>time).</span> <span class='ocrx_word' id='word_1_646' title='bbox 1671 3082 1697 3123; x_wconf 84' lang='lat'>§.</span> <span class='ocrx_word' id='word_1_647' title='bbox 1716 3080 1749 3111; x_wconf 76' lang='lat' dir='ltr'>in</span> <span class='ocrx_word' id='word_1_648' title='bbox 1764 3079 1834 3119; x_wconf 76' lang='lat' dir='ltr'>iure</span> <span class='ocrx_word' id='word_1_649' title='bbox 1859 3079 1968 3123; x_wconf 76' lang='lat' dir='ltr'>coffio.</span> 
     </span>
     <span class='ocr_line' id='line_1_104' title="bbox 1263 3121 2331 3169; baseline 0.003 -15"><span class='ocrx_word' id='word_1_650' title='bbox 1263 3128 1269 3165; x_wconf 63' lang='lat' dir='ltr'>i</span> <span class='ocrx_word' id='word_1_651' title='bbox 1336 3125 1394 3162; x_wconf 72' lang='lat' dir='ltr'>(h)</span> <span class='ocrx_word' id='word_1_652' title='bbox 1424 3126 1465 3155; x_wconf 78' lang='lat' dir='ltr'>In</span> <span class='ocrx_word' id='word_1_653' title='bbox 1497 3126 1592 3164; x_wconf 68' lang='lat' dir='ltr'>copie.</span> <span class='ocrx_word' id='word_1_654' title='bbox 1611 3125 1669 3157; x_wconf 69' lang='lat' dir='ltr'>cic</span> <span class='ocrx_word' id='word_1_655' title='bbox 1700 3126 1786 3158; x_wconf 76' lang='lat' dir='ltr'>Briss.</span> <span class='ocrx_word' id='word_1_656' title='bbox 1802 3124 1900 3165; x_wconf 78' lang='lat' dir='ltr'>lib.5.</span> <span class='ocrx_word' id='word_1_657' title='bbox 1928 3123 2140 3169; x_wconf 75' lang='lat' dir='ltr'>deformuh&#39;s·</span> <span class='ocrx_word' id='word_1_658' title='bbox 2169 3121 2331 3158; x_wconf 62' lang='lat' dir='ltr'>Efabe?</span> 
     </span>
    </p>
   </div>
   <div class='ocr_carea' id='block_1_15' title="bbox 1255 3167 1708 3213">
    <p class='ocr_par' dir='ltr' id='par_1_24' title="bbox 1255 3167 1708 3213">
     <span class='ocr_line' id='line_1_105' title="bbox 1255 3167 1708 3213; baseline 0.009 -13"><span class='ocrx_word' id='word_1_659' title='bbox 1255 3171 1272 3213; x_wconf 55' lang='lat' dir='ltr'><em>g</em></span> <span class='ocrx_word' id='word_1_660' title='bbox 1290 3167 1390 3204; x_wconf 61' lang='lat' dir='ltr'>liba..</span> <span class='ocrx_word' id='word_1_661' title='bbox 1413 3168 1563 3211; x_wconf 72' lang='lat' dir='ltr'>semestr.</span> <span class='ocrx_word' id='word_1_662' title='bbox 1582 3177 1708 3213; x_wconf 75' lang='lat' dir='ltr'>cap-23.</span> 
     </span>
    </p>
   </div>
  </div>
 </body>
</html>
