2596 3479
598 72 647 123 E
689 64 980 122 T--2-·x11.
1076 65 1132 117 T
1179 63 1229 116 A
1275 66 1318 120 B
1360 62 1417 118 U
1474 64 1522 117 L
1563 62 1615 117 A
1654 20 1711 116 'R
1752 61 1949 117 ΠΜ.

210 149 397 196 Labeone
441 143 692 199 Pomponius
729 175 742 197 ‚
790 141 879 193 (a)
912 139 952 192 fi
974 156 1081 194 aqua
1105 140 1254 195 pluvia

213 219 344 251 nocet.
378 203 478 246 Non
513 202 692 245 vindicat
723 210 860 242 autern
893 196 976 240 haec
999 197 1104 240 acho
1136 197 1249 240 dam-

209 279 315 306 num
371 273 508 303 ortum
551 259 601 302 ab
642 271 745 312 aqua
800 254 1024 318 profluente
1071 271 1139 310 per
1180 255 1251 297 du-

213 320 327 362 ‹stum
360 316 587 361 naturalem
608 347 620 366 ‚
654 313 714 356 led
749 327 815 366 per
844 311 1154 377 manutae‘tum:
1188 312 1253 364 (b)

212 377 320 420 unde
351 391 436 418 non
471 375 535 418 sua
566 373 704 427 sponte
726 401 738 422 ‚
772 368 836 413 vel
871 383 1013 413 natura
1045 370 1124 413 loci
1146 400 1159 422 ‚
1192 368 1253 412 {ed

208 449 333 489 opera
376 430 557 475 hominis
602 428 764 472 ducitur
794 456 804 468 .
853 428 945 470 Sive
996 427 1085 483 quis
1126 425 1254 484 igitur

210 506 362 545 aquarn
396 490 445 533 ab
476 485 656 529 naturali
691 485 802 528 cursu
835 483 971 528 alieno
1003 486 1154 528 damno
1186 484 1252 526 de-

207 548 368 592 flexerit
405 576 417 598 ‚
469 544 551 588 five
611 543 925 597 comprimendo
962 574 974 595 ,
1016 555 1252 585 citatiorem

179 620 296 648 -eam
329 601 545 647 reddiderit
576 633 588 656 ‚
621 613 690 644 aut
723 615 830 642 nova
861 598 1124 643 immittenda
1158 599 1250 641 ube·

204 661 390 714 riorem3
423 661 505 713 (c)
540 672 678 702 tamen
710 658 804 714 quia
838 656 1063 711 imminet,
1092 671 1250 719 coerce-

205 731 319 762 retur
352 718 428 762 hac
460 717 619 760 afflone
647 748 659 769 ‚
708 731 788 771 qua
819 713 884 758 vel
918 729 1038 768 opere
1072 716 1252 757 restituto

205 776 406 820 avertitur
438 790 575 831 aqua3
609 773 674 817 vel
707 771 811 815 tanti
843 771 1036 814 dominus
1060 804 1072 825 ,
1106 771 1250 834 quanti

205 833 357 877 restitui
390 847 490 888 opus
524 831 686 874 interest
721 862 732 883 ‚
767 829 1103 893 condemnatur:
1140 843 1246 884 cogi-

205 902 363 944 turque
395 889 594 932 damnum
629 887 713 943 post
744 886 1010 930 contestatam
1046 887 1162 930 litem
1193 885 1251 928 al-

203 946 335 990 latum
371 946 512 989 sarcire
538 961 547 987 τ
581 944 624 988 ὃ(
656 944 702 988 de
732 959 807 997 e0,
842 944 948 1000 quod
982 944 1064 998 post
1092 944 1249 988 senten-

203 1004 307 1048 tiam
341 1002 475 1046 afferri
510 1002 659 1057 poterit
681 1032 692 1054 ‚
723 1001 864 1044 damni
899 1000 1041 1044 infec’ti
1074 1017 1249 1045 cavere.

201 1063 290 1114 (d)
320 1060 511 1103 Similem
545 1073 706 1114 quoque
737 1057 945 1102 stelionem
968 1057 1169 1114 proditam
1192 1058 1249 1102 le-

201 1117 321 1174 gibus
350 1119 454 1160 X112
490 1115 615 1159 tabul.
650 1114 857 1170 Ulpianus
890 1114 1037 1169 refert,
1069 1117 1148 1168 (e)
1171 1131 1248 1171 qua

202 1175 230 1219 fi
283 1175 391 1217 rivus
439 1172 694 1230 aquaedu&us
739 1187 807 1227 per
852 1173 1066 1226 publicum
1109 1173 1248 1216 locum

201 1231 368 1288 privato
412 1230 577 1273 nocebit
610 1261 622 1282 ‚
672 1228 709 1272 ei
753 1229 799 1272 de
840 1231 992 1273 damno
1037 1241 1206 1272 cavetur
1237 1260 1247 1270 .

204 1289 325 1344 Quod
357 1288 556 1342 accipitur
589 1286 635 1328 de
667 1300 787 1340 opere
821 1285 978 1339 privato
1002 1317 1014 1338 ‚
1045 1301 1125 1341 quo
1144 1301 1247 1340 aqua

200 1360 275 1401 per
307 1344 516 1400 publicum
550 1343 686 1385 locum
721 1341 882 1385 ducitur
902 1374 914 1394 ,
947 1342 1025 1385 five
1049 1344 1096 1404 de
1116 1357 1247 1397 aquae-

199 1402 324 1447 due‘tu
357 1402 547 1456 privato:
595 1415 693 1442 nam
727 1398 834 1442 nihii
865 1399 912 1442 de
946 1398 1109 1455 pub’lico
1139 1400 1246 1442 XII.

202 1458 435 1503 tabularum
469 1459 576 1515 leges
609 1456 847 1500 coosti‘tuere
875 1472 971 1500 cum
999 1455 1110 1500 illius
1130 1456 1244 1499 usum

199 1516 385 1560 Romani
419 1531 502 1559 non
538 1514 680 1557 norint
713 1526 807 1557 ante
840 1529 996 1557 annum
1019 1515 1244 1557 DCXLII.

200 1576 255 1617 A.
301 1575 360 1617 U.
393 1574 445 1616 C.
479 1572 538 1616 uti
572 1571 792 1615 Frontinus
826 1571 949 1614 initio
980 1571 1026 1615 de
1059 1571 1243 1626 aquaedu-

200 1630 331 1674 &ibus
362 1629 484 1674 refert
526 1662 536 1672 .
588 1628 824 1684 Regionum
856 1641 993 1672 autem
1014 1631 1200 1672 varietas
1232 1661 1244 1682 ,

178 1688 361 1732 ¹variam
394 1686 583 1732 utilitatis
617 1685 819 1729 rationem
853 1686 1047 1730 inducens
1073 1718 1086 1739 ,
1132 1686 1243 1742 leges

201 1745 308 1801 parit
343 1745 440 1800 saepe
464 1744 714 1787 contrarias.
748 1743 1031 1798 Quamobrem
1059 1744 1102 1786 in
1130 1744 1241 1787 Afri-

200 1816 257 1845 cae
290 1802 521 1858 regionibus
552 1800 719 1843 aestuofis
740 1832 752 1852 ‚
783 1800 849 1843 ubi
884 1816 995 1857 aquae
1026 1801 1166 1857 inopia
1186 1802 1238 1844 la-

200 1859 368 1903 boratur
406 1892 419 1913 ,
469 1858 575 1902 aestio
616 1858 731 1900 datur
763 1857 946 1901 adversus
979 1874 1072 1901 eum
1110 1891 1121 1912 ‚
1175 1859 1242 1914 qui

199 1932 348 1972 aquam
383 1916 566 1971 pluviam
601 1927 760 1958 coercet
787 1946 799 1966 ,
843 1931 918 1958 nec
952 1915 1043 1958 sinit
1074 1931 1162 1958 eam
1197 1917 1243 1958 ad

202 1971 376 2016 fundum
406 1973 575 2027 alterius
608 1972 769 2015 tendere
792 2003 801 2013 .
835 1971 914 2025 (f)
947 1972 1080 2023 Hujus
1105 1987 1243 2016 autem

201 2028 304 2085 legis
336 2045 385 2072 ex
413 2031 518 2073 XII.
552 2030 678 2070 tabul.
710 2028 813 2082 apud
849 2029 1122 2084 Pomponium
1156 2045 1243 2072 ver-

200 2087 250 2129 ba
299 2085 504 2141 supersunt
549 2084 772 2127 admodum
816 2100 941 2140 pauca
979 2102 994 2125 :
1048 2086 1245 2129 sententia

202 2158 301 2186 vero
334 2142 543 2197 colligitur
574 2141 738 2197 integra
756 2156 806 2185 ex
827 2142 1045 2186 Ciceronis
1066 2143 1211 2199 topicis
1232 2175 1244 2197 ‚

202 2199 371 2254 aliisque
405 2199 505 2242 iocis
530 2198 626 2249 juris
649 2198 811 2242 civilis.
1264 2173 1274 2304 Β

281 2260 335 2313 Si
390 2278 521 2330 aqua
578 2255 754 2331 pluvia
819 2277 977 2313 manu
1037 2276 1190 2313 nocet
1232 2280 1273 2331 3.

205 2339 401 2391 Praetor
440 2336 668 2390 arcendae
705 2354 848 2408 aquae
887 2336 1112 2391 arbitros
1145 2327 1273 2421 tres}

207 2412 434 2483 addicito
472 2434 482 2468 :
546 2431 796 2486 noxasque
845 2415 1062 2468 domino
1100 2422 1274 2472 cave-l

207 2504 462 2623 tor-Nocet
492 2564 516 2639 )
553 2565 709 2609 sensum
739 2566 864 2611 habet
897 2598 909 2620 ,
959 2582 1081 2624 quem
1110 2583 1248 2624 gram-

1269 2612 1272 2619 ‹

209 2642 354 2687 matici
386 2656 507 2687 vocat
538 2643 807 2700 potentialem
834 2663 844 2689 e

211 2701 359 2757 poterit
391 2733 401 2745 .
437 2702 690 2759 Pomponius
716 2735 725 2746 .
758 2705 843 2760 (g)

225 2829 336 2841 ——-

448 2832 634 2843 ——m

258 2860 317 2899 (a)
343 2863 380 2892 L.
407 2862 510 2894 Labeo
529 2873 579 2895 21.
592 2863 632 2907 ff
653 2862 789 2904 deflata
804 2863 895 2898 liber,

259 2903 318 2944 (b)
346 2905 416 2938 Cic.
438 2908 474 2938 in
491 2910 588 2950 topic.
605 2912 642 2941 L.
667 2918 694 2941 ι.
708 2907 750 2955 ff.
765 2910 803 2943 de
819 2919 931 2955 aqua,
958 2910 998 2943 (9⁴
1012 2922 1084 2954 aqu.
1099 2913 1248 2955 plumar-

748 2833 1136 2844 *ΦΨ-Μ.---

263 3038 324 3076 (d)
349 3035 460 3074 cuiae.
477 3048 582 3079 parat.
596 3037 635 3085 ff.
652 3043 691 3075 de
705 3053 805 3086 aqua,
819 3043 858 3076 ἐς·
870 3055 956 3090 aqua
970 3047 1062 3089 pluv.
1081 3046 1206 3081 arcena.

262 3082 316 3123 (ο)
342 3084 380 3115 L.
400 3090 428 3121 5.
443 3080 485 3126 ff.
499 3096 539 3116 ne
553 3088 629 3129 quid
640 3087 675 3120 in
695 3089 757 3123 loc.
776 3088 867 3131 publ.

218 2949 318 3031 αηζάε.)
344 2995 381 3025 L.
399 2993 529 3028 vicinus
545 3005 598 3036 24.
616 2998 680 3030 eod.
699 3000 728 3042 §.
745 3010 776 3030 2.
1270 2963 1286 3160 l

890 2643 930 2690 id
960 2646 1013 2690 est
1045 2647 1072 2690 sl
1105 2641 1274 2712 nocere}

2244 86 2311 126 13.-
2326 88 2345 135 ‘3

1470 199 1511 242 C
1569 197 1610 242 A
1670 197 1701 242 P
1758 197 1804 240 U
1865 198 1910 240 T
2001 198 2189 245 XXXV.

1542 315 1610 359 De
1632 312 1854 358 Arboribus
1878 314 2068 358 caedendis
2083 346 2093 357 .

1435 428 1504 470 On
1538 427 1666 471 solum
1698 428 1849 484 aquis;
1898 445 2042 475 verum
2072 430 2116 474 &
2148 431 2340 478 arborum

1451 485 1574 527 ramis
1598 517 1610 539 ‚
1645 498 1786 540 praeter
1816 487 1986 531 modum
2017 488 2296 533 diffluentibus
2327 523 2339 546 ‚

1300 557 1346 584 ac
1390 541 1578 585 latiorem
1618 543 1808 586 umbram
1849 543 2158 598 projicientibus
2198 547 2341 592 vicino

1299 615 1397 656 agro
1418 614 1614 643 nocemus
1635 615 1644 641 ε
1667 600 1934 657 intercipitur
1958 603 2074 647 enim
2104 603 2195 648 solis
2214 605 2340 660 aestus,

1299 671 1380 712 quo
1417 669 1523 700 terra
1565 658 1748 702 maxime
1787 657 1949 703 fovetur
1984 690 1996 711 ‚
2044 661 2088 704 ἃ
2126 661 2261 706 semen
2293 663 2342 706 ad

1299 727 1435 758 ortum
1459 715 1662 758 excitatur
1682 747 1692 757 .
1727 715 1823 759 Ideo
1850 718 1954 761 XII.
1981 718 2126 762 tabulae
2158 720 2341 775 prodide-

1301 784 1396 816 runt
1420 773 1627 815 actionem
1652 773 1838 817 adversus
1858 774 2079 819 dominum
2105 777 2258 820 arboris
2282 776 2341 821 la-

1300 829 1379 872 tius
1402 829 1530 873 effiisae
1546 861 1557 883 ,
1585 845 1666 886 quo
1692 846 1827 876 ramos
1850 831 1935 883 ejus
1962 833 2079 888 pedes
2103 833 2340 890 quindecim

1299 886 1419 930 altius
1444 903 1466 930 a
1490 901 1594 931 terra
1618 901 1825 943 coerceat,
1857 890 1943 941 (h)
1968 906 2192 947 eorumque
2219 891 2341 937 luxu·

1300 944 1401 988 riem
1436 943 1574 988 vicino
1602 960 1698 1001 agro
1730 945 2040 1002 impendentem
2066 949 2295 1004 compescat
2325 981 2339 1004 ‚

1299 1002 1402 1058 quod
1434 1001 1638 1045 sublucare
1664 1035 1677 1056 ‚
1721 1016 1767 1046 ut
1795 1019 1893 1050 mox
1920 1004 2216 1060 explicabimus
2235 1038 2248 1060 ‚
2280 1007 2341 1051 di-

1298 1059 1462 1102 cebatur
1484 1091 1493 1101 .
1539 1062 1596 1101 At
1622 1059 1649 1102 fi
1674 1060 1865 1107 dominus
1890 1077 2023 1105 ramos
2046 1063 2338 1109 circumcidere

1298 1115 1477 1159 noluerit
1497 1147 1510 1168 ‚
1543 1116 1606 1159 lex
1628 1148 1641 1169 ,
1670 1117 1841 1161 domino
1867 1118 2003 1163 invito
2039 1152 2051 1171 ‚
2085 1121 2338 1176 ⁴jpotestatem

1297 1172 1616 1216 circumcidendi
1646 1175 1849 1228 permittit
1877 1175 1949 1230 ei,
1982 1176 2095 1228 cujus
2120 1177 2246 1222 fundo
2262 1194 2337 1222 no-

1296 1241 1411 1272 cetur
1443 1260 1453 1271 .
1504 1231 1640 1284 Quam
1677 1231 1923 1275 sententiam
1962 1233 2060 1288 legis
2087 1235 2236 1278 Praetor
2268 1236 2337 1280 suo

1295 1301 1456 1341 quoque
1476 1287 1787 1340 comprehendit
1812 1288 2081 1345 Edi&0‚quo
2105 1291 2170 1336 lex
2192 1292 2336 1337 eadem

1295 1342 1478 1398 porre&a
1517 1342 1595 1385 fuit
1632 1344 1680 1386 ad
1709 1346 1868 1387 arbores
1896 1346 2181 1400 impendentes
2208 1349 2251 1391 in
2284 1364 2338 1393 α’,-

1295 1401 1360 1442 des
1381 1432 1392 1453 ‚
1424 1399 1471 1442 de
1495 1400 1642 1456 quibus
1667 1401 1772 1444 nihil
1788 1403 1895 1446 XII.
1916 1403 2069 1446 Tabul.
2094 1404 2249 1460 legibus
2268 1422 2336 1450 ca-

1296 1458 1491 1511 vebatur3
1524 1458 1597 1510 (i)
1620 1457 1726 1510 justit
1750 1459 1864 1503 enirn
1894 1460 2044 1504 Praetor
2064 1493 2077 1514 ‚
2098 1474 2145 1506 ut
2172 1462 2244 1506 nisi
2264 1462 2336 1506 do-

1295 1514 1431 1557 minus
1465 1515 1658 1558 arborum
1697 1516 1746 1559 ab
1778 1516 1925 1560 aedium
1951 1518 2123 1563 domino
2150 1521 2335 1565 monitus

1295 1572 1472 1627 paruerit
1503 1603 1515 1626 ‚
1548 1572 1611 1615 vel
1639 1573 1971 1617 circumcidendo
1999 1576 2183 1621 arborem
2211 1608 2223 1632 ,
2266 1577 2334 1622 vel

1296 1629 1486 1672 radicitus
1519 1660 1531 1682 ,
1559 1642 1602 1673 ut
1633 1630 1779 1674 aedium
1805 1630 2067 1676 incolumitas
2091 1634 2222 1689 exigit
2245 1666 2258 1689 ‚
2288 1650 2332 1679 e-

1294 1685 1485 1730 vellendo
1522 1717 1533 1739 ,
1576 1689 1681 1742 quod
1707 1687 1910 1732 collucare
1935 1689 2143 1734 dicebatur
2176 1708 2188 1745 3
2237 1704 2330 1738 tum

1294 1744 1440 1787 aedium
1473 1743 1644 1787 domino
1669 1745 1790 1788 liceat
1812 1745 1942 1789 excisa
1968 1748 2018 1790 ab
2043 1748 2161 1803 stirpe
2184 1750 2328 1794 arbore

1293 1801 1491 1844 damnum
1517 1801 1665 1856 pellere
1698 1834 1707 1845 ,
1752 1804 1859 1846 Item
1887 1804 2135 1858 Pomponius
2158 1807 2215 1849 ait
2235 1839 2247 1860 ‚
2280 1807 2327 1850 in

1294 1859 1435 1902 eodem
1475 1857 1597 1901 titulo
1632 1860 1696 1915 agi
1735 1861 1838 1915 posse
1879 1860 1957 1916 leg.
1987 1863 2091 1904 XII.
2126 1863 2254 1907 tabul.
2278 1863 2326 1907 de

1295 1915 1472 1959 tollenda
1498 1917 1639 1959 arbore
1659 1949 1672 1970 ‚
1716 1916 1742 1959 fi
1766 1933 1815 1962 ex
1840 1917 2008 1961 alterius
2031 1918 2156 1963 fundo
2184 1921 2229 1964 in
2260 1921 2328 1962 vi-

1294 1973 1436 2015 cinum
1469 1987 1612 2026 agrurn
1648 1986 1773 2017 vento
1810 1974 2010 2018 inclinata
2040 1975 2163 2020 fuerit
2191 2009 2200 2019 .
2249 1977 2325 2022 Sed

1292 2029 1375 2081 jam
1400 2028 1498 2084 legis
1522 2028 1714 2086 reliquias
1738 2030 1992 2082 subjiciamus
2013 2064 2023 2075 .

1373 2111 1424 2165 Si
1486 2112 1642 2166 arbor
1706 2113 1758 2166 in
1823 2113 2055 2167 vicinum
2111 2117 2330 2172 fundum

1296 2188 1557 2261 impendet
1599 2192 1714 2244 XV.
1767 2184 1919 2263 pedes
1962 2188 2117 2247 altius
2159 2193 2329 2248 sublu-

1296 2283 1439 2320 CRtOI‘
1456 2307 1470 2320 .

1296 2341 1373 2386 hoc
1405 2343 1458 2385 est
1479 2375 1491 2396 ,
1526 2342 1565 2397 fi
1585 2345 1701 2387 arbor
1725 2361 1744 2388 e
1771 2345 1901 2388 vicini
1919 2344 2046 2401 fundo
2076 2347 2118 2390 in
2145 2349 2325 2392 vicimm

1295 2401 1515 2455 impendeat
1534 2432 1545 2453 ,
1574 2403 1724 2445 arboris
1746 2404 1861 2447 illius
1885 2405 1988 2447 rami
2007 2405 2099 2447 XV.
2125 2407 2246 2462 pedes
2263 2409 2326 2448 al-

1295 2470 1376 2500 τηις
1401 2459 1748 2502 σίνειιηπὶάαητιιπ

1374 2518 1697 2586 sublucare)
1729 2517 1782 2559 est
1827 2518 2078 2573 compescere
2122 2519 2328 2565 luxuriem

1297 2606 1548 2634 ramorum:
1600 2594 1709 2648 quasi
1760 2595 1892 2639 subtus
1936 2596 2072 2642 lucem
2117 2600 2281 2644 mittere
2313 2632 2324 2642 .

1295 2648 1517 2691 Collucare
1548 2650 1643 2704 quid
1675 2651 1720 2694 sit
1747 2684 1759 2705 ,
1802 2653 1978 2697 dubitari
2025 2657 2152 2710 potest
2185 2690 2193 2699 .
2244 2653 2328 2702 Vel

1295 2707 1409 2750 enim
1459 2705 1663 2762 fignificat
1702 2708 1937 2765 &perimes
1990 2728 2124 2757 ramos
2177 2714 2330 2759 lumini

2243 2774 2332 2817 offi-

1636 2838 1742 2849 ³—-

1345 2866 1433 2908 (ί)
1460 2869 1607 2909 Αξὲεηιις
1627 2871 1652 2901 Ι.
1668 2880 1698 2900 2.

1351 2914 1395 2952 (gl
1425 2913 1463 2942 L.
1479 2911 1582 2944 Labeo
1596 2924 1650 2953 71.
1663 2912 1706 2958 ff.
1722 2915 1759 2947 de
1771 2913 1862 2956 statu
1875 2916 1930 2950 lib.
1950 2918 2040 2952 Paul.
2057 2921 2080 2952 Ι«
2102 2929 2130 2957 5.
2145 2918 2185 2963 ff.
2203 2932 2242 2953 m·
2254 2919 2331 2964 quid

1301 2956 1337 2987 in
1351 2957 1417 2987 leco
1432 2955 1505 2997 pub.
1520 2956 1596 2997 fiat.
1843 2963 1847 2967 '

1343 3000 1402 3041 (h)
1424 3002 1497 3033 1..1.
1515 3004 1580 3045 §.8.
1596 3001 1635 3047 ff.
1654 3003 1691 3036 de
1713 3003 1812 3039 arbor.
1833 3007 1966 3041 credend.
1987 3008 2077 3043 Paul.
2093 3010 2248 3051 Lsenr.5.
2270 3010 2328 3044 tir·

1299 3049 1331 3078 6.
1355 3047 1383 3088 §.
1403 3045 1492 3078 arbor
1512 3059 1576 3090 que
1592 3071 1599 3078 .

1346 3090 1398 3132 (ι)
1425 3101 1492 3126 mo
1508 3094 1563 3127 tie.
1577 3091 1618 3138 ff.
1634 3094 1670 3128 de
1683 3093 1782 3130 arbor.
1799 3097 1869 3132 τεά.
