2524 3479
802 137 1177 212 JURIS
1256 124 1808 196 01v'1L1s.
2279 149 2358 213 67

345 211 386 257 C
445 213 486 258 A
547 212 578 257 P
637 213 682 255 U
742 213 786 255 T
902 214 941 257 C
960 214 1112 258 XIX.
1310 215 1490 262 tionibus
1515 232 1609 261 cum
1638 214 1705 260 suo
1730 214 1927 271 consilio,
1957 216 2000 261 8<
2053 216 2123 262 sibi
2151 218 2368 266 adsidenti-

406 301 473 346 122
505 298 774 357 Pragmaticis
797 298 1067 356 monibus
1310 274 2106 377 saisitis‘gitf’fifetzss‘ifffl
2130 278 2200 377 ss<
2221 279 2349 378 ἕως

298 386 558 445 Ragmaticae
578 384 765 437 jussiones
796 398 915 429 erant
935 384 1112 442 imperia
1137 388 1253 432 Prin·
1311 390 1343 432 ri
1371 349 1590 434 sententia}
1613 349 1817 434 cor’itulici:
1839 406 1928 446 quae
1952 366 2231 446 pronunc'iatae
2250 353 2347 438 <stig-t

326 445 457 501 cipis,
489 459 577 501 quae
601 455 761 496 petente
794 441 935 500 aliquo
956 444 1163 501 collegio,
1193 446 1257 490 vel
1309 447 1478 501 Paullo,
1505 445 1760 502 Papiniano,
1798 449 1972 500 Meffio,
1999 448 2042 492 ὃς
2075 448 2347 504 Triphonino

205 499 423 555 societate,
457 502 522 545 vel
549 502 644 544 urbe
666 532 678 554 ‚
710 500 776 544 vel
801 500 1014 555 provincia
1035 534 1048 555 ,
1079 503 1125 546 de
1154 521 1253 547 con·
1306 504 1573 548 adsidentibus
1599 519 1612 558 3
1645 506 1708 561 (g
1734 504 1752 556 )
1799 504 2058 550 diffentiente
2098 506 2344 565 plerumque

207 556 286 601 filii
318 559 515 603 sententia
546 559 801 602 manabant:
835 560 924 609 (a)
948 557 1055 614 ,quae
1087 560 1114 602 si
1158 563 1254 617 quid
1309 562 1476 605 Paullo.

209 613 398 666 juberent
426 648 437 669 ‚
470 615 658 668 jussiones
689 614 934 660 dicebantur
956 647 969 670 ,
1002 616 1029 659 si
1061 616 1158 673 quid
1188 635 1256 663 ve·
1439 620 1479 663 C
1539 620 1579 663 A
1642 618 1673 661 P
1732 619 1778 661 U
1838 619 1882 662 T
2001 621 2220 666 CXXIII.

207 683 373 729 tarent,
412 674 668 718 sanniones.
1536 735 1602 780 De
1625 732 1814 790 Epistolis
1848 734 2082 793 Principum
2105 769 2114 780 ,

371 789 413 833 C
474 790 515 833 A
578 789 608 832 P
668 789 712 832 U
773 789 818 831 T
936 789 1077 834 CXX.

456 878 523 920 De
552 875 713 918 Edl-ffis
752 875 895 918 Pri-nm·
922 891 987 917 W,
1368 847 1555 892 'Pistolae
1579 848 1831 913 ‘Principum
1863 850 1889 894 si
1923 851 2018 907 quid
2044 851 2338 909 continerent,

640 913 653 919 ”
888 885 918 930 p
962 902 1012 918 ‘''
1427 907 1534 963 quod
1577 922 1622 950 in
1657 907 1865 959 publicam
1914 924 2000 953 rem
2034 941 2046 963 ‚
2093 910 2341 969 civilemque

303 960 479 1007 Di&um
528 974 617 1006 erat
651 959 851 1015 Principis
895 961 1087 1006 voluntas
1138 963 1253 1008 nullo
1301 963 1560 1020 disciplinam
1583 963 1765 1008 tenderet
1792 998 1804 1019 ,
1839 966 1881 1009 in
1911 966 2017 1023 leges
2042 967 2169 1011 etiarn
2193 968 2342 1014 refere-

331 1032 499 1076 rogante
521 1051 534 1073 ‚
578 1018 642 1063 vel
677 1018 917 1074 impellente
961 1035 974 1072 3
1020 1019 1079 1062 sed
1113 1021 1251 1076 sponte
1302 1020 1473 1065 bantur:
1506 1020 1637 1078 qualis
1662 1021 1731 1064 illa
1767 1024 1820 1066 est
1846 1023 2084 1077 Antonini,
2116 1041 2193 1081 qua
2222 1042 2342 1070 man-

205 1075 273 1119 sua
305 1078 474 1133 publicae
499 1109 511 1129 ,
550 1076 612 1119 vel
649 1088 767 1120 certae
800 1076 855 1119 rei
888 1076 1017 1138 gratia
1064 1078 1247 1132 promul·
1299 1078 1388 1122 data
1413 1079 1459 1123 de
1489 1079 1744 1135 repudiandis
1777 1081 2101 1135 provincialium
2128 1083 2245 1126 donis
2271 1100 2343 1129 ex-

203 1145 299 1189 gata
331 1135 423 1188 (b)
453 1134 495 1176 Si
529 1134 626 1189 quid
655 1133 773 1177 enim
805 1133 965 1176 consilii
1010 1134 1065 1178 sui
1093 1135 1250 1178 Princi-
1298 1135 1530 1191 plicantur,
1559 1151 1609 1179 ne
1638 1136 1803 1180 xeniola
1829 1140 2180 1195 comprehendant
2199 1142 2287 1196 .(h)

199 1206 269 1246 pes
320 1191 478 1247 aperire
531 1191 683 1247 populo
733 1189 927 1233 volebant
964 1221 977 1244 ,
1030 1191 1068 1233 id
1100 1193 1247 1236 Edie‘co
2240 1232 2243 1235 ,

200 1248 452 1291 mandabant
489 1279 501 1300 ‚
546 1264 659 1291 more
689 1247 893 1299 majorum
925 1247 1028 1297 (c)
1072 1249 1244 1291 Etenim
1431 1251 1471 1293 C
1533 1253 1574 1293 A
1635 1249 1666 1292 P
1726 1253 1770 1293 U
1830 1253 1874 1294 T
1991 1252 2207 1299 CXXIV.

204 1305 370 1361 vigente
405 1305 632 1360 Republica
665 1303 774 1348 idem
808 1319 829 1345 a
854 1304 1003 1346 Marco
1036 1305 1245 1359 Antonio,

198 1361 242 1405 δι
275 1362 365 1405 aliis
391 1393 403 1416 ‚
437 1361 506 1417 qui
540 1361 738 1417 populum
784 1359 942 1403 vellent
984 1361 1204 1405 admonere
1232 1394 1244 1416 ,

197 1418 354 1462 faf’tum
398 1419 590 1462 novimus
617 1450 626 1460 .
669 1419 710 1460 Si
742 1416 839 1473 quid
892 1432 989 1461 vero
1033 1418 1243 1476 Principes

199 1476 348 1520 Edifro
390 1475 789 1532 comprehenderent
815 1506 827 1529 ,
869 1475 976 1530 quod
1007 1476 1055 1519 ad
1097 1492 1242 1520 ornnes

197 1533 424 1588 pertineret
452 1565 465 1587 ,
511 1534 745 1577 vertebatur
778 1532 820 1576 in
855 1531 989 1588 legem
1017 1549 1027 1574 τ
1059 1549 1150 1590 quae
1175 1535 1238 1578 lex

194 1590 417 1634 vocabatur
450 1590 645 1635 Ediecalis
666 1622 679 1644 ‚
711 1606 791 1647 qua
822 1605 967 1634 omnes
999 1591 1167 1647 populi,
1198 1594 1241 1636 ἃ

197 1648 424 1703 provincia:
458 1649 727 1693 tenebantur.

351 1763 391 1807 C
452 1765 493 1807 A
555 1763 587 1807 P
646 1764 692 1805 U
751 1763 798 1805 T
915 1762 1080 1807 CXXI.

411 1851 478 1894 De
509 1848 728 1892 Mandatis
760 1848 1023 1905 Principum.

333 1935 502 1979 Andata
534 1935 775 1991 Principum
829 1935 919 1978 sunt
950 1934 1112 1978 monita
1143 1966 1157 1989 ,
1190 1936 1232 1980 ἃ

364 2007 560 2049 praecepta
592 2026 604 2048 ‚
649 2009 738 2050 quae
781 1993 1022 2036 Refioribus
1066 1993 1228 2047 provin-

189 2049 353 2092 ciarum
402 2082 414 2104 ,
456 2050 623 2106 aliisque
673 2050 973 2105 magistratibus
1019 2049 1230 2104 Reipubli-

188 2121 243 2149 cae
266 2138 280 2160 ,
314 2106 380 2150 vel
404 2108 628 2163 provinciae
659 2107 763 2150 roste
790 2106 1145 2160 administrandas,
1174 2107 1231 2150 ci-

190 2162 350 2220 vilique
381 2164 607 2220 disciplinae
639 2164 822 2221 regendae
856 2163 989 2219 palam
1014 2194 1026 2217 ‚
1071 2163 1136 2207 vel
1169 2181 1228 2207 ar-

185 2235 290 2264 cano
322 2220 453 2265 literis
485 2221 684 2265 dabantur
711 2238 720 2263 τ
765 2221 855 2274 (d)
907 2223 1008 2276 Quae
1040 2220 1066 2263 si
1099 2221 1232 2277 publi-

182 2293 228 2323 ce
259 2279 449 2322 darentur
485 2310 498 2332 ,
531 2278 854 2323 commonitoria
876 2309 890 2331 ,
922 2278 947 2320 si
980 2277 1088 2322 clam
1116 2310 1128 2332 ‚
1175 2278 1230 2323 se-

181 2347 288 2379 creta
325 2337 607 2381 vocabantur.
641 2338 658 2389 (
690 2353 708 2379 e
738 2336 756 2387 )
799 2336 1099 2379 Mandatorum
1133 2351 1229 2380 vero

181 2392 307 2437 nullae
337 2394 444 2438 vires
464 2406 582 2438 erant
613 2393 694 2438 fine
719 2393 869 2449 scripto
890 2425 903 2447 ‚
936 2393 1010 2436 nisi
1044 2395 1090 2436 de
1110 2409 1229 2437 man-

181 2450 285 2494 datis
327 2451 582 2506 privatorum
615 2463 840 2508 ageretur:
893 2466 980 2506 quae
1011 2450 1094 2493 sine
1128 2449 1224 2495 scri-

193 2519 264 2563 pto
304 2508 433 2552 etiam
466 2508 629 2553 valuiffe
672 2510 791 2553 docet
816 2506 1012 2558 Cujacius
1033 2537 1043 2550 .
1074 2504 1154 2559 (f)

1380 1365 1448 1408 De
1473 1364 1670 1421 rescriptis
1691 1365 1955 1422 Princfflum,
1983 1366 2039 1410 &¹
2062 1368 2254 1414 Libellis».

1400 1477 1587 1536 Escripta
1631 1479 1723 1523 sunt
1763 1480 1948 1537 responsa
1993 1482 2231 1538 Principum
2273 1487 2323 1530 ad

1349 1592 1356 1597 .
1427 1552 1473 1579 ea
1515 1568 1527 1590 ,
1571 1537 1618 1593 de
1661 1537 1807 1593 quibus
1839 1570 1851 1592 ‚
1896 1539 1960 1584 vel
2004 1557 2026 1584 a
2071 1542 2332 1597 praesentibus

1290 1592 1520 1649 quibusque
1554 1594 1722 1650 supplici
1769 1595 1911 1640 libello
1944 1599 2194 1654 rogabantur
2219 1632 2230 1651 ‚
2263 1601 2328 1644 vel

1292 1665 1359 1704 per
1390 1650 1531 1694 literas
1556 1651 1873 1697 consulebantur
1903 1655 1953 1698 ab
1981 1657 2209 1700 absentibus
2244 1674 2333 1701 ma-

1288 1707 1518 1763 gistratibus
1561 1742 1574 1764 ,
1616 1711 1761 1766 quibus
1806 1711 1999 1767 responsis
2042 1713 2233 1771 Princeps
2285 1732 2333 1758 o-

1251 1775 1254 1779 ’
1288 1765 1526 1820 stendebat‚
1559 1768 1655 1823 quid
1689 1768 1758 1812 sibi
1789 1785 1835 1813 ea
1865 1771 1911 1812 de
1945 1785 1985 1813 re
2017 1771 2104 1814 fieri
2137 1772 2327 1827 placeret.

1288 1822 1367 1867 His
1410 1824 1602 1881 pleraque
1646 1840 1736 1881 pars
1779 1839 1976 1870 contexta
2023 1828 2077 1871 est
2127 1829 2330 1875 librorum

1287 1880 1455 1925 Codicis
1486 1882 1728 1934 Justinianei
1763 1915 1772 1927 .
1818 1886 1883 1928 Ex
1916 1884 2055 1929 iisdem
2100 1888 2287 1942 exempla
2314 1919 2328 1942 ‚

1284 1937 1327 1981 ὃς
1370 1939 1518 1994 regulae
1549 1941 1800 1985 ducebantur
1846 1943 1893 1986 ad
1927 1942 2076 1987 similia
2129 1944 2331 1989 definien-

1284 1996 1332 2038 da
1360 2028 1368 2038 .
1402 1996 1574 2040 Etenim
1606 1998 1653 2040 ad
1689 1999 1920 2055 Principem
1953 2000 2123 2055 privatis
2153 2002 2223 2045 vix
2258 2018 2329 2057 pa-

1284 2054 1393 2096 tebat
1428 2054 1558 2097 aditus
1587 2086 1598 2103 ,
1632 2053 1706 2097 nisi
1745 2071 1814 2110 per
1840 2056 1999 2100 libellos
2031 2057 2220 2102 desideria
2250 2059 2329 2102 sin-

1282 2110 1473 2166 gulorum
1499 2143 1511 2165 ‚
1559 2111 1602 2155 δε
1636 2113 1802 2169 negotia
1835 2114 2093 2158 continentes
2127 2144 2135 2154 .
2187 2116 2326 2168 Maie-

1283 2169 1354 2211 stas
1393 2168 1509 2212 enim
1552 2167 1752 2224 Principis
1784 2203 1796 2225 ,
1843 2171 2163 2228 graviffimaeque
2206 2189 2327 2218 occu-

1280 2224 1465 2282 pationes
1506 2241 1622 2271 eum⁴
1651 2228 1821 2282 privatis
1863 2229 2122 2285 denegabant
2164 2243 2174 2268 t
2220 2246 2322 2286 qua-

1282 2284 1467 2327 mobrem
1522 2299 1605 2328 non
1641 2285 1763 2328 modo
1809 2287 1877 2329 sub
1908 2286 2117 2339 Tiberio,
2161 2287 2204 2331 &
2236 2291 2326 2332 Au-

1279 2341 1425 2395 gusto3
1456 2343 1542 2395 (i)
1576 2342 1637 2387 sed
1668 2342 1795 2387 etiam
1832 2344 1901 2388 sub
1934 2345 2019 2400 ipso
2051 2343 2164 2397 Julio
2188 2345 2328 2387 Caesa-

1280 2413 1319 2440 re
1352 2399 1591 2443 consuetum
1627 2401 1709 2444 fuit
1738 2433 1749 2455 ,
1800 2401 2036 2456 Principem
2069 2401 2222 2457 alloqui
2257 2417 2328 2465 per

1280 2454 1438 2499 libellos
1471 2473 1482 2497 τ
1514 2457 1659 2513 quibus
1691 2457 1871 2511 legendis
1904 2460 2037 2510 Julius
2070 2460 2204 2502 Caesar
2255 2474 2326 2502 in-

1277 2524 1338 2554 ter
1372 2513 1596 2568 speetacula
1641 2517 1915 2569 occupabatur
1948 2547 1957 2558 .
2008 2516 2091 2570 Qui
2146 2531 2236 2559 mos
2268 2519 2348 2560 eo>

1278 2568 1382 2612 visus
1413 2572 1465 2613 est
1496 2571 1756 2615 commodior
1789 2604 1799 2625 ‚
1844 2573 1949 2628 quod
1982 2572 2155 2628 spatium
2198 2574 2320 2616 Prin-

1274 2625 1433 2681 cipibus
1475 2628 1587 2671 daret
1632 2629 1680 2673 ad
1724 2629 1989 2685 cogitandum
2026 2646 2040 2670 .·
2092 2631 2216 2682 (k)
2263 2646 2315 2676 ne

1275 2683 1364 2737 plus
1405 2685 1621 2742 minusque
1678 2685 1942 2743 loquerentur
1983 2703 2032 2731 ex
2079 2698 2265 2744 tempore
2302 2720 2313 2732 .

1274 2741 1397 2785 Porro
1438 2758 1488 2787 ex
1524 2743 1721 2788 sententia
1749 2775 1760 2797 ‚
1805 2745 1848 2788 &
1882 2744 2074 2801 responsis
2105 2745 2316 2796 Juriscon-

1272 2798 1468 2844 sultorum
1499 2833 1512 2855 ,
1561 2801 1657 2856 saepe
1706 2802 1912 2859 Principes
1944 2802 2212 2858 'adroblatos
2264 2803 2314 2846 li-

1271 2856 1398 2902 bellos
1429 2857 1476 2903 de
1507 2859 1688 2916 negotiis
1724 2859 1943 2904 forensibus
1974 2859 2305 2959 respondebanti:

1846 2920 1864 2961 I
1930 2934 1952 2962 2
2197 2933 2251 2961 un
2281 2932 2303 2961 e

1715 2988 2303 3003 .u--—-————-——-=————

336 2623 377 2667 C
441 2625 483 2667 A
543 2623 575 2666 P
633 2624 679 2666 U
737 2624 782 2665 T
887 2621 1077 2666 CXXII.

411 2710 480 2754 De
509 2710 693 2754 Decretis
725 2708 986 2765 Principum.

181 2786 459 2892 DEcreta
503 2796 744 2852 Principum
797 2807 915 2842 erant
959 2792 1172 2840 sententiaa
1209 2817 1240 2849 ,ι

175 2860 181 2864 “
324 2868 422 2909 quas
467 2856 700 2912 Imperator
749 2853 794 2898 in
823 2852 1034 2898 causarum
1078 2852 1218 2909 cogni-

178 2977 416 2999 ——-—-—-

225 3016 285 3055 (a)
333 3021 406 3052 La.
425 3023 548 3056 Bafilic.
568 3033 646 3062 tas.
663 3032 791 3067 cap.27·

223 3060 285 3101 (b)
329 3063 506 3108 Theophil.
525 3071 581 3101 22³8.
602 3069 714 3108 Insffit.
749 3070 788 3102 de
799 3066 870 3108 jur·
883 3077 952 3103 nat.
969 3076 1058 3113 gem·
1075 3066 1113 3101 (9·
1127 3067 1191 3102 civ·

219 3107 278 3145 (c)
322 3108 412 3149 saepe
434 3111 502 3144 Cic.
528 3115 563 3144 in
589 3115 737 3156 Philipp.

218 3150 282 3189 (d)
329 3155 365 3184 L.
390 3164 415 3184 1.
434 3158 471 3186 C.
485 3156 522 3187 de
539 3159 645 3189 mand.
664 3158 773 3191 princ.

223 3194 278 3235 (e)
324 3199 362 3230 L.
388 3209 413 3230 ι.
432 3201 455 3232 Ι.
473 3210 501 3232 2·
520 3202 555 3232 C.
570 3201 608 3234 de
622 3204 729 3237 mand.
747 3204 855 3236 Princ-

977 2988 1113 3004 „m

1313 3063 1360 3106 lg)
1410 3063 1523 3103 Cujac.
1541 3063 1698 3105 observa.
1716 3068 1842 3108 cap-26.

1310 3109 1369 3151 (b)
1417 3113 1455 3142 L.
1466 3111 1575 3151 fhlent
1596 3112 1624 3152 §.
1644 3121 1705 3143 non
1723 3122 1797 3144 vem
1812 3109 1850 3154 ff.
1866 3110 1902 3143 de
1916 3107 1997 3152 offic.
2013 3109 2153 3152 procons}

1309 3155 1364 3195 (i)
1389 3162 1391 3164 ·
1411 3159 1491 3189 Tac.
1509 3158 1568 3195 14.
1583 3159 1694 3188 annal.
1713 3159 1848 3189 Sveton.
1865 3156 1901 3188 in
1918 3159 2004 3198 Aug.
2020 3158 2148 3198 cap-84.

1314 3200 1372 3243 (k)
1417 3200 1497 3235 Tae.
1516 3202 1538 3233 t.
1560 3211 1586 3233 1·
1614 3202 1724 3235 annal.
