2596 3479
210 88 316 158 178

652 79 754 136 DE
797 78 987 155 JURE
1028 72 1438 136 NATURAH
1465 120 1482 153 ‚
1521 83 1978 157 GENTmMs

211 165 303 208 flrja
326 193 338 213 ‚
371 157 440 217 qui
473 173 544 216 pro
569 157 732 211 conscita
759 157 901 212 legunt
923 153 1105 205 coniicito
1129 155 1254 219 .·(*.)
1301 158 1468 212 arbitri,
1502 159 1580 204 five
1606 160 1769 212 judicis.
1793 163 2008 207 sonticum
2035 172 2173 209 autern
2193 160 2338 220 appel-

212 221 419 271 Cons'icere
444 231 582 261 autem
611 215 769 269 causam
792 214 846 256 est
867 244 890 276 ⁸,
933 226 1029 254 cum
1057 225 1124 264 per
1150 211 1253 275 rndr-
1304 213 1441 258 labant
1469 219 1658 262 morbum
1683 220 2063 275 vehementiorem,
2085 235 2224 275 utpote
2245 236 2338 265 cor-

216 293 307 320 cern
335 276 437 332 apud
466 274 637 323 iudicem
655 305 666 325 ‚
698 285 768 315 aut
790 270 992 333 arbitrum
1019 281 1254 332 §xpm-mpr-
1305 272 1390 325 pori
1416 273 1530 316 valde
1556 277 1727 320 noxium
1760 311 1772 331 ‚
1821 295 1915 322 cum
1938 280 2068 333 sontes
2098 279 2172 323 fint
2199 296 2339 322 nocen-

210 334 377 379 Paullus
418 349 426 374 τ
461 334 547 384 (α)
573 332 648 374 Per
678 329 850 384 regulam
877 359 890 380 ‚
924 336 1058 378 ¹r1QU¹t
1089 355 1102 378 s
1133 338 1256 376 tertur
1299 341 1383 382 tes,
1406 341 1449 372 ut
1473 330 1593 375 refert
1617 335 1747 379 Festus
1772 351 1821 379 ex
1845 329 1952 380 'AElio
1978 336 2150 380 Solone:
2184 338 2243 388 (e)
2263 351 2341 380 un-

210 391 349 435 bre‘t·.''s
373 387 694 439 rerumflarratio
719 387 893 427 traditur
912 415 924 437 ‚
956 383 1010 427 (5
1035 394 1076 425 ut
1100 383 1160 425 ait
1176 383 1250 425 Sa·

213 450 353 498 binus,
387 446 499 503 quast
522 445 641 498 causae
664 443 846 495 coniec'iio
864 440 946 497 fit.

291 507 500 562 Stlitem
531 504 552 575 )
583 535 736 568 veteres
762 537 836 578 pro
857 522 993 573 litem3
1027 518 1251 576 utstlocum

208 599 282 639 pro
323 585 446 624 locum
477 614 486 623 .
535 582 658 624 Unde
692 580 926 625 Decemviri
941 578 1124 634 stlitibus
1145 577 1250 627 iudi-

207 642 349 683 randis
374 642 415 682 in
441 640 602 683 decreto
631 637 928 682 Asculanorum
959 639 1102 679 Romae
1127 634 1251 676 indo-

206 714 280 740 mo
310 697 437 739 Cassia
472 727 484 749 ‚
535 696 576 738 &
619 697 660 740 in
689 695 824 751 elogio
851 696 894 738 L.
921 693 1096 736 Caesonii
1126 690 1250 735 Luilli

207 755 389 797 vrrnnae
425 785 435 796 .
485 755 646 796 stlitem
672 766 808 796 autem
835 751 1016 808 pra-senti
1036 750 1214 792 addicito
1239 780 1250 801 ‚

205 812 406 865 fignificat
436 809 633 862 judicium
663 810 845 863 reddito,
877 823 921 851 ut
943 806 1244 856 supraexposui·

205 884 298 912 mus
315 902 325 921 ‚
359 885 406 912 eo
440 868 546 911 sensu
564 901 576 922 ‚
609 885 689 924 quo
715 866 936 910 Trebatius
960 865 1046 916 (b)
1070 864 1175 907 dixit
1195 879 1246 906 re-

207 927 399 983 ligionum
425 926 579 978 judicia
603 927 783 969 addicere
804 935 876 980 pro
899 921 1147 977 constituere.

287 987 372 1039 Sol
405 987 606 1040 occaius
642 984 662 1053 )
704 1003 782 1046 hoc
818 1001 872 1045 est
911 1001 985 1051 ωε
1015 1002 1207 1044 occidente
1239 1032 1252 1054 ,

216 1076 316 1106 nam
351 1073 393 1103 ut
434 1061 565 1104 varias
599 1059 719 1109 hujus
750 1059 830 1103 loci
865 1058 1058 1102 leetiones
1091 1072 1233 1113 praeter

212 1119 381 1162 mittam
403 1150 414 1168 ‚
441 1118 523 1172 sole
555 1118 682 1170 occaso
707 1150 719 1171 ‚
750 1116 792 1161 ὃ(
817 1117 878 1171 sol
903 1117 1056 1171 occasus
1083 1133 1153 1172 pro
1179 1116 1253 1167 sole

204 1176 422 1227 accidenti,
444 1191 537 1218 curn
568 1175 694 1218 latine
717 1175 893 1227 dicitur,
927 1188 1013 1218 tum
1030 1174 1251 1217 elenanter.

209 1232 379 1288 Singula
417 1233 530 1276 enim
574 1232 786 1285 participia
815 1233 903 1275 sunt
930 1232 1123 1275 omnium
1148 1244 1245 1274 tem-

210 1306 359 1346 porum
393 1321 406 1342 ,
449 1302 491 1333 ut
521 1289 625 1333 reete
654 1289 840 1333 Sanffius
864 1289 1096 1332 observavit
1120 1321 1129 1330 .
1178 1291 1252 1331 Le-

208 1361 313 1404 gunt
337 1346 465 1401 aliqui
486 1346 568 1399 sole
595 1348 722 1399 occaso
747 1348 834 1389 dies
860 1345 1255 1401 supr-emarempestas

209 1404 284 1459 esto
309 1420 329 1456 ;
361 1403 428 1446 ubi
451 1405 537 1446 dies
565 1419 637 1460 pro
661 1405 746 1447 diei
770 1436 779 1446 .
832 1405 923 1459 Ego
950 1437 954 1440 .
993 1403 1017 1446 fi
1045 1404 1251 1446 inserenda

208 1463 335 1505 fuerit
359 1477 439 1503 vox
468 1461 552 1504 liaec
579 1461 668 1517 lege
695 1462 739 1503 in
767 1460 834 1504 ista
854 1493 867 1512 ,
900 1460 1067 1503 mallem
1087 1461 1252 1504 scribere

208 1520 304 1564 die:
340 1534 436 1560 nam
465 1531 622 1561 veteres
649 1519 715 1569 dg'e
740 1534 811 1569 pro
837 1519 920 1560 diei
940 1549 952 1569 ‚
985 1518 1027 1561 δί
1047 1516 1154 1570 facie
1182 1534 1252 1569 pro

205 1575 356 1630 faciei,
390 1577 447 1625 (c)
473 1588 515 1617 ut
541 1575 676 1618 Caesar
698 1575 883 1619 censebat
909 1575 982 1617 esse
1006 1590 1050 1617 ea
1079 1574 1247 1616 nomina

212 1632 456 1677 declinanda
486 1665 495 1674 .
539 1634 732 1688 Suprema
758 1648 855 1675 vero
877 1631 1080 1685 tempesias
1102 1632 1251 1674 dicitur

214 1706 290 1748 pro
316 1691 459 1733 ultima
491 1690 583 1733 hora
609 1722 621 1744 ,
671 1706 759 1746 φνεῖ
785 1703 967 1742 tempore
993 1692 1096 1734 XII.
1126 1689 1250 1732 tabul.

211 1759 301 1791 erat
328 1745 418 1789 solis
445 1748 606 1790 occasus
634 1779 644 1790 .
689 1747 764 1790 Sed
794 1747 925 1803 postea
953 1746 1039 1801 lege
1064 1746 1252 1789 Praetoria

158 1812 165 1817 '
209 1806 446 1859 supremum
475 1818 636 1859 tempus
664 1804 741 1848 suit
773 1837 785 1858 ‚
835 1819 916 1859 quo
943 1804 1091 1846 Praetor
1118 1804 1159 1846 in
1186 1821 1246 1846 co>

209 1862 334 1907 mitio
363 1862 591 1916 supremam
621 1862 774 1918 populo
798 1860 1100 1917 pronunciasset
1125 1893 1134 1904 .
1166 1862 1254 1915 (d)

464 2006 531 2047 De
563 2005 790 2047 Vadimonio
821 2005 991 2055 deserto.
1052 2031 1055 2034 ·

329 2063 420 2104 Um
449 2061 562 2115 supra
588 2061 694 2118 leges
719 2061 1000 2113 attulerimus,
1034 2062 1180 2119 quibus
1194 2061 1251 2113 ju-

347 2120 515 2162 bebatur
537 2151 548 2170 ‚
581 2132 624 2163 ut
656 2135 743 2163 reus
766 2120 1048 2175 eximeretur,
1080 2120 1147 2165 ubi
1182 2136 1254 2163 vo-

206 2190 321 2220 catus
346 2176 390 2219 in
421 2175 612 2225 iudicium
638 2177 799 2221 dederat
825 2178 944 2222 vades
966 2177 1254 2233 promittentes

208 2249 302 2277 eum
332 2234 567 2277 adsuturum
592 2235 638 2276 ad
664 2247 818 2277 certam
843 2234 951 2278 diem
985 2267 998 2289 ‚

210 2305 490 2346 proponemus
510 2323 521 2343 ,
553 2291 700 2346 quibus
723 2292 986 2336 excusabatur
1012 2308 1102 2336 reus
1125 2325 1138 2346 ‚
1180 2291 1250 2348 qui
1290 2285 1329 2339 fi

208 2348 311 2391 datis
336 2346 529 2399 vadibus,
553 2348 601 2390 ad
624 2362 776 2391 certam
805 2350 912 2392 diem
942 2365 1026 2393 non
1052 2350 1124 2394 sese
1154 2365 1251 2405 prae-

206 2404 387 2456 finisset,
420 2403 611 2460 justasque
637 2405 839 2449 deserendi
869 2407 1091 2450 vadimonii
1120 2406 1253 2451 causas

207 2462 459 2506 adferemus.
483 2464 644 2505 Harum
672 2480 767 2507 vero
791 2465 997 2507 causarum
1016 2464 1250 2521 ,expressum

209 2532 371 2563 tantum
400 2520 441 2562 in
468 2519 606 2575 legum
631 2520 869 2577 fragmentis
890 2522 1126 2565 invenimus
1140 2538 1247 2565 mor-

213 2577 310 2620 bum
340 2577 544 2621 sonticum
567 2611 577 2632 ,
611 2578 688 2624 five
716 2579 771 2623 rei
797 2611 810 2635 ,
852 2579 930 2625 five
955 2579 1102 2624 anons
1126 2612 1139 2634 ‚
1172 2579 1251 2624 five

209 2703 432 2717 μ-

258 2737 315 2774 0)
340 2736 390 2768 Sic
417 2736 534 2773 legitur
561 2739 593 2768 in
621 2737 714 2770 libris
739 2739 884 2782 antiquis
910 2739 1012 2774 Gellii
1042 2743 1153 2772 XVII.
1182 2749 1250 2783 cap.

215 2791 249 2812 2.
276 2780 306 2812 δι
331 2778 414 2819 apud
443 2780 620 2813 Auctorem
652 2784 693 2814 ad
711 2786 909 2816 Herennium
937 2793 1044 2825 cap-3.
1069 2796 1108 2817 ex
1135 2787 1254 2828 quibus

216 2825 279 2859 hoc
294 2824 515 2864 fragmentum
535 2824 682 2867 depromi
700 2828 806 2868 (υἱεῖς
845 2829 873 2860 8(
902 2830 981 2861 bene
997 2830 1140 2862 Gravina
1169 2831 1253 2864 hanc

217 2879 337 2904 vocem
366 2869 619 2902 afrontat-bus
638 2871 748 2904 firmat
763 2896 770 2903 .
798 2874 950 2906 conscire
971 2874 1021 2905 vel
1040 2875 1250 2911 consciscere,

214 2923 284 2948 erat
312 2915 419 2946 una&
441 2915 531 2946 simul
564 2914 761 2953 decernere,
788 2929 804 2948 a
821 2920 923 2950 veteri
953 2918 1052 2950 scisco
1070 2942 1080 2958 ‚
1109 2920 1192 2953 unde
1208 2923 1254 2955 est
1290 2937 1296 2943 ·

219 2960 249 2992 ἃ
267 2960 512 3002 plebiscitum.
542 2960 639 3002 de
668 2970 779 2994 autem
807 2965 911 2999 vulgo
938 2963 1058 2996 dcitur
1076 2975 1088 2997 .·
1114 2969 1249 2999 Utram-

220 3015 283 3047 que
311 3014 438 3046 partem
467 3004 660 3038 audiendam
679 3007 764 3040 effe.
791 3008 1155 3044 erudiriffimoillustrat
1190 3017 1256 3046 Ra-

218 3049 277 3084 der
309 3051 485 3083 Fornerius
500 3053 564 3082 LV.
584 3053 647 3083 Rer
677 3053 796 3089 quonia.
817 3062 919 3093 εφη.

265 3096 317 3135 [a]
346 3097 400 3126 Li
432 3094 465 3132 ff:
497 3097 532 3128 de
559 3096 676 3137 divers
693 3109 746 3133 req
773 3096 957 3143 junarm‘q.

264 3139 318 3182 (b)
344 3139 453 3175 Liba.
473 3143 585 3186 Relig.
612 3143 701 3186 apud
714 3145 863 3181 Macrob.
880 3144 974 3181 lib-1.
1000 3146 1138 3182 sarum.
1154 3156 1184 3183 c·
1201 3149 1252 3182 18.

1301 386 1347 448 de
1366 386 1541 440 sonticus
1563 392 1718 434 morbus
1741 393 1890 437 dicitur
1921 425 1933 447 ‚
1982 393 2175 451 quidquid
2207 394 2340 447 impe-

1301 443 1360 485 drt
1394 447 1574 500 corporis
1596 448 1774 493 actiones
1804 485 1817 506 ‚
1858 449 1938 505 (f)
1964 454 2235 508 quamobrem
2259 450 2342 494 Ti-

1303 499 1435 544 bullus
1465 504 1508 546 in
1532 520 1573 549 re
1599 506 1816 551 obscoena:

1357 559 1484 603 Parce
1509 592 1518 609 ‚
1557 573 1688 618 precor
1719 596 1732 619 ‚
1788 578 1913 608 tenero
1964 583 2041 609 non
2082 567 2146 610 illi
2182 565 2340 622 sontt'ca

1414 617 1534 671 causa
1557 619 1608 675 est
1628 651 1638 662 .
2042 666 2045 672 ,

1303 675 1412 718 Cum
1441 675 1489 719 iis
1509 708 1521 729 ,
1552 693 1674 734 quem
1707 678 1957 734 corripuisset
1983 682 2153 724 morbus
2176 697 2225 724 ex
2253 679 2343 737 lege

1302 734 1407 776 XII.
1434 733 1516 776 tab.
1541 751 1662 790 quam
1688 751 1709 779 e
1735 736 1890 792 legibus
1919 737 2072 780 Numae
2096 739 2138 780 in
2166 740 2344 781 Decem-

1304 789 1447 834 virales
1475 792 1712 835 translatam
1738 808 1821 835 non
1846 793 2013 837 obscure
2039 794 2176 837 innuit
2193 795 2342 846 Festus,

1301 848 1364 912 (g)
1389 846 1549 892 causam
1579 851 1768 905 praeberet
1803 882 1815 903 ‚
1865 863 2029 906 propter
2053 867 2177 907 quam
2204 850 2345 903 judicii

1301 905 1383 949 dies
1410 907 1720 959 protrahebatur
1740 940 1751 957 ,
1787 907 1865 951 five
1898 920 1942 952 ut
1970 908 2023 952 est
2047 909 2090 952 in
2116 909 2242 962 prisca
2265 909 2348 952 lin-

1300 978 1377 1018 gua
1401 963 1683 1008 diffindebatur
1699 997 1707 1007 .
1726 966 1840 1009 Hinc
1865 965 2038 1017 Iacobus
2064 966 2345 1010 Gothofredus

1301 1021 1399 1063 alias
1422 1022 1685 1076 exceptiones
1713 1021 1905 1077 jungitex
1922 1022 2153 1075 conjectura
2172 1056 2183 1077 ,
2216 1024 2258 1067 ἃ
2281 1024 2343 1066 su-

1303 1078 1506 1122 bobscuris
1530 1091 1714 1122 veterum
1739 1079 1985 1122 testimoniis
2005 1112 2017 1133 ,
2072 1094 2266 1136 putatque
2298 1081 2345 1123 in

1301 1136 1441 1179 eadem
1469 1135 1554 1182 lerze
1579 1136 1690 1180 fuisse
1714 1136 1869 1180 inclusa
1892 1149 1986 1180 vota
2014 1137 2174 1190 publica
2199 1153 2269 1190 pro
2290 1137 2349 1180 sa-

1303 1193 1384 1237 lute
1412 1194 1553 1250 Populi
1582 1196 1789 1248 Romani,
1821 1210 1909 1250 quae
1937 1195 2064 1250 postea
2091 1195 2132 1238 in
2155 1209 2251 1238 vota
2273 1209 2346 1248 pro

1305 1252 1427 1295 salute
1456 1253 1651 1306 principis
1677 1265 1969 1296 converterunt
1992 1285 2001 1294 .
2033 1254 2124 1306 (h)
2155 1253 2276 1305 Justis
2304 1266 2349 1296 e·

1303 1310 1403 1351 tiam
1442 1309 1566 1352 causis
1611 1309 1800 1353 inseritur
1834 1310 2014 1354 absentia
2050 1311 2103 1353 ob
2131 1310 2344 1365 publicum

1304 1367 1513 1421 negotium
1536 1398 1549 1419 ‚
1594 1381 1716 1421 quarn
1741 1367 2071 1421 omnitempore
2099 1367 2242 1418 justam
2273 1381 2347 1409 ex·

1303 1423 1550 1466 cusationem
1579 1422 1689 1468 fuiffe
1717 1439 1799 1466 non
1825 1424 1990 1467 dubito.
2022 1425 2102 1476 (i)
2126 1426 2226 1479 Quae
2245 1438 2351 1467 con-

1302 1480 1461 1530 jeS’rurae
1499 1481 1681 1524 maxime
1718 1480 1963 1531 adjuvantur
1988 1481 2121 1524 verbis
2145 1497 2168 1523 a
2193 1479 2340 1524 Gellio

1304 1537 1439 1580 relatis
1473 1553 1521 1580 ex
1551 1537 1694 1581 Cincii
1720 1537 1828 1580 libro
1850 1539 1898 1581 de
1921 1555 1959 1580 re
1987 1539 2159 1580 militari
2189 1569 2204 1591 ,
2253 1537 2346 1589 (k)

1302 1611 1389 1650 quae
1415 1594 1531 1644 hujus
1558 1595 1685 1638 veluti
1711 1595 1857 1637 tabulae
1885 1596 2063 1649 praebent
2089 1593 2347 1649 exemplum.

1302 1653 1420 1707 Quod
1459 1666 1596 1695 autem
1633 1651 1917 1696 Gothofredus
1938 1652 2144 1695 vindicem
2173 1652 2251 1695 hoc
2285 1651 2350 1694 di-

1302 1710 1466 1765 stinguit
1491 1726 1513 1752 a
1537 1711 1713 1753 vadibus
1735 1742 1748 1763 ‚
1779 1709 2063 1766 quod-vindex
2091 1709 2213 1753 fuerit
2236 1740 2248 1762 ‚
2266 1707 2339 1765 qui

1303 1781 1495 1820 vocatum
1520 1766 1562 1810 in
1588 1766 1646 1818 jus
1669 1767 1933 1820 liberaverit;
1968 1767 2112 1820 vades,
2143 1767 2212 1823 qui
2231 1774 2349 1810 t‘eum

1300 1826 1347 1868 ad
1374 1837 1527 1869 certam
1553 1824 1660 1868 diem
1688 1823 1839 1876 judicio
1866 1824 2053 1868 stiturum
2083 1823 2346 1880 promiserit,

1303 1883 1339 1925 id
1369 1896 1591 1938 utcumque
1618 1897 1755 1925 veram
1789 1881 1939 1925 habeat
1964 1880 2171 1937 originem
2194 1912 2207 1933 ,
2240 1892 2350 1923 tem-

1302 1956 1397 1992 pore
1422 1954 1563 1983 tamen
1589 1939 1785 1990 evanuit,
1818 1937 2146 1994 promiscuusque
2172 1936 2250 1981 fuit
2270 1937 2348 1980 ho·

1302 2014 1392 2042 rum
1417 1995 1709 2041 vocabulorum
1735 1996 1822 2040 usus
1844 2013 1854 2038 ε
1888 1995 1931 2039 8(
1958 1995 2026 2052 qui
2059 1995 2208 2038 vindex
2231 2006 2347 2047 erat,

1302 2072 1414 2099 reum
1443 2056 1496 2098 ob
1522 2055 1558 2098 id
1586 2052 1735 2105 judicio
1763 2053 1957 2098 liberabat
1985 2053 2110 2106 saepe,
2142 2052 2248 2108 quod
2274 2066 2348 2095 va-

1299 2114 1357 2158 dis
1382 2128 1550 2157 munere
1579 2111 1818 2168 fungeretur
1843 2144 1856 2163 ,
1889 2126 1936 2154 ac
1962 2125 2076 2153 reum
2100 2109 2252 2160 judicio
2273 2108 2344 2151 sti-

1299 2187 1439 2216 turum
1463 2169 1724 2226 promitteret
1758 2202 1766 2211 .
1800 2170 1902 2212 Non
1929 2168 2060 2224 magis
2088 2168 2214 2222 probo
2238 2166 2346 2216 (⁸¹⁸)

998 2252 1005 2256 -
1049 2251 1159 2279 nunc
1189 2250 1255 2278 eas
1299 2229 1568 2281 adjeffionem
1605 2227 1793 2271 clausulae
1830 2225 1940 2269 illius
1966 2227 2013 2268 ad
2041 2225 2146 2268 hanc
2173 2223 2303 2278 legem
2323 2252 2339 2276 ,

1357 2286 1492 2341 status
1531 2285 1730 2327 condiezus
1759 2299 1844 2326 cum
1877 2281 1976 2335 hoste
1997 2314 2009 2335 ‚
2043 2297 2131 2338 quae
2159 2279 2340 2324 clausula

1300 2343 1368 2388 hic
1398 2343 1453 2386 est
1486 2342 1605 2398 plane
1636 2340 1770 2385 ociosa
1803 2355 1814 2381 τ
1865 2339 1971 2382 unde
2005 2338 2116 2381 malo
2147 2353 2242 2392 cum
2276 2352 2342 2381 ee-

1299 2401 1393 2446 teris
1423 2400 1591 2444 eruditis
1621 2414 1713 2442 eam
1747 2395 1962 2451 separatim
1997 2396 2132 2440 locare
2169 2426 2178 2438 .
2232 2396 2345 2439 Ver-

1299 2460 1347 2502 ba
1379 2472 1517 2502 tamen
1551 2457 1650 2501 leeis
1682 2453 1799 2508 hujus
1825 2466 1943 2506 prout
1970 2454 2059 2497 surit
2085 2453 2135 2496 ab
2153 2468 2202 2496 eo
2223 2467 2345 2497 com-

1299 2516 1411 2560 missa
1445 2515 1696 2569 proferemus
1723 2530 1733 2554 r
1767 2524 1813 2556 ut
1844 2510 2008 2568 quisque
2042 2510 2121 2555 five
2153 2508 2343 2562 rejicien-

1297 2575 1349 2619 do
1372 2607 1384 2630 ,
1429 2574 1507 2619 five
1552 2571 1760 2629 probando
1789 2569 1940 2623 judicio
1971 2581 2108 2613 utatur
2138 2568 2265 2632 suo..
2297 2569 2340 2610 Is

2207 2635 2339 2680 igitur

2232 2695 2342 2707 —

1297 2702 1675 2715 ——·---—-——-

1344 2735 1400 2775 (ε)
1425 2733 1514 2769 Gell.
1541 2733 1590 2766 lib
1607 2745 1636 2773 9.
1654 2740 1720 2775 cap.
1732 2743 1786 2772 14.

1337 2780 1398 2821 (d)
1424 2782 1527 2812 Varro
1541 2778 1597 2812 lib*
1607 2779 1677 2817 μὴ
1691 2779 1838 2819 linglar.
1853 2775 1962 2809 Festus
1978 2775 2013 2805 in
2028 2770 2123 2806 verbo
2132 2771 2336 2813 supremam·

1343 2825 1398 2866 (a)
1423 2824 1534 2858 Festus
1559 2825 1595 2854 in
1620 2821 1714 2855 verbo
1734 2822 1900 2861 firmicum
1926 2817 2068 2850 morbum
2084 2839 2092 2848 .

1338 2870 1413 2912 U)
1439 2866 1596 2909 Luta-ff
1617 2867 1657 2900 de
1670 2867 1784 2899 edum.
1804 2863 1896 2896 eam.
1958 2865 2020 2906 (g)
2046 2863 2088 2895 1η
2101 2859 2198 2894 verbo
2215 2870 2311 2895 reus.

1342 2915 1404 2957 (h)
1430 2917 1482 2948 Ex
1505 2911 1587 2951 Caio
1611 2915 1633 2944 Ι.
1661 2911 1686 2947 Ιὶ
1711 2912 1880 2944 calvitur,
1910 2911 1974 2952 §-1.
1990 2906 2028 2951 ff
2045 2909 2083 2940 de
2101 2908 2177 2940 V-S.

1346 2962 1401 3000 (ἰ)
1423 2957 1520 2996 Caius
1545 2961 1604 2991 Ι.6.
1621 2955 1656 2998 ff
1669 2956 1697 2998 ft
1710 2958 1782 2999 quis
1797 2965 1883 2988 caut.
1897 2956 1934 2987 in
1948 2953 2048 2993 judic.
2062 2951 2128 2994 [ifl-

1343 3005 1408 3046 (k)
1431 3005 1520 3038 Gell.
1545 3002 1668 3037 lib-¹6.
1695 3009 1801 3042 cap.4.

1341 3052 1420 3093 (⁸⁴¹)
1445 3053 1518 3092 Qua
1533 3049 1566 3082 in
1584 3060 1616 3081 re
1634 3047 1727 3080 facile
1741 3046 1930 3079 assentimur
1946 3043 2066 3078 autori
2094 3041 2335 3087 prohamusqua

1299 3096 1403 3139 legem
1418 3100 1546 3137 eap.65.
1569 3094 1611 3127 fic
1626 3092 1799 3128 separatim
1817 3091 2018 3134 propositam

1332 3137 1387 3177 ‘si
1397 3139 1507 3185 status
1520 3137 1686 3178 condidus
1695 3138 1766 3175 dies
1779 3137 1960 3175 intercedat
1972 3158 1985 3180 ‚
2011 3145 2082 3172 eum
2100 3130 2182 3177 hoste
2196 3133 2247 3169 ¹¹10
2256 3155 2269 3166 .
