2524 3479
240 155 308 208 30
665 130 782 182 DE
837 122 1095 179 oRTU
1153 119 1271 174 ET

243 227 286 256 tu
313 244 325 266 ,
357 223 407 255 ex
445 222 527 265 quo
574 205 759 261 processit
1122 252 1129 259 ·
1233 252 1240 259 .

244 268 557 324 nuncupabatur
585 295 593 305 .
627 261 755 313 Cujus
790 273 888 311 Jurls
920 268 1063 299 natura
1093 253 1262 318 dissimi-

247 330 297 373 lis
319 327 374 371 est
393 321 612 379 aliquando
639 337 659 363 a
687 319 771 370 jure
800 314 941 360 civili.
968 315 1038 376 Jus
1063 326 1177 354 enim
1205 325 1264 353 ci-

244 386 328 431 vile
350 382 550 427 directum
571 378 650 430 est,
675 377 855 420 severum
873 406 884 427 ,
907 370 1129 426 praeCisum,
1144 379 1264 430 atque

248 457 381 490 totum
403 457 423 485 e
454 436 590 481 subtili
619 434 779 478 ratione
797 464 810 485 ,
838 431 1137 490 verborumque
1158 438 1264 469 nati-

241 504 298 546 ¹va
327 497 570 556 proprietate
594 504 839 548 conceptum
856 521 865 531 .
887 490 1173 531 Honorarium
1198 498 1266 526 ve-

251 577 322 612 ro,
356 566 494 611 utpote
521 550 729 608 proditum
764 564 785 593 e
822 562 861 591 re
887 559 1010 609 nata,
1042 543 1085 587 δε
1117 558 1138 606 e
1179 540 1267 597 plu-

251 618 358 661 rium
386 624 629 657 eventorum
655 605 897 664 cognitione
919 635 930 657 ,
965 617 1051 646 imo
1083 599 1264 655 aliquan—

250 676 301 717 do
324 689 371 716 ei<
395 682 598 715 certarum
614 662 972 710 commiseratione
991 658 1267 722 personarum,

250 733 293 776 8<
327 746 375 773 ex
411 724 717 783 opportunitate
749 733 984 775 temporum
1009 728 1267 776 excitatum)

253 787 449 833 remissius
468 784 549 838 est,
578 782 621 825 ὅ(
652 779 900 829 humanius,
936 774 1099 839 plusque
1140 769 1269 836 trabit

250 862 300 892 eit
326 842 600 900 aequitate‚ac
624 838 781 882 ratione
807 834 997 879 utilitatis
1017 844 1268 893 communis,

253 918 378 962 quam
414 916 464 945 ex
490 897 693 954 religione
731 894 946 953 verborum
969 886 1259 954 ‚nge-supersit

253 963 365 1005 tione
391 955 618 1002 vetustatis:
656 969 729 997 nec
755 964 897 995 tamen
930 962 1007 1000 ωτι
1039 944 1157 990 civili
1182 976 1194 998 ,
1224 943 1267 987 &

255 1016 458 1076 prioribus
490 1013 645 1067 legibus
669 1009 923 1054 adversatur:
958 1019 1008 1048 ne
1042 1003 1269 1067 suolexern-

252 1076 324 1134 plo
357 1070 495 1129 populi
522 1067 832 1112 venerationem
864 1062 990 1106 solvat
1013 1076 1137 1125 acm.
1156 1059 1191 1103 se
1212 1075 1269 1102 ci-

253 1148 321 1178 ves
339 1127 596 1183 jurejurando
609 1124 911 1168 obstrinxerunt
925 1137 937 1174 3
953 1119 1012 1164 sed
1030 1119 1072 1182 *id
1086 1116 1255 1173 aliquan

252 1191 331 1243 do,
366 1187 393 1231 si
423 1196 596 1241 cogatur
633 1181 831 1226 varietate
863 1192 1059 1233 temporis
1091 1207 1105 1230 ,
1136 1174 1266 1218 laten-

251 1261 315 1292 ter
337 1244 436 1289 facit
451 1275 462 1297 ‚
481 1244 524 1286 ἃ
552 1239 803 1285 verecunde:
832 1237 1070 1293 plerumque
1091 1248 1187 1276 vero
1212 1231 1267 1274 le-

254 1304 373 1362 gibus
398 1302 453 1344 ita
466 1297 699 1355 obsequitur
711 1329 725 1351 ,
739 1298 794 1340 ita
809 1296 1080 1349 obtemperat,
1095 1303 1137 1333 ut
1151 1303 1268 1332 men-

253 1377 340 1406 tem
368 1357 500 1402 verbis
525 1355 780 1402 reconditam
813 1353 1079 1406 consequatur
1103 1379 1112 1390 .
1143 1347 1268 1410 Unde

254 1435 336 1476 quo
358 1417 456 1472 legis
488 1413 608 1457 verba
633 1427 715 1454 non
749 1409 1024 1466 perveniunt,
1057 1421 1105 1448 eo
1138 1419 1266 1460 magi-

255 1479 400 1520 stratus
426 1471 620 1529 potestate
647 1468 946 1524 perducuntur,
971 1464 996 1507 si
1021 1463 1173 1506 fuerint
1196 1476 1268 1504 an-

256 1533 459 1591 gustiora3
487 1529 513 1572 si
538 1543 634 1571 vero
658 1526 854 1569 severiora
880 1523 955 1565 sint
971 1536 1076 1584 ,per
1094 1520 1268 1564 eundem

256 1589 538 1646 magistratum
555 1617 567 1638 ,
600 1582 801 1639 aequitatis
825 1581 1062 1640 lenocinio,
1083 1579 1264 1621 mulcen-

258 1661 350 1700 tur,
381 1645 425 1688 &
451 1644 498 1686 ad
525 1642 754 1697 pleniorem
787 1637 925 1694 populi
952 1636 1176 1680 utilitatem
1202 1634 1261 1677 de—

257 1705 479 1749 fie&untur
495 1732 504 1742 .
533 1701 676 1755 Itaque
697 1697 756 1749 jus
782 1695 1051 1740 honorarium
1068 1693 1271 1736 lenimen-

257 1775 347 1806 tum
390 1759 470 1803 fuit
494 1756 582 1810 ,ἃ
619 1755 796 1809 benigna
834 1750 1120 1806 interpretatio
1163 1750 1270 1801 Juris

257 1817 434 1863 Civilis:
459 1829 547 1872 quae
575 1814 642 1857 ubi
670 1813 792 1855 verba
823 1811 1110 1860 destituerent,
1132 1823 1253 1850 occur

260 1878 403 1921 rebant
427 1870 606 1929 pleniori
635 1869 834 1912 vocabulo
859 1899 871 1920 ‚
904 1866 1094 1921 sensuque
1119 1864 1268 1907 suavio-

258 1934 293 1978 ri
322 1965 331 1975 .
365 1930 486 1987 Quod
523 1940 654 1971 totum
683 1925 742 1978 jus
769 1957 781 1979 ‚
814 1940 902 1981 quae
935 1925 998 1967 lex
1030 1937 1194 1975 annua,
1230 1935 1271 1963 ut

256 1988 476 2034 Ciceronis
500 1987 564 2037 (a)
597 1984 731 2027 verbis
752 1996 842 2026 utar
867 2014 878 2032 ‚
912 1994 1007 2023 ante
1035 1979 1269 2022 Adrianurn

259 2060 345 2092 erat
361 2079 373 2101 ‚
394 2046 435 2089 δί
461 2043 558 2086 novi
586 2040 769 2084 Praetoris
790 2038 1038 2099 auctoritate
1060 2035 1251 2098 suscitaba

258 2120 349 2152 tur:
384 2102 541 2158 postea,
574 2112 617 2142 ut
636 2098 841 2150 diximus,
869 2095 1042 2139 Adriani
1081 2093 1180 2144 jussu
1216 2093 1273 2136 di-

261 2160 454 2206 ssinCmm
477 2156 633 2211 titulis,
672 2155 951 2212 digestumque
978 2151 1055 2195 fuit
1090 2167 1111 2193 a
1135 2150 1274 2193 Salvio

303 2329 389 2371 (a)
417 2330 459 2359 In
493 2329 626 2357 Verrem.

304 2373 389 2414 (b)
417 2373 495 2405 Vide
518 2367 690 2407 cnjacium
720 2369 755 2400 r'n
775 2367 920 2410 juliano
946 2367 981 2397 in
997 2365 1096 2408 princ.

303 2418 383 2459 (c)
410 2419 447 2448 L.
468 2427 494 2448 t.
535 2414 607 2458 §.si
625 2412 767 2456 paterff
796 2413 833 2444 de
849 2421 953 2443 venir.
982 2413 1016 2441 iri
1045 2406 1167 2451 possess.
1185 2407 1275 2439 min⁴

262 2469 295 2498 1.
311 2465 439 2507 penult.
458 2462 533 2495 Cod.
561 2461 601 2493 de
613 2458 749 2492 condia.
766 2456 871 2490 indeb.
889 2459 947 2490 [2.
977 2456 1005 2495 ὅ.
1018 2455 1047 2497 fi
1061 2456 1114 2498 qui
1128 2454 1252 2486 dicitur
1266 2470 1278 2492 ‚

263 2515 302 2544 ι’.
328 2510 366 2542 de
383 2517 450 2542 ver.
483 2505 549 2545 jur.
577 2505 763 2537 enucleand.

303 2554 388 2595 (d)
417 2553 492 2585 Vide
513 2548 712 2586 Gothofred.
745 2548 897 2582 Manual.
913 2554 988 2588 pag.
1011 2556 1060 2578 10.

306 2599 393 2640 ζ’)
418 2596 684 2631 Venustiffimum
722 2594 766 2626 est
802 2591 863 2625 hoc
910 2600 1033 2633 caput,
1058 2588 1280 2631 refertumqw.

260 2645 361 2678 rebus
399 2643 552 2675 eximiis.
600 2639 660 2672 llla
697 2637 862 2680 imprimis
900 2636 1146 2678 comparatione
1193 2635 1281 2675 Juris

262 2688 382 2724 Civilis
422 2689 452 2719 8<
500 2684 668 2720 honorarii
700 2684 783 2716 nihil
814 2682 1041 2715 artificiosius.
1082 2679 1276 2722 Explicaba·

267 2742 323 2767 tur
374 2740 486 2764 autern
535 2728 723 2768 iurisdif’tio
764 2728 919 2760 Praetoria
960 2728 1047 2760 Albo
1091 2725 1243 2758 Praetoris
1270 2745 1279 2759 ,

263 2775 352 2822 quod
393 2786 459 2809 non
505 2775 570 2806 fine
611 2773 732 2806 mentis
762 2771 1008 2814 perturbatione
1035 2770 1155 2803 intueri
1193 2769 1281 2802 debi-

263 2832 352 2858 tores
392 2820 568 2857 solebant,
607 2816 1002 2859 propter-remediorum
1046 2815 1284 2847 Praetoriorum

265 2864 539 2911 expeditissimam
584 2863 748 2895 rationem
779 2883 787 2892 .
827 2861 970 2894 Accnrsii
1008 2860 1171 2893 sententia
1211 2870 1276 2892 mo>

268 2921 322 2948 tus
355 2910 535 2944 Raevardus
569 2905 709 2940 Prmib.
740 2917 811 2945 ‘·4
845 2905 930 2948 apud
959 2905 1062 2937 Plaut.
1094 2907 1180 2947 Pers.
1211 2908 1283 2938 l.2.

272 2972 307 2994 v.
326 2968 382 2990 21.
415 2966 474 2998 pro
500 2952 572 2987 albo
586 2962 652 2984 rere
680 2952 826 2985 malebat
860 2950 933 2984 albo
957 2950 1107 2991 pariere,
1136 2950 1196 2987 sed
1213 2956 1278 2985 Rae.

272 3002 378 3038 vardo
415 3000 576 3035 renititur
616 2998 853 3033 Taubmannus
879 3019 890 3035 ‚
929 2996 984 3038 qui
1023 2996 1192 3039 vulgatam
1238 2996 1282 3028 le-

273 3049 420 3083 (tionem
461 3044 658 3085 auctoritate
700 3041 856 3077 codicum
900 3049 1053 3074 veterum
1079 3048 1214 3074 tuetur.
1244 3045 1286 3074 Et

272 3104 377 3139 porro
419 3091 572 3133 λεδκωμα
618 3088 752 3132 quidem
793 3086 980 3129 appellatur
1017 3084 1080 3118 hoc
1133 3086 1285 3119 Edifturn

273 3140 374 3174 Dioni
401 3138 506 3173 caffio
534 3134 606 3168 Lib.
631 3140 684 3175 36.
713 3135 743 3167 &
776 3133 970 3165 'rnNovella
991 3141 1045 3171 70.
1078 3130 1117 3162 (9⁸
1150 3143 1222 3163 ποι.
1257 3132 1286 3162 8(

290 3185 438 3226 λεδκωμα
464 3181 579 3216 Suidas
605 3180 717 3213 album
748 3179 998 3220 interpretatur
1012 3176 1172 3217 parietem
1189 3199 1199 3216 ,
1227 3186 1285 3218 gy-

272 3230 329 3274 pso
371 3227 582 3269 obductum,
617 3225 658 3259 ad
698 3223 950 3266 inscriptionem
994 3221 1143 3257 civilium
1179 3231 1288 3257 rerum

1313 115 1856 175 PROGRESSU

781 235 792 256 ‚
823 201 893 264 qui
929 198 990 241 vir
1020 198 1262 240 Honoratus
1312 195 1503 249 juliano,
1522 196 1587 248 (b)
1611 209 1656 239 ut
1683 197 1725 239 in
1750 206 1900 249 corpus
1921 189 2016 242 juris
2037 190 2173 237 civilis
2195 190 2333 235 refer-2

1315 266 1424 298 retur
1443 286 1456 307 ,
1492 253 1759 310 Praetoresque
1786 252 1846 304 jus
1869 248 2052 293 dicerent
2072 281 2085 303 ,
2117 267 2203 295 non
2232 264 2322 294 am-

1316 312 1421 367 plius
1443 326 1495 354 ex
1518 313 1666 355 annuis
1691 343 1702 363 ,
1737 311 1798 356 sed
1821 326 1869 354 ex
1904 310 2104 364 perpetuis
2123 341 2134 360 ,
2165 310 2209 352 ὅτ.
2241 308 2324 350 im-

1316 367 1581 412 mutabilibus
1607 369 1777 412 edistis:
1814 368 1885 425 qui
1913 367 2006 410 libri
2035 367 2132 410 dieti
2160 368 2250 410 sunt
2268 364 2332 408 di-

1316 426 1518 483 gestorum
1550 426 1776 470 edictorum
1797 458 1806 470 .
1840 425 2027 477 Julianus
2072 440 2212 469 autern
2243 437 2331 466 non

1318 483 1440 527 modo
1465 485 1677 528 contexuit
1703 484 1832 528 edicta
1863 496 2025 536 vetera3
2049 484 2107 525 sed
2129 485 2177 526 iis
2202 483 2331 527 inter-

1319 541 1562 598 pretationes
1592 540 1778 593 adjunxit
1809 540 1927 584 simul
1963 556 2059 583 curn
2079 541 2220 586 edictis
2256 554 2333 582 no-

1319 601 1403 653 vis,
1438 600 1602 656 quaein
1629 601 1771 642 nostris
1800 599 1954 656 legibus
1994 613 2108 642 novae
2144 596 2330 643 clausulae

1318 669 1538 701 vocantur:
1571 657 1680 712 isque
1704 656 1825 699 edisti
1859 655 2090 711 praetoriani
2117 657 2331 700 ordinator

1317 714 1544 770 appellatur
1562 732 1585 758 a
1603 714 1830 766 justiniano
1845 744 1859 767 ‚
1881 715 1962 765 (c)
1983 713 2028 756 &
2047 714 2164 757 edicti
2189 728 2329 769 perpe-

1319 774 1377 816 tui
1404 771 1677 816 subtilissimus
1700 771 1911 816 conditor.
1935 770 2001 812 Ad
2018 772 2124 826 quod
2148 771 2329 814 edietum

1320 830 1527 887 sequentes
1552 828 1836 882 jurisconsulti
1877 840 2066 872 veterum
2103 828 2294 884 exemplo
2314 858 2329 882 ,

1320 887 1452 943 plures
1474 887 1796 933 commentarios
1813 899 2074 930 attexuerunt
2089 919 2101 940 ,
2123 899 2166 930 ut
2188 898 2332 942 praeter

1319 946 1436 1002 ipsius
1461 946 1613 998 Juliani
1632 944 1797 1001 scripta,
1816 944 2010 988 testantur
2038 944 2177 998 Pauli,
2191 944 2235 988 ὃ(
2249 943 2334 987 Ul-

1318 1005 1428 1060 piani
1454 1004 1501 1046 ad
1524 1003 1705 1046 edietum
1733 1002 1824 1045 libri
1849 1034 1853 1039 .
1889 1003 2029 1045 Tanta
2056 1004 2169 1045 enirn
2203 1000 2330 1059 aequi-

1318 1074 1400 1105 tate
1425 1062 1648 1104 Praetorum
1682 1059 1810 1102 ediE’ta
1839 1060 2263 1113 commendabantur,
2288 1072 2336 1104 ut

1317 1134 1414 1164 cum
1437 1131 1556 1162 antea
1581 1116 1736 1159 studiosi
1761 1114 1857 1167 juris
1881 1116 2017 1160 civilis
2040 1132 2211 1160 ornnem
2239 1133 2332 1171 pro-

1318 1193 1366 1232 pe
1390 1192 1559 1233 operam
1585 1186 1785 1230 ponerent
1821 1173 1864 1216 in
1898 1173 2056 1230 legibus
2076 1189 2102 1219 x
2123 1190 2136 1216 1
2162 1190 2196 1217 1.
2222 1175 2332 1217 Tab.

1319 1234 1537 1278 Ciceronis
1568 1245 1752 1286 tempore
1769 1263 1782 1284 ,
1814 1230 1938 1274 studia
1958 1230 2055 1283 juris
2079 1232 2336 1285 auspicaren-

1319 1305 1384 1335 tur
1403 1293 1452 1334 ab
1477 1289 1607 1334 edicto
1633 1289 1817 1331 Praetoris
1831 1320 1844 1340 ,
1865 1288 1979 1344 super
2001 1305 2082 1345 quo
2103 1290 2186 1333 Ser.
2201 1289 2339 1345 Sulpi-

1319 1348 1405 1392 cius
1439 1349 1539 1391 duos
1565 1346 1798 1402 conscripsit
1827 1345 1950 1389 libros
1975 1378 1984 1389 .
2017 1348 2167 1391 Ofilius
2196 1362 2338 1392 autem

1306 1405 1404 1458 ejus
1443 1403 1661 1459 discipulus
1712 1403 1813 1446 illud
1849 1416 2035 1448 accurate
2071 1405 2301 1458 composuit
2324 1436 2335 1449 .

1322 1465 1445 1507 Porro
1477 1461 1693 1506 titulorum
1729 1461 1916 1505 ordinem
1938 1494 1950 1515 ‚
1995 1478 2074 1518 quo
2105 1462 2338 1506 ed15‘torum

1321 1522 1464 1565 seriem
1486 1520 1677 1576 disposuit
1695 1519 1882 1570 Julianus
1897 1551 1908 1572 ‚
1929 1521 1995 1570 (d)
2017 1519 2222 1562 revoca-<it
2250 1534 2340 1563 aevo

1322 1580 1454 1622 nostro
1482 1577 1657 1620 feliciter
1681 1578 1853 1629 Jacobus
1874 1576 2152 1619 Goth-›fredus
2168 1609 2178 1623 ,
2204 1577 2272 1631 qui
2294 1592 2340 1620 e·-

1320 1636 1520 1679 diS‘torum
1543 1634 1775 1690 fragmenta
1789 1633 2025 1677 Guillielrni
2054 1633 2261 1677 Ranchini
2277 1633 2341 1677 di·-

1324 1693 1492 1750 ligentia
1528 1691 1771 1747 jampridem
1798 1691 1994 1736 colleela„
2028 1695 2070 1735 in
2104 1692 2205 1735 sedes
2235 1707 2340 1748 quo-

1322 1750 1541 1795 dammodo
1563 1751 1734 1792 restituit
1762 1749 1865 1793 suas.
1894 1751 2021 1792 Nunc
2049 1749 2095 1792 ad
2122 1749 2340 1792 aedilitium

1322 1808 1499 1852 ediffium
1520 1807 1793 1851 transeamus:
1818 1823 1866 1850 ne
1887 1808 1981 1862 quid
2008 1807 2055 1849 ad
2072 1806 2339 1860 compendia-

1327 1881 1426 1907 riam
1463 1864 1724 1920 antiquitatis
1748 1864 2030 1919 cognitionem
2051 1898 2061 1911 ,
2082 1864 2125 1907 &
2146 1865 2194 1907 ad
2221 1863 2345 1907 initia

1323 1922 1418 1976 juris
1447 1922 1641 1966 honorari
1669 1922 1933 1965 desideretur.
1966 1924 1982 1975 (
2010 1923 2029 1944 *
2055 1923 2094 1972 ).

1454 1982 1494 2023 C
1555 1983 1595 2023 A
1659 1980 1686 2021 P
1751 1981 1789 2021 U
1852 1980 1895 2021 T
2014 1980 2228 2023 XXXIX.

1673 2038 1739 2081 De
1757 2037 1967 2080 AEdilzbus
1982 2069 1989 2078 .

1472 2093 1589 2137 Diles
1621 2093 1772 2146 dictos,
1806 2095 1941 2137 Varro
1974 2093 2127 2146 tradit,
2159 2109 2181 2136 a
2215 2093 2342 2137 sacra-

1502 2167 1623 2206 rum,
1657 2151 1988 2208 privatarumque
2025 2166 2188 2205 rerum,
2220 2165 2341 2205 atque

2192 2209 2344 2251 aedium

1434 2288 1644 2296 —n————
2242 2282 2346 2293 -————·

1328 2329 1466 2363 aptum:
1496 2320 1557 2354 Sed
1584 2321 1639 2352 etsi
1670 2321 1773 2361 paries
1809 2320 1910 2351 Suide
1939 2320 2006 2352 hoc
2040 2318 2172 2352 nomine
2202 2317 2313 2350 veniat
2331 2329 2347 2356 ς

1331 2367 1453 2408 patitur
1483 2373 1596 2398 tarne-n
1625 2364 1710 2397 ratio
1741 2364 1922 2401 vocabuli,
1948 2364 2050 2395 etiarn
2081 2363 2233 2396 tabulam
2250 2362 2344 2394 deal-

1330 2412 1440 2452 batam
1481 2409 1598 2442 eodem
1637 2408 1770 2441 nornine
1812 2407 2074 2450 comprehensi.
2115 2407 2212 2449 Qiod
2253 2416 2340 2449 prn-

1330 2466 1416 2489 terea
1445 2456 1516 2489 fieri
1546 2454 1680 2488 suadent
1703 2453 1823 2485 diserta
1860 2454 1961 2486 verba
1994 2452 2101 2494 legis,
2127 2451 2246 2495 quibus
2271 2450 2339 2484 uti-

1329 2511 1383 2534 tur
1421 2499 1594 2536 Gravina.
1636 2497 1788 2532 Edistum
1826 2508 1938 2532 autem
1968 2505 2165 2541 perpetuum
2191 2496 2342 2531 Adriano

1331 2547 1492 2584 debetur,
1533 2544 1585 2578 seu
1609 2566 1620 2584 ‚
1659 2543 1680 2576 si
1724 2543 1828 2576 mavis
1855 2567 1865 2581 ,
1905 2542 2072 2576 Hadriano
2104 2555 2112 2576 ε
2159 2542 2344 2584 adspiratur

1331 2592 1419 2624 enim
1470 2589 1502 2623 id
1551 2599 1673 2623 nomen
1711 2588 1745 2621 in
1785 2589 1892 2622 numis
1934 2588 2066 2621 Latinis
2094 2611 2105 2629 ‚
2146 2586 2234 2630 quod
2276 2590 2346 2618 Au-

1330 2636 1412 2670 c'lori
1454 2646 1522 2668 non
1559 2634 1667 2668 fuerat
1691 2634 1901 2667 observatum
1918 2657 1926 2665 .
1954 2634 2075 2667 seriem
2101 2632 2200 2666 edicti
2226 2641 2344 2674 perpe-

1334 2682 1379 2714 tui
1404 2691 1423 2713 a
1448 2684 1516 2722 Jac.
1542 2677 1756 2714 Gothofredo
1779 2680 1963 2713 exhibitam
1995 2680 2029 2711 in
2055 2677 2204 2711 fontibus
2233 2675 2313 2713 iuris
2329 2699 2341 2714 ,

1333 2726 1502 2760 thesaurus
1527 2725 1607 2759 sistit
1631 2725 1836 2758 ottonianus
1866 2727 1996 2757 T.111.
2024 2731 2054 2765 p.
2077 2733 2154 2761 24¹-
2183 2721 2231 2753 Ad
2249 2720 2340 2754 idern

1333 2770 1475 2806 edictum
1518 2770 1776 2804 commentarios
1815 2770 1886 2802 suos
1923 2768 1964 2800 ad
2008 2766 2180 2799 Vandestas
2227 2766 2348 2808 praeci-

1334 2828 1394 2861 pue
1446 2814 1570 2847 ditexit
1623 2813 1788 2848 Gerardus
1834 2812 1960 2846 Noodt.
2007 2811 2098 2845 idem
2149 2812 2184 2844 iri
2221 2812 2342 2854 synop'·

1338 2859 1571 2895 eandeetarum
1621 2857 1828 2890 fundamenti
1870 2858 1943 2889 loeo
1979 2856 2149 2890 substravit
2193 2857 2346 2890 Vvesten-

1336 2907 1485 2950 bergius.
1514 2907 1561 2937 De
1589 2903 1723 2946 singulis
1755 2911 1867 2935 autem
1908 2905 2087 2946 Braetoium
2121 2902 2235 2936 ed³t⁰tis
2255 2924 2265 2941 ‚
2290 2912 2349 2935 ve-

1336 2953 1397 2986 luti
1421 2951 1461 2984 de
1491 2948 1608 2982 Edicto
1639 2947 1853 2982 cmostavii
1883 2946 1921 2979 de
1939 2959 1978 2980 eo
2008 2947 2095 2991 quod
2123 2957 2230 2981 metus
2259 2946 2349 2979 eaus-

1336 2999 1366 3031 sa
1384 3021 1394 3037 ‚
1433 2996 1472 3030 de
1497 2994 1616 3029 Edisto
1646 2998 1684 3029 C.
1703 2994 1826 3037 aquilii
1853 2993 1942 3029 Galli
1973 2992 2012 3026 de
2045 2994 2122 3026 dolo
2162 2994 2278 3032 malo,
2303 2990 2344 3024 de

1341 3041 1455 3075 edicto
1497 3038 1647 3074 ff’raetotis
1677 3039 1840 3076 Publicii,
1879 3050 1943 3082 quo
1983 3040 2147 3082 proposita
2193 3039 2236 3072 est
2260 3035 2348 3071 astio

1341 3087 1554 3125 Publiciana,
1598 3093 1634 3118 ut
1675 3086 1705 3118 &
1732 3084 1771 3118 de
1798 3084 1923 3118 Editus
1950 3087 2132 3118 Praetorum
2160 3081 2348 3127 repentinis

1337 3133 1444 3166 dicere
1494 3131 1617 3164 Auctor
1656 3130 1855 3173 supersedit,
1895 3141 1934 3163 ne
1960 3130 2174 3172 scriptoribus
2199 3127 2347 3160 Historiae

1341 3178 1453 3221 juris,
1491 3177 1545 3219 qui
1582 3176 1622 3209 de
1663 3175 1715 3209 his
1739 3176 1818 3210 data
1860 3186 1959 3220 opera
2003 3184 2132 3221 agunt,
2170 3171 2347 3214 materiam

1351 3234 1487 3258 ornnem
1511 3222 1724 3266 praeriperet.
