2524 3479
261 121 327 177 32

259 181 341 238 ipsa
367 175 678 233 magistratuum
709 177 927 222 auctoritas
952 174 1178 228 comitem,
1210 187 1271 217 at-

645 103 772 156 DE
835 97 1125 156 ORTU
1189 98 1319 153 ET
1377 97 1987 159 PROGRESSU

1321 175 1377 220 cri
1404 176 1626 232 cupiditate
1645 210 1657 232 ,
1691 178 1751 222 sed
1777 177 1934 223 civium
1959 177 2230 230 juvandorum
2256 175 2336 220 stu⁴

259 254 338 296 que
370 236 608 289 adjutricem
646 236 804 292 flagitat
832 232 1069 289 sapientiam
1095 248 1104 273 ε
1143 247 1231 288 quae
1261 265 1273 287 ‚
1320 232 1389 276 dio
1412 233 1687 290 suscepissent.
1713 237 1919 293 Principio
1938 235 2072 290 enim,
2092 249 2135 279 ut
2156 236 2339 280 diximus

262 313 335 354 pro
359 311 400 339 re
426 308 546 347 nata,
577 294 613 337 ei
640 293 875 344 subveniat,
907 290 1139 346 indicetque
1153 305 1274 346 quor-

262 355 349 398 sum
365 385 378 407 ,
408 352 451 396 &
476 351 679 408 quousque
703 350 903 393 sententia
919 348 1017 405 legis
1031 348 1189 393 ratione
1202 347 1274 390 du-

261 413 324 458 &a
349 422 584 469 procurrat3
615 408 719 452 unde
737 407 940 459 deflectat,
978 422 1058 462 quo
1076 404 1274 449 diffunda-

263 483 329 515 tur
355 486 367 522 3
410 468 581 523 denique
606 465 768 522 quando
796 465 1051 509 extendenda
1076 463 1124 506 sit
1148 495 1161 516 ,
1204 475 1273 506 aut

263 526 527 572 retrahenda:
563 524 669 581 quod
694 523 863 567 moralis
890 521 1155 578 philosophiae
1177 536 1277 576 prae-

263 585 391 636 ceptis
417 617 428 637 ,
463 584 505 627 ἃ
534 581 840 626 dialecticorum
862 580 1012 637 regulis
1032 578 1245 635 expeditur
1267 614 1276 624 .

264 645 455 687 Praeterea
487 640 591 697 leges
616 655 701 682 aevo
728 640 795 683 suo
819 640 927 682 notis
943 671 955 692 ‚
986 650 1105 693 atque
1126 636 1276 692 perspi-

265 702 350 744 cuis
377 698 507 741 verbis
532 697 743 754 expressae,
776 696 1124 751 conformataeque
1145 693 1193 736 ad
1218 693 1273 736 sui

263 771 422 802 morem
446 755 591 810 seculi,
624 754 972 818 progredientibus
998 751 1249 807 temporibus
1267 782 1279 798 ,

269 815 537 859 obscurantur
561 830 570 855 ε
606 829 702 869 quia
728 811 1010 868 longinquitas
1038 810 1235 865 temporis
1263 840 1276 862 ,

263 885 332 917 aut
356 872 471 916 exuit
498 870 735 914 hominibus
762 885 896 914 mores
923 869 1070 925 priscos
1095 899 1110 921 ‚
1152 867 1274 911 addu—

264 930 338 976 &is
359 928 502 982 novis,
533 940 603 972 aut
626 926 781 973 excutit
801 943 822 971 e
842 927 1040 971 memoria
1056 958 1068 980 ,
1087 941 1274 969 commu-

263 988 390 1045 nique
418 985 609 1043 loquendi
639 985 929 1029 consuetudine
952 983 1076 1039 prisca
1101 983 1276 1027 vocabu-

267 1045 332 1099 la,
369 1044 478 1088 sensu
503 1043 675 1087 illorum
700 1042 924 1086 immutato
948 1058 958 1084 :
993 1053 1112 1097 atque
1137 1041 1193 1084 ita
1218 1040 1276 1084 le-

264 1118 367 1160 gum
395 1102 464 1144 lux
487 1100 659 1156 eripitur
681 1100 812 1144 oculis
836 1100 989 1144 civium
1006 1132 1018 1153 ,
1050 1099 1094 1142 ὃς
1121 1113 1202 1142 nox
1215 1097 1276 1142 of-

263 1158 453 1204 funditur
481 1157 652 1214 publicae
681 1157 888 1202 voluntati
910 1189 922 1211 ,
955 1157 1028 1201 nisi
1055 1157 1195 1212 praesto
1227 1156 1275 1200 sit

262 1216 412 1274 aliquis
439 1231 604 1260 morum
629 1247 641 1270 ,
691 1217 991 1272 verborumque
1028 1215 1275 1262 vetustorum

264 1290 415 1332 gnarus
437 1304 450 1326 ‚
482 1287 602 1329 atque
633 1272 786 1329 peritus
815 1305 828 1327 ‚
858 1274 927 1329 qui
956 1273 1107 1327 septam
1140 1272 1276 1326 priscis

262 1330 500 1384 vocabulis,
532 1331 576 1373 ὃς
600 1331 782 1374 moribus
806 1330 943 1387 legum
961 1329 1201 1373 sententiam
1217 1328 1276 1371 di-

262 1390 439 1445 ligenter
455 1387 645 1431 evolvat.
665 1390 947 1442 Quamobrem
969 1403 988 1431 e
1004 1386 1276 1442 philosophia,

263 1446 450 1503 testaque
473 1444 744 1488 ratiocinandi
761 1460 904 1489 norma
919 1477 931 1500 ,
963 1461 1051 1500 quae
1065 1444 1275 1488 abstra&as

264 1521 288 1548 a
313 1504 429 1548 rebus
453 1501 619 1557 singulis
646 1501 752 1557 leges
777 1515 889 1557 aptat
915 1534 928 1557 ‚
968 1502 1274 1558 adglutinatque

263 1559 467 1618 negotiis:
501 1560 545 1602 δε
569 1575 618 1603 ex
649 1560 896 1616 antiquitate
927 1591 939 1614 ‚
971 1573 1090 1616 atque
1119 1559 1270 1615 perspe-

264 1619 330 1663 &a
365 1617 611 1674 proprietate
645 1617 940 1662 vocabulorum
973 1649 985 1670 ,
1029 1631 1229 1673 tanquam
1253 1633 1274 1660 e

265 1676 475 1734 germanis
498 1674 696 1718 radicibus
725 1706 737 1729 ‚
769 1674 1082 1731 jurisprudentia
1108 1675 1270 1718 consur-

297 1734 352 1778 it:
386 1747 499 1790 quae,
532 1747 627 1775 cum
650 1732 695 1775 sit
715 1733 963 1777 moderatrix
1006 1733 1049 1775 &
1079 1732 1275 1786 interpres

264 1751 403 1849 fegum
429 1821 441 1842 ‚
475 1790 571 1832 boni
603 1789 647 1832 δι
677 1790 778 1846 aequi
810 1806 872 1833 ars
902 1807 924 1833 a
957 1790 1031 1833 suis
1054 1789 1276 1833 cultoribus

264 1847 516 1905 appellatur.
549 1849 644 1890 Hoc
671 1848 776 1900 apud
801 1850 965 1892 Graecos
979 1863 1128 1891 munus
1145 1879 1157 1900 ,
1179 1863 1272 1903 prae-

267 1906 405 1951 sertim
433 1903 611 1947 Athenis
640 1936 653 1958 ‚
687 1903 769 1948 fere
793 1905 1032 1960 praestabant
1057 1918 1235 1948 oratores
1265 1921 1273 1945 :

267 1964 338 2020 qui
363 1963 458 2005 dum
488 1961 621 2005 causas
643 1962 820 2018 agebant
851 1994 863 2016 ,
910 1962 1015 2018 leges
1048 1963 1233 2006 obscuras
1264 1994 1275 2015 ,

268 2034 339 2065 aut
359 2020 558 2073 incertas,
590 2034 639 2062 ex
664 2019 734 2062 usu
760 2019 826 2063 suo
848 2019 1275 2075 explicabant‚eoque

267 2079 355 2121 vim
379 2075 537 2132 ingenii
563 2106 576 2129 ,
618 2076 662 2119 &
698 2092 831 2120 rerum
870 2078 1058 2132 peritiam
1092 2076 1275 2121 confere-

265 2136 389 2179 bant:
425 2150 506 2188 quo
531 2132 722 2185 Judicum
747 2134 1004 2178 voluntatem
1021 2167 1032 2187 ‚
1051 2134 1093 2177 ἃ
1110 2134 1257 2190 popula

265 2209 327 2237 res
351 2190 598 2235 adfeffiones
622 2190 669 2233 ad
694 2190 857 2235 clientis
887 2223 900 2245 ‚
949 2192 1012 2235 vel
1050 2194 1171 2234 causae
1206 2192 1278 2235 suae

265 2249 492 2294 utilitatem
517 2247 795 2291 traducerent:
829 2265 1007 2304 quorum
1033 2249 1256 2303 interpreta

265 2306 448 2350 tionibus
472 2303 620 2358 privati
644 2306 855 2349 commodi
881 2306 1052 2349 studium
1068 2338 1080 2359 ,
1113 2307 1268 2349 necessi-

263 2364 401 2420 tasque
423 2361 692 2414 defensionis,
723 2363 766 2406 ὃς
801 2362 968 2418 suspicio
996 2363 1190 2406 mercedis
1213 2379 1271 2406 ac·

265 2434 392 2477 ceptae
412 2421 532 2464 fidem
553 2419 780 2464 adimebat.
802 2422 963 2464 Verum
980 2423 1124 2463 Romae
1141 2421 1276 2476 legum

265 2477 669 2535 interpretandarum
712 2493 776 2521 ars
808 2477 929 2534 longe
959 2478 1126 2534 gravior
1156 2477 1233 2522 fuit
1266 2510 1276 2531 ,

264 2537 310 2582 &
343 2535 541 2580 sanftior:
576 2550 660 2578 non
692 2535 806 2579 enim
832 2567 844 2589 ‚
878 2548 921 2579 ut
942 2535 1046 2590 apud
1070 2537 1238 2580 Graecos
1266 2567 1277 2589 ‚

266 2594 602 2638 conducebantur
633 2592 914 2649 interpretes;
957 2593 1017 2637 sed
1050 2592 1079 2636 ii
1115 2605 1276 2637 tanturn

266 2652 573 2706 accipiebantur
598 2682 611 2702 ,
667 2650 812 2708 quibus
853 2666 945 2694 eam
989 2650 1277 2694 auROritatem

268 2708 428 2751 summa
472 2707 648 2750 scientiae
691 2739 704 2761 ‚
744 2721 868 2764 atque
921 2707 1087 2751 virtutis
1135 2708 1279 2763 opinio

267 2763 497 2818 tribuisset,
527 2764 677 2820 quique
707 2763 819 2809 hunc
853 2764 1035 2809 laborem
1068 2765 1184 2809 nulla
1216 2765 1279 2810 lu-

264 2894 597 2907 --—-
601 2894 836 2906 ——.——-

309 2926 392 2967 (⁴¹)
417 2925 484 2967 Qui
520 2923 673 2967 splendor
714 2923 974 2968 jurisprudentiae
1014 2925 1091 2959 dein
1135 2928 1277 2960 nimium

269 2979 431 3015 quantum
469 2969 634 3003 obscurari
661 2970 790 3012 coepit,
830 2980 905 3003 cum
943 2969 1052 3002 civilis
1080 2971 1212 3006 scientia
1240 2972 1272 3005 li>

274 3019 446 3051 benorum
495 3014 673 3048 artificium
709 3015 784 3048 effer
812 3039 820 3048 .
879 3015 1103 3049 Mamertinus
1141 3019 1176 3049 in
1217 3020 1280 3050 Pa-

267 3069 379 3105 negyr.
416 3072 443 3094 c.
461 3071 516 3093 20.
561 3061 593 3093 8(
627 3061 733 3093 servus
775 3059 898 3101 scytha
946 3070 965 3092 a
1003 3060 1074 3093 cive
1103 3062 1264 3095 Antioche

267 3119 312 3142 no
350 3113 486 3145 emtus,
531 3103 581 3143 ius
610 3106 846 3148 profiteretur.
887 3104 1023 3138 Photius
1049 3107 1085 3138 in
1114 3106 1275 3140 Bibliorh.

268 3154 429 3195 eod.271.
472 3152 504 3186 δε
552 3160 676 3187 nomen
714 3150 851 3198 Ulpiani
895 3160 955 3196 pro
983 3149 1067 3194 pisce
1093 3151 1145 3186 vel
1171 3151 1280 3188 edulio

1323 291 1420 334 alibi
1440 323 1452 345 ,
1476 291 1613 346 legum
1640 295 2000 350 interpretationes
2026 307 2223 350 tanquam
2248 307 2343 336 ora-

1325 348 1415 391 cula
1456 364 1477 391 e
1501 350 1679 408 collegio
1709 353 1955 396 Pontificum
1993 352 2301 407 proferebantur
2328 379 2343 402 ‚

1327 407 1609 461 posterioribus
1633 426 1728 453 vero
1750 412 2017 466 temporibus,
2037 412 2105 467 qui
2132 410 2233 462 fide,
2254 421 2343 464 atq;

1325 463 1566 527 austeritate
1593 469 1739 511 ceteris
1762 469 1964 522 anteiret,
1998 471 2147 525 quique
2173 466 2345 522 speaata

1327 534 1477 566 virtute
1513 526 1617 581 apud
1642 527 1750 570 cives
1777 526 1869 570 esset
1891 559 1903 580 ‚
1935 527 1966 570 is
1997 528 2069 570 sele
2104 525 2264 582 publice
2295 522 2346 566 ad

1325 581 1644 635 respondendum
1670 584 2040 639 dabat.Tantique
2066 587 2169 638 apud
2187 585 2345 626 Roma-

1326 652 1399 701 nos
1419 637 1458 681 id
1481 640 1775 690 aestimabatur,
1798 654 1842 686 ut
1858 642 2078 685 nobiliores
2094 641 2258 695 ‚(**)&
2286 639 2344 681 sa-

1326 696 1549 752 pientiores
1587 699 1697 742 hunc
1730 699 1912 742 laborem
1950 714 2032 741 non
2066 697 2338 752 refugerent:

1327 756 1412 797 imo
1439 753 1483 798 &
1502 756 1551 799 ad
1574 772 1621 800 ea
1651 772 1809 813 quoque
1834 756 2156 807 descendebant,
2182 771 2270 811 quae
2294 770 2340 796 a·

1328 812 1404 866 pud
1430 813 1622 867 Graecos,
1656 813 1819 857 nonnifi
1854 829 1925 870 per
1951 813 2224 870 pragmaticos
2251 843 2263 866 ‚
2295 811 2342 856 &

1326 869 1521 926 legulejos
1558 871 1847 916 subservientes
1885 871 2118 915 oratoribus
2152 868 2342 925 expedie-

1325 928 1475 972 bantur
1501 961 1510 972 .
1539 932 1682 986 Itaque
1710 942 1825 973 tanto
1847 930 1888 972 in
1917 929 2072 973 honore
2102 944 2179 985 prae
2198 925 2344 971 ceteris

1325 987 1512 1041 gentibus
1543 986 1602 1039 ius
1627 986 1750 1031 civile
1783 987 1888 1042 apud
1916 990 2131 1031 Romanos
2155 999 2240 1029 erat
2260 1017 2272 1036 ,
2297 994 2345 1027 ut

1326 1043 1410 1087 haec
1436 1043 1601 1088 scientia
1623 1044 1804 1098 eximia,
1824 1045 1867 1088 ἃ
1892 1044 2106 1099 peculiaris
2129 1047 2344 1087 Romano-

1327 1116 1420 1144 rum
1441 1100 1586 1145 suerit:
1624 1101 1735 1153 cujus
1779 1102 2016 1145 inventores
2055 1101 2125 1156 ipsi
2150 1101 2192 1144 &
2218 1100 2344 1144 habe-

1326 1159 1497 1213 bantur,
1518 1159 1561 1203 &
1584 1171 1725 1202 erant.
1750 1158 2188 1211 UndeJurisconsultis
2212 1173 2342 1213 aeque,

1325 1229 1446 1272 atque
1475 1217 1644 1260 summis
1661 1218 1917 1261 exercituum
1932 1217 2115 1269 ducibus,
2132 1214 2345 1259 maximis-

1327 1290 1403 1330 que
1418 1274 1686 1326 Oratoribus,
1702 1275 1882 1331 potiores
1907 1275 2050 1330 gradus
2075 1274 2116 1317 in
2146 1271 2347 1328 Republi-

1327 1348 1371 1375 ca
1390 1332 1611 1388 patebant.
1631 1332 1889 1376 Clarissimus
1913 1333 2027 1376 enim
2063 1335 2229 1389 quilque
2256 1343 2344 1386 atq;

1327 1390 1692 1446 ingeniofiffimus‚
1727 1389 1790 1434 vel
1816 1390 1932 1433 simul
1960 1406 2054 1433 curn
2079 1389 2257 1432 oratoria
2282 1387 2347 1430 fa-

1327 1449 1478 1491 cultate
1512 1446 1869 1502 jurisprudentiam
1908 1447 2220 1503 conjungebat3
2254 1444 2348 1498 vel,

1327 1505 1354 1548 si
1385 1522 1408 1548 a
1431 1505 1678 1549 clamoribus
1702 1504 1778 1549 fori
1802 1505 1874 1550 sese
1899 1505 2024 1548 studio
2048 1505 2198 1561 quietis
2223 1504 2265 1545 in
2284 1502 2349 1554 ju-

1323 1574 1607 1621 lventute‚aut
1634 1562 1677 1606 in
1711 1564 1908 1607 seneclute
1937 1563 2054 1605 taedio
2080 1562 2347 1617 negotiorum

1325 1633 1542 1674 avocaret,
1578 1620 1626 1663 ad
1669 1619 1728 1671 jus
1751 1620 1874 1665 civile
1910 1622 2211 1676 profitendum,
2251 1631 2346 1661 tan-

1326 1694 1450 1735 quam
1482 1678 1525 1721 in
1553 1689 1718 1733 portum
1750 1678 1784 1722 se
1808 1678 2031 1732 recipiebat
2057 1710 2066 1720 .
2101 1679 2166 1721 Eo
2186 1678 2346 1720 etenim

1327 1736 1451 1779 studio
1490 1736 1570 1779 duo
1612 1767 1625 1788 ,
1666 1751 1754 1792 quae
1791 1736 1973 1780 maxime
2016 1735 2062 1778 in
2105 1735 2345 1778 civitatibus

1329 1793 1484 1849 pollent
1505 1825 1518 1847 ‚
1550 1792 1711 1850 ingenii
1739 1794 1823 1836 laus
1848 1825 1860 1847 ,
1891 1793 1935 1837 δι
1965 1791 2214 1836 existimatio
2247 1806 2347 1847 pru-

1326 1852 1472 1894 dentiae
1517 1851 1838 1894 continebantur
1870 1883 1879 1894 .
1932 1852 1998 1901 (a
2023 1852 2055 1902 )v
2091 1851 2205 1892 Hinc
2236 1846 2345 1903 apud

1334 1911 1545 1952 Romanos
1589 1908 1649 1958 jus
1681 1908 1804 1952 civile
1846 1924 1869 1950 a
1902 1908 2008 1951 recta
2054 1907 2211 1950 ratione
2267 1907 2343 1948 du-

1327 1967 1438 2009 &um
1473 1965 1813 2018 praestantioribus
1855 1966 2007 2008 artibus
2039 1965 2300 2008 excolebatur
2325 1978 2338 2004 t

1328 2039 1423 2066 cum
1465 2022 1525 2074 jus
1579 2022 1753 2065 aliarum
1807 2023 1998 2079 gentium
2043 2023 2137 2066 rude
2185 2020 2346 2076 prorsus

1328 2080 1459 2133 esset,
1501 2079 1545 2122 &
1577 2079 1841 2124 inconditum
1869 2111 1878 2123 .
1923 2083 2059 2135 Quam
2092 2091 2228 2123 autem
2273 2093 2346 2121 au-

1327 2139 1560 2181 &toritatem
1606 2137 1649 2180 in
1684 2137 1857 2193 publicis
1904 2137 2082 2194 negotiis
2128 2135 2343 2192 magistra-

1332 2211 1393 2238 tus
1420 2211 1432 2248 3
1464 2195 1636 2238 eandem
1671 2195 1714 2238 in
1749 2195 1919 2251 privatis
1964 2211 2086 2251 prope
2119 2193 2343 2237 afferebant

1330 2250 1608 2303 jurisconsulti
1638 2269 1647 2293 :
1684 2253 1752 2309 qui
1787 2252 1952 2307 singulis
1983 2253 2139 2296 civium
2170 2265 2344 2295 contra-

1328 2310 1490 2361 &ibus,
1523 2309 1806 2362 testamentis,
1839 2311 1882 2352 ὃς
1915 2309 2080 2362 litibus,
2115 2309 2190 2352 suis
2210 2307 2344 2351 consi-

1332 2367 1394 2410 liis
1436 2365 1572 2421 praesto
1603 2379 1745 2419 erant,
1779 2366 1842 2410 vel
1871 2366 2088 2419 cavend03
2122 2365 2185 2408 vel
2218 2366 2342 2420 stipu-
2391 2367 2394 2370 ’

1331 2423 1527 2476 lationes,
1559 2422 1602 2466 ἅ
1640 2424 1878 2468 testamenta
1913 2423 2128 2477 difflandog
2160 2422 2225 2466 vel
2261 2422 2342 2465 dis-

1330 2481 1671 2538 senfiones,atque
1697 2481 1910 2525 discordias
1933 2480 2104 2525 arbitrio
2128 2481 2196 2524 suo
2222 2496 2342 2524 com-

1331 2538 1520 2596 ponendo
1547 2571 1557 2581 .
1592 2541 1727 2594 Quam
1778 2540 1831 2583 ob
1875 2540 2037 2583 causam
2063 2571 2075 2593 ‚
2118 2552 2190 2582 aut
2221 2532 2338 2581 domi

1331 2597 1508 2641 sedentes
1538 2597 1800 2650 excipiebant
1840 2597 2118 2648 consultores,
2144 2608 2215 2640 aut
2247 2611 2338 2638 am-

1330 2654 1513 2698 bulantes
1545 2655 1767 2698 transverso
1793 2655 1882 2699 foro
1907 2655 2064 2698 consilii
2096 2654 2150 2697 sui
2175 2652 2340 2708 copiam

1329 2711 1557 2755 faciebant:
1592 2725 1661 2755 aut
1685 2713 1828 2757 amicis
1858 2713 1904 2756 in
1937 2712 2091 2764 judicio
2111 2710 2338 2766 disceptan-

1328 2770 1437 2814 tibus
1466 2784 1631 2824 operam
1658 2769 1808 2813 dabant
1826 2802 1835 2814 .
1870 2770 2055 2812 Pluribus
2084 2780 2224 2811 autem
2247 2766 2342 2810 scri-

2249 2837 2341 2880 pto-

1329 2930 1503 2963 haberetur
1528 2952 1536 2961 .
1579 2930 1773 2961 Ammianus
1810 2930 2030 2962 Marcellinus
2069 2928 2133 2962 lib.
2174 2929 2286 2960 XXX.
2312 2937 2344 2960 e.

1328 2986 1360 3013 4.
1401 2974 1623 3007 rraestantiam
1662 2973 1924 3017 jurisprudentiae
1969 2979 2118 3008 Romane
2157 2984 2222 3016 prae
2248 2975 2340 3006 Grae·

1329 3031 1365 3052 ca
1420 3020 1567 3062 pluribus
1618 3020 1737 3052 extulit
1790 3020 1937 3052 Gravina
1991 3020 2023 3052 in
2066 3019 2216 3051 oratione
2278 3026 2340 3059 pro

1332 3065 1487 3098 Romanis
1538 3063 1663 3108 legibus
1716 3064 1757 3097 ad
1811 3076 1967 3110 magnum
2015 3064 2231 3100 Moschorum
2275 3066 2339 3096 Re-

1331 3120 1425 3154 gem.

1373 3156 1423 3197 (a
1439 3154 1458 3194 )
1482 3154 1552 3190 Cic.
1576 3156 1614 3190 de
1627 3164 1706 3190 orat.
1734 3153 1792 3189 lib·
1810 3166 1842 3188 2.
