2524 3479
218 108 367 145 xxiv
446 85 551 140 DE
583 79 774 136 VITA
811 77 915 130 ET
945 75 1227 129 SCRIPT.
1251 75 1379 148 J.V.
1406 75 1631 129 GRAV.
1653 72 2187 130 PRAEFATIO‘Soe.

287 164 406 215 Illud
440 160 609 212 constat
629 195 640 216 ,
671 154 862 203 minime
892 152 1039 198 nostro
1071 149 1215 196 visum
1252 151 1379 199 fuiffe
1399 148 1704 216 philosophari
1726 165 1852 194 more
1872 149 2119 211 majorum.
2163 152 2358 202 Praeive.

218 250 285 284 rat
306 229 604 282 Bernardinus
622 222 854 274 Thelesius
875 255 886 275 ,
926 217 1231 265 Consentinus
1252 254 1264 276 ‚
1306 218 1394 281 ipse
1413 234 1591 282 quoque
1612 252 1624 272 ‚
1664 231 1712 261 ut
1733 214 1870 262 initio
1891 215 2117 264 monitum
2137 218 2252 278 fuit,
2291 220 2358 269 ci.

219 304 291 352 ij
309 299 521 348 Gravinae
542 333 554 354 ,
591 297 634 340 8(
672 288 880 337 conditor
899 283 1157 331 Academiae
1177 283 1464 332 Consentinae
1487 320 1500 342 ,
1538 282 1614 348 qui
1653 282 1802 329 seculo
1821 297 2013 330 exeunte
2031 283 2212 332 decimo
2228 287 2359 337 sexto

222 369 392 436 primus
442 366 488 413 in
540 359 675 410 Italia
710 353 950 423 Aristoteli
984 351 1196 398 nuntium
1229 352 1412 398 mittere
1448 351 1586 417 coepit
1609 386 1621 407 ‚
1663 349 1734 396 sed
1763 347 2055 397 frementibus
2090 351 2357 403 adversariis

222 437 366 486 animi
406 447 606 481 mortuus
643 425 703 472 est
739 421 1031 487 aegritudzne.
1073 420 1239 465 Parum
1272 417 1514 465 deterritus
1550 416 1758 465 Gravina
1789 414 1876 463 viri
1908 416 2029 475 fam,
2068 435 2160 467 non
2180 436 2360 471 tantum

225 509 465 555 Platonem
505 490 744 545 Aristoteli
783 490 928 552 palam
968 485 1142 550 praefert
1163 485 1207 531 in
1227 484 1433 534 oratione
1451 484 1504 532 de
1522 483 1839 532 instauratione
1859 483 2105 532 studiorum
2126 523 2139 545 ‚
2178 490 2223 535 8<
2243 489 2354 538 alibi

223 573 297 621 sed
335 570 471 618 etiam
515 561 767 613 Cartefium
805 553 1033 602 interdum
1071 552 1216 600 laudat
1237 588 1249 609 ,
1285 552 1381 600 imo
1403 553 1549 616 palam
1569 550 1818 599 subindein
1838 551 2056 598 Hobbesii
2087 555 2256 603 militat
2289 575 2362 604 ca.

226 641 352 689 stris.
407 639 742 684 Contraxerat‚
781 622 914 670 credo
940 657 952 677 ‚
985 620 1097 692 hanc
1134 637 1236 666 cum
1271 620 1504 667 Hobbesio
1541 617 1914 667 consuetudinem
1952 618 1999 665 in
2036 620 2361 671 consuetudine

226 725 331 755 cum
367 699 628 751 hominibus
665 689 890 741 Britannis
921 723 933 744 ‚
973 703 1051 750 qui
1087 685 1344 751 frequenter
1379 690 1536 735 Romae
1571 686 1800 734 versantur
1822 721 1834 743 ,
1870 687 1915 732 &
1949 702 2139 749 quorum
2173 688 2362 753 quidam

228 776 344 822 hunc
380 770 532 817 civem
572 761 759 811 mirifice
792 754 1017 803 dilaudare
1054 752 1227 799 solent.
1266 757 1337 800 Ex
1375 753 1460 800 hoc
1496 753 1633 819 igitur
1668 753 1815 801 noster
1833 769 2044 816 magnam
2065 770 2235 816 partem
2252 756 2364 805 deli·

229 840 356 889 bavit
394 852 582 887 eorum,
621 846 715 894 quae
750 825 942 896 depr-tu
977 820 1226 892 primarum
1263 820 1504 868 civitatum
1541 838 1597 867 ex
1627 837 1788 867 mutuo
1818 835 1976 876 metu,
2017 819 2236 868 admixtis
2264 823 2365 887 qui-

231 909 411 955 busdam
449 896 651 949 Platonis
690 894 874 940 somniis
900 922 912 943 ‚
950 902 1112 958 repetit
1132 904 1179 933 in
1195 889 1406 951 Originum
1425 893 1476 934 L.
1496 891 1531 934 I.
1549 907 1581 934 c.
1604 904 1682 950 31.
1721 886 1882 934 tumin
1902 885 2124 950 prioribus
2145 889 2364 951 capitibus

231 974 336 1023 libri
373 969 493 1019 tertii
529 1003 539 1015 .
580 959 860 1013 Hobbefium
897 970 1049 1025 tamen
1082 951 1224 1015 ipsum
1261 954 1476 1002 libentius
1510 954 1702 1019 legeris,
1741 953 1950 1018 quamvis
1987 953 2257 1019 eloquentiae
2291 955 2370 1003 de.

229 1042 436 1089 stituatm.
473 1031 719 1083 luminibus
755 1028 810 1096 &.
838 1023 983 1068 latinae
1020 1018 1184 1083 linguae
1220 1021 1437 1068 candore.
1480 1020 1668 1068 Differit
1689 1020 1812 1067 enim
1832 1019 2084 1084 copiosius,
2128 1023 2367 1087 multoque

233 1112 330 1172 plus
349 1104 499 1153 nervis
529 1101 651 1147 valet
686 1095 734 1142 in
771 1086 1064 1159 d1fferendo,·
1089 1103 1225 1148 quam
1262 1086 1466 1135 Gravina
1491 1123 1507 1145 ,
1543 1087 1666 1148 cuius
1695 1088 1789 1133 laus
1821 1088 1965 1149 major
1999 1086 2044 1132 in
2079 1088 2370 1153 antiquitati-

227 1177 312 1223 ·bus
362 1172 465 1235 juris
503 1170 639 1214 Rom.
672 1176 805 1227 quam
840 1156 1127 1226 inacumlne
1160 1153 1427 1201 dialectico.
1465 1153 1667 1201 Accedat
1700 1154 1884 1200 libertas
1918 1152 2132 1201 Britanni
2167 1189 2179 1211 ‚
2217 1155 2369 1204 omnia

233 1239 435 1290 audentis
455 1274 466 1295 ,
505 1234 611 1298 quia
645 1229 965 1278 nihilmetuit:
1007 1236 1147 1291 quum
1180 1221 1377 1283 plurima
1409 1222 1635 1267 occultare
1668 1222 1712 1267 8<
1732 1219 1951 1267 subticere
1970 1218 2275 1270 Consentinus
2293 1240 2370 1270 co.

230 1324 444 1373 geretur,
485 1319 538 1350 ne
575 1295 761 1347 offensas
798 1292 844 1338 in
885 1288 925 1334 se
954 1285 1227 1358 'suscipere-t.
1620 1322 1624 1325 -

301 1374 347 1421 Si
383 1371 489 1436 quid
524 1369 568 1416 in
590 1368 685 1427 ,jure
702 1371 902 1422 emergat
921 1353 1200 1399 difficultatis
1218 1389 1230 1409 ‚
1269 1371 1360 1401 non
1379 1353 1426 1401 in
1444 1352 1736 1402 Triboniano
1755 1351 1905 1402 statim
1925 1354 2072 1401 fabam
2094 1354 2219 1402 cudit
2239 1392 2252 1414 ‚
2291 1371 2374 1405 aut

235 1439 483 1488 acrioribus
502 1429 738 1494 justiniani
759 1425 960 1486 indulget
979 1419 1396 1483 reprehensionibus
1417 1457 1429 1479 ,
1450 1420 1520 1468 sed
1537 1421 1771 1485 utriusque
1789 1421 1974 1469 admiffa
1995 1422 2158 1468 leniter
2176 1424 2372 1487 plerum.

233 1525 324 1572 que
370 1503 546 1553 excusat
566 1538 578 1548 .
617 1493 939 1559 Amstoricaoey
981 1500 1135 1558 praeter
1168 1486 1433 1534 Manutium
1463 1524 1475 1545 ,
1516 1489 1758 1551 Cujacium
1780 1526 1791 1546 ‚
1812 1487 2150 1536 Gothofredum
2171 1525 2183 1546 ,
2225 1490 2370 1537 utitur·

238 1571 495 1622 Hotmarmi
518 1607 530 1628 ‚
569 1561 763 1615 Merillii
796 1596 807 1616 ,
848 1553 1094 1626 Br1ff0n119
1119 1553 1323 1600 Raevardi
1345 1590 1356 1611 ,
1377 1554 1705 1620 Scaligerorum
1725 1591 1740 1612 ‚
1781 1554 1916 1602 Petiti
1938 1591 1949 1612 ‚
1992 1553 2219 1602 interdum
2234 1555 2373 1605 etiam

239 1639 395 1689 Rofini
417 1638 469 1684 de
490 1628 860 1697 Antiquitatibus
881 1626 1102 1694 Romanis
1121 1654 1134 1676 ,
1176 1619 1312 1692 saraei
1331 1621 1379 1667 in
1397 1623 1572 1668 Lexico
1591 1622 1771 1669 Critico
1793 1658 1805 1679 ‚
1827 1621 2015 1669 Henelii
2033 1621 2086 1669 de
2105 1621 2216 1669 vitis
2233 1626 2378 1682 JCto.

236 1726 340 1756 rum
356 1742 366 1753 .
405 1700 705 1768 scriptoribus
725 1733 737 1755 ‚
775 1692 852 1757 qui
886 1691 1060 1758 hnssmss.
1087 1685 1314 1760 hodiernis
1333 1687 1393 1733 usi
1408 1688 1480 1734 sua
1498 1688 1791 1752 prodiderunt
1812 1687 2043 1736 memoriae
2064 1725 2076 1746 ‚
2115 1688 2184 1735 uti
2199 1707 2292 1737 non
2307 1689 2376 1738 so-

237 1775 301 1823 let
323 1792 333 1821 :
373 1767 731 1820 Tillemomium
752 1776 902 1808 tamen
921 1771 998 1819 qui
1018 1755 1375 1826 vitas-Caesarum
1396 1755 1573 1801 Gallice
1593 1754 1814 1820 descripfit
1831 1792 1841 1813 ‚
1860 1754 2106 1819 aliquoties
2118 1755 2280 1803 testem
2300 1755 2377 1804 ad-

242 1839 373 1889 duxit
409 1839 456 1886 in
490 1836 633 1885 Libro
657 1833 715 1879 >de
751 1832 961 1874 Romano
980 1823 1181 1883 Imperio
1199 1855 1211 1865 .
1250 1823 1431 1886 Lingua
1452 1838 1560 1868 vero
1581 1822 1837 1886 germanica
1856 1839 1992 1886 quarn
2010 1821 2311 1869 suavitatibus
2330 1822 2374 1870 ei

241 1925 391 1956 carere
411 1904 502 1952 visa
522 1903 570 1950 fit
592 1940 605 1961 ,
642 1895 810 1947 indicio
829 1892 888 1940 est
910 1926 922 1948 ,
961 1886 1337 1958 quodtbarbarum
1357 1887 1533 1935 Bartoli
1553 1888 1848 1951 descripturus
1868 1887 2048 1934 dicendi
2069 1905 2206 1952 genus
2221 1924 2234 1946 ,
2268 1907 2371 1936 ora.

237 1975 417 2023 vtionem
438 1973 529 2035 ejus
547 1963 855 2030 confragosam
874 1956 984 2005 adeo
1004 1954 1111 1999 dicit
1133 1988 1144 2009 ,
1187 1970 1234 1999 ut
1254 1953 1512 2017 quibusdam
1536 1955 1744 2003 videatur
1761 1955 2020 2003 Teutonice
2041 1954 2215 2002 locutus
2234 1990 2245 2000 .
2284 1958 2376 2003 Ce-

234 2059 392 2089 aeruin
430 2037 660 2101 scriptores
680 2070 692 2090 ,
728 2027 940 2095 quosdam
971 2020 1120 2069 laudat
1139 2020 1252 2082 apud
1272 2038 1352 2066 nos
1369 2020 1550 2084 quidem
1571 2022 1720 2068 minus
1739 2022 1903 2069 obvios
1921 2058 1931 2067 .
1951 2020 2080 2068 Talis
2099 2021 2159 2067 est
2177 2020 2377 2081 Qlinta-

240 2108 470 2157 nodvenag
489 2105 537 2153 de
561 2098 868 2167 juri1di5³tione
886 2130 900 2150 ‚
924 2094 1093 2159 Ramea
1122 2086 1194 2133 del
1214 2089 1443 2159 Manzano
1463 2089 1514 2134 ad
1535 2091 1708 2153 Legem
1729 2089 1897 2148 Juliam
1916 2091 1960 2135 ἃ
1982 2085 2164 2150 Papiam
2181 2124 2193 2144 ,
2214 2088 2379 2152 quibus

246 2175 486 2236 adjicerem
519 2164 763 2219 Oinotomi
800 2170 1185 2224 commentarium
1208 2153 1260 2198 ad
1283 2153 1619 2226 institutioneS,
1659 2154 1741 2202 nifi
1777 2155 1812 2202 is
1831 2153 2193 2203 Shneidevvinus
2225 2154 2376 2202 noster

245 2242 478 2293 videretur
522 2239 568 2285 ‘m
607 2232 798 2300 gratiam
818 2230 1033 2293 juvenum
1054 2220 1188 2284 palan
1211 2219 1484 2266 delicatioris
1502 2224 1661 2267 Graeco
1680 2221 1866 2269 nornine
1891 2222 2106 2269 donatus.

312 2314 448 2358 Suum
480 2305 540 2352 Vde
575 2297 881 2366 jurisdiS’tione
901 2291 1140 2339 tractatum
1161 2285 1363 2333 nondum
1382 2286 1554 2332 editum
1573 2287 1720 2334 laudat
1738 2291 1850 2351 Orig.
1870 2294 1923 2334 L.
1945 2292 2028 2334 III.
2046 2305 2077 2332 c.
2095 2304 2142 2348 4.
2161 2289 2206 2334 δε
2222 2289 2273 2333 de
2293 2292 2379 2334 Ro-

244 2396 362 2427 mano
394 2373 562 2424 Imaerio
581 2388 614 2417 c.
632 2383 711 2432 43.
750 2369 820 2413 De
844 2356 1097 2409 variatione
1126 2368 1276 2425 autem
1314 2352 1512 2400 Romani
1550 2352 1738 2416 Imperii
1772 2352 1876 2401 inde
1894 2373 1917 2401 a
1935 2353 2216 2414 temporibus
2236 2356 2382 2402 Caro.

246 2447 283 2494 ,1¹1
319 2440 482 2508 Magni
503 2476 515 2498 ,
550 2439 596 2485 ὃς
625 2429 890 2482 Germanici
921 2422 1046 2487 regni
1074 2418 1257 2466 mlstura
1290 2417 1499 2483 deinceps
1527 2418 1568 2466 se
1603 2421 1806 2468 aGturum
1827 2420 1892 2467 ait
1920 2419 1966 2466 in
1986 2420 2076 2466 fine
2096 2418 2197 2465 libri
2212 2419 2265 2466 de
2287 2422 2381 2467 Ro-

247 2529 383 2560 mano
439 2503 641 2571 Imperio
676 2537 688 2557 ,
746 2512 894 2564 parata
927 2491 1035 2539 silva
1068 2485 1387 2558 rerum.l⁰⁰.g⁰
1416 2486 1470 2532 ad
1505 2485 1549 2533 id
1584 2486 1658 2534 usu
1693 2487 1984 2534 collestarum
2006 2523 2016 2533 .
2056 2485 2233 2532 Laudat
2273 2503 2380 2550 prae-

248 2595 370 2628 terea
401 2575 493 2622 suas
530 2567 835 2618 institutiones
867 2559 975 2626 juris
1011 2559 1236 2627 Canon1c1
1270 2586 1282 2608 ‚
1320 2569 1368 2599 in
1402 2553 1611 2600 oratione
1649 2553 1702 2600 de
1738 2552 2054 2600 instauratione
2087 2552 2331 2600 studiorum
2365 2589 2378 2610 ,

249 2661 349 2694 tum
381 2656 560 2706 quoque
587 2636 633 2683 in
663 2632 846 2699 epistola
876 2628 929 2675 acl
949 2618 1538 2696 Henricum·Huyffenium
1556 2655 1569 2677 ‚
1606 2618 1739 2668 Aeris
1754 2619 2148 2668 Confistorialibus
2166 2620 2382 2667 Clemen-

250 2713 310 2761 tis
359 2711 443 2755 XL
490 2700 741 2770 praemiss23
793 2700 840 2744 δε
875 2692 1184 2759 Institutiones
1218 2703 1327 2759 juris
1357 2686 1560 2744 Civilis,
1598 2705 1692 2751 quae
1713 2686 2026 2752 paraphrasin,
2067 2686 2313 2749 eodemque
2332 2685 2384 2733 fi-

248 2783 296 2830 10
331 2769 712 2825 commenta-rium
749 2762 1014 2811 contineant
1052 2754 1396 2803 Institutionum
1433 2752 1837 2811 justinian-earum.

314 2839 455 2903 Quod
490 2837 542 2885 ad
581 2832 769 2897 reliquas
806 2826 1007 2876 scientias
1024 2823 1214 2893 attinet,
1256 2821 1646 2867 commendantem
1688 2837 1791 2867 eum
1821 2816 2385 2867 videmusinGrammati-

246 2914 310 2962 cis
337 2904 597 2971 Scioppium
633 2903 678 2947 δε
715 2897 953 2956 Voffiumg
993 2891 1041 2939 in
1070 2893 1245 2951 Logica
1274 2892 1439 2935 Artem
1467 2886 1736 2952 cogitandi3
1773 2886 1820 2934 in
1854 2886 2057 2933 Historia
2076 2885 2345 2934 Cluverium
2366 2920 2381 2942 ‚

250 2975 490 3029 petavium
504 3007 519 3028 ,
549 2987 599 3017 ac
614 2964 922 3025 Boffuetium3
960 2960 1005 3007 in
1019 2961 1122 3016 Jure
1139 2953 1314 3002 Perezii
1333 2968 1578 3001 erotemata
1599 2989 1611 3011 ‚
1648 2953 1823 3000 notulas
1841 2955 1884 3000 ὃ(
1905 2951 2252 3001 commentarios
2271 2953 2387 2999 Vin-

248 3046 347 3095 nst:
385 3053 575 3106 quorum
613 3032 798 3098 quidem
837 3039 1198 3090 unumquemque
1236 3021 1284 3068 in
1321 3019 1393 3068 sua
1430 3036 1524 3069 arte
1558 3019 1676 3070 inter
1702 3019 2025 3085 praestantiores
2069 3033 2311 3069 numerant
2331 3034 2386 3065 ae·

246 3112 326 3180 qui
362 3108 571 3171 idemque
608 3098 746 3168 periti
781 3097 939 3146 harum
974 3108 1126 3142 retum
1162 3087 1391 3137 censores.

2134 3152 2385 3213 JOHAN.
