2596 3479
273 107 383 161 294

412 222 453 267 C
513 224 553 267 A
615 223 646 267 P
706 223 748 263 U
809 223 853 265 T
971 221 1150 266 LXXV.

589 311 657 354 De
691 310 791 365 Lege
822 309 950 351 Faria
974 338 984 351 .

321 395 532 442 Nfinitam
564 411 661 439 vero
701 394 868 438 testandi
905 394 1120 439 licentiam
1154 427 1166 448 ‚
1198 396 1304 439 X11.

349 455 521 499 tabular.
555 452 642 509 lege
664 453 896 508 permissam
913 485 925 507 ,
960 451 1046 509 lege
1067 453 1212 509 aliquae
1235 468 1305 506 po·

263 512 495 557 sterioribus
527 511 779 565 temporibus
812 511 1155 566 coangustarunt.
1189 512 1305 565 Qua-

263 585 357 615 tum
389 569 442 612 est
476 569 539 612 lex
573 568 689 612 Furia
718 599 729 619 ,
761 571 825 619 (a)
858 584 980 624 quam
1016 568 1112 611 tulit
1144 569 1195 610 C.
1227 569 1303 610 Fu-

264 628 346 671 rius
375 625 589 669 Tribunus
636 626 762 680 plebis
791 658 802 678 ,
848 642 897 669 ne
931 626 1072 669 liceret
1123 625 1301 669 testatori

262 686 378 738 supra
414 683 529 726 mille
561 682 656 726 asses
702 681 835 738 legare
859 715 871 733 .,
904 696 972 726 aut
1009 684 1155 727 mortis
1188 683 1302 726 causa

261 741 412 784 donare
445 741 517 784 ulli
552 772 564 794 ,
599 754 743 796 praeter
775 756 898 796 quam
932 742 1122 796 cognatis
1166 740 1303 783 certis-

260 813 336 855 que
372 798 572 853 personis:
609 798 755 854 quibus
786 800 993 852 exceptis,
1028 798 1052 840 si
1086 812 1134 841 ex
1163 796 1300 840 alieno

257 856 499 900 testamento
559 855 649 911 plus
692 855 888 910 praefinita
935 856 1167 910 quantitate
1211 856 1300 910 quis

258 913 775 969 acciperet,quadruplum
796 911 879 962 eius
898 944 908 965 ‚
926 913 1031 968 quod
1063 912 1151 967 plus
1174 927 1299 969 quam

261 968 411 1014 licebat
438 1001 450 1024 ,
483 971 713 1025 acceperit,
748 970 908 1013 reddere
941 970 1187 1025 cogebatur:
1223 970 1300 1013 ita-

257 1042 335 1083 que
368 1027 478 1071 inter
511 1028 648 1071 minus
682 1026 875 1080 perfeuas
908 1026 1014 1082 leges
1043 1028 1127 1070 haec
1148 1027 1198 1070 ab
1220 1026 1300 1069 Ul-

257 1084 384 1139 piano
416 1084 612 1137 refertur,
646 1086 746 1136 (b)
784 1085 879 1139 quia
914 1100 1035 1139 pcena
1064 1100 1149 1127 non
1176 1084 1300 1128 afficit

256 1155 383 1196 eum,
415 1142 485 1198 qui
521 1154 664 1185 contra
698 1141 831 1194 legem
864 1141 962 1185 fecit
991 1174 1003 1194 ,
1055 1142 1115 1185 sed
1148 1141 1299 1197 illum,

256 1198 327 1254 qui
358 1198 598 1253 accipiendo
619 1230 632 1253 ,
659 1198 766 1253 quod
799 1211 942 1242 contra
975 1200 1109 1253 legem
1144 1199 1298 1244 saecum

254 1256 333 1308 est,
365 1256 632 1312 adprobavit,
664 1257 946 1313 damnumque
978 1256 1090 1300 ducit
1110 1272 1158 1301 ex
1191 1256 1298 1300 fatto

253 1313 433 1357 minime
454 1314 503 1357 ab
527 1329 572 1356 ea
599 1313 776 1356 rescisso.
811 1315 914 1367 Quae
954 1312 1018 1358 lex
1043 1330 1136 1357 cum
1160 1314 1295 1358 heredi

254 1370 480 1426 prospicere
518 1370 704 1412 voluisset
730 1400 743 1423 ,
786 1371 1011 1413 calliditate
1064 1384 1204 1416 tamen
1238 1384 1298 1415 te-

255 1429 450 1470 stantium
482 1427 720 1471 eludebatur
745 1458 757 1479 ,
787 1428 871 1479 (²⁵)
902 1443 1025 1482 quam
1058 1428 1174 1472 enim
1207 1430 1296 1485 quis

253 1485 530 1540 quantitatem
567 1485 609 1528 in
640 1499 772 1528 unum
805 1483 991 1528 conferre
1036 1486 1249 1530 vetabatur
1283 1518 1296 1539 ‚

250 1543 424 1586 eandem
481 1542 709 1586 minoribus
765 1542 1023 1596 portionibus
1069 1542 1114 1586 in
1161 1543 1296 1598 plures

253 1599 474 1656 legatarios
536 1599 736 1642 tributam
786 1597 925 1642 heredi
989 1598 1249 1643 subtrahebat
1282 1632 1294 1655 ‚

251 1656 532 1711 multiplicato
564 1656 793 1713 legatorum
829 1671 1004 1700 numero
1044 1687 1058 1710 ‚
1088 1655 1296 1714 haudqua-

248 1729 374 1770 quam
405 1729 428 1756 a
460 1713 550 1770 lege
585 1714 817 1770 praefinito.
850 1715 909 1765 (c)

381 1828 423 1873 C
483 1829 524 1872 A
585 1828 616 1872 P
675 1827 720 1869 U
781 1829 825 1872 T
943 1829 1150 1874 LXXVI.

543 1944 609 1988 De
644 1943 744 2000 Lege
774 1943 941 1987 Voconia
959 1974 969 1986 .

383 2058 502 2113 Eque
549 2057 621 2101 has
663 2057 807 2112 effugit
848 2057 1007 2101 fraudes
1055 2057 1121 2102 lex
1155 2060 1297 2102 Voco-

401 2116 472 2158 nia
497 2147 509 2170 ‚
558 2131 683 2173 quam
715 2114 813 2159 tulit
847 2117 898 2171 Q
940 2116 1156 2159 Voconius
1190 2117 1294 2160 Saxa

253 2248 358 2258 -φ

295 2282 354 2322 (α)
379 2284 496 2316 Cicero
518 2290 576 2324 pro
592 2282 695 2316 Balbo
719 2305 730 2320 ,

249 2326 287 2358 de
303 2329 322 2358 1.
339 2330 430 2360 Falc.
459 2327 537 2370 Ulp.
560 2338 584 2359 1.
604 2331 621 2372 §
644 2328 751 2360 minus
779 2327 890 2360 Cuiac.
921 2328 966 2360 ad
983 2327 1040 2359 lib.
1067 2330 1146 2369 resp.
1184 2332 1296 2367 Papia

247 2373 271 2404 Ι.
289 2373 514 2405 alienationes.
530 2395 541 2411 ‚
566 2372 629 2414 Lfi
643 2375 757 2413 servm
771 2373 806 2414 ff]
817 2373 929 2416 famil.
950 2373 1055 2413 ercisc.
1072 2373 1111 2405 ΕΤ
1127 2375 1162 2406 in
1178 2372 1294 2415 Iustis.

248 2418 325 2458 Just-
354 2419 391 2449 de
420 2419 442 2450 l.
460 2418 542 2450 Pate
555 2417 673 2455 cujac.
699 2417 772 2458 Obfi
793 2418 849 2450 hb.
874 2425 1006 2459 19.cap.
1026 2427 1078 2456 3¹-

291 2461 349 2503 (b)
377 2466 454 2504 cap.
478 2473 500 2494 ι.
520 2462 823 2507 Inssi1.§.minus,
854 2462 892 2495 (5
916 2471 985 2505 cap.
1016 2463 1105 2505 28.§
1144 2461 1293 2504 incestat.

246 2505 425 2551 L.120.ff.
441 2508 478 2540 de
495 2509 527 2539 V.
543 2510 582 2541 J'.

292 2554 338 2592 (¹¹
354 2554 374 2593 >
399 2554 450 2586 Est
476 2553 543 2586 haee
569 2553 621 2587 lex
648 2552 785 2587 incertae
807 2552 940 2590 atatis,
966 2551 1053 2595 quod
1091 2550 1158 2590 jam
1195 2553 1297 2595 probe

246 2597 274 2628 se
301 2598 421 2630 novisse
447 2598 569 2632 indicat
593 2597 744 2637 cujacius
761 2597 835 2640 obs.
866 2601 942 2630 ΧΧ.
959 2608 988 2636 3.
1027 2597 1152 2630 Eadem
1189 2597 1296 2640 dupli-

250 2641 280 2672 ci
306 2642 390 2674 vitio
415 2643 624 2682 laborabam
652 2643 797 2686 primum
824 2665 836 2683 ,
863 2642 951 2685 quod
990 2654 1056 2675 non
1094 2643 1295 2676 rescindebat

247 2684 336 2718 εξὶιις
361 2686 424 2730 legi
448 2688 655 2728 contrarios,
681 2687 844 2727 seeundo,
869 2687 955 2730 quod
981 2695 1052 2720 tam
1075 2685 1171 2720 facile
1207 2687 1295 2721 eludi

246 2731 373 2772 posset,
400 2739 436 2764 ut
460 2741 516 2766 aut
540 2743 622 2766 unus
645 2742 702 2766 aut
727 2743 826 2766 nemo
850 2733 926 2766 effer
941 2754 951 2770 ‚
978 2735 1033 2775 qui
1051 2731 1175 2765 fraudis
1205 2733 1296 2765 viam

248 2786 315 2808 ron
342 2777 498 2816 reperiret
515 2800 523 2808 .
540 2780 617 2818 Quo
643 2778 747 2820 magis
772 2776 961 2810 mirandum
986 2778 1030 2810 est
1057 2798 1069 2818 ,
1096 2776 1186 2811 idem
1210 2777 1295 2811 viti·

245 2832 299 2851 rm
325 2821 426 2854 etiam
454 2821 514 2862 legi
541 2822 695 2855 voconiae
720 2822 858 2855 haefiffe.

282 2866 344 2904 (e)
369 2871 523 2900 Covean.
549 2867 628 2898 init.
643 2867 774 2908 interpr.
790 2867 832 2898 ad
846 2868 867 2898 Ι.
885 2866 1011 2899 Falcid.

293 2911 346 2944 (τί)
371 2911 440 2944 Cic.
455 2913 491 2943 in
506 2914 588 2943 Vm.
608 2920 638 2940 2.
662 2910 771 2947 Cujac-
787 2910 850 2950 obs.
872 2921 922 2949 ¹9-
936 2919 1003 2952 cap.
1022 2921 1078 2949 3¹·

289 2956 387 2995 (¹¹⁴²)
416 2956 509 2998 Apud
536 2955 730 2990 Ciceronem
759 2955 792 2987 in
820 2958 900 2988 Verr.
916 2957 939 2988 Ι.
954 2965 1008 2993 43.
1026 2954 1108 2987 censi
1135 2954 1292 2999 simpliei-

244 3004 298 3032 ter
323 3001 476 3043 leguntur
493 3015 498 3034 :
516 3000 567 3035 sed
592 3001 768 3034 veniebant
806 3000 866 3034 hoc
892 3001 1025 3032 nomine
1065 3009 1100 3032 ut
1126 3001 1169 3033 est
1206 3000 1292 3042 apud

244 3044 415 3079 Asconium
443 3047 551 3080 adCic.
570 3048 607 3079 de
629 3046 849 3087 Ontoraita,
877 3057 929 3083 4¹·
945 3044 1002 3088 qui
1027 3047 1108 3078 CM.
1128 3044 1291 3087 profeffio-

773 2283 812 2314 Θ·
838 2284 904 2315 Ver.
923 2293 952 2321 3.
978 2282 1155 2325 Theophil.
1184 2283 1294 2324 Iustis.

900 90 1043 144 DE
1124 87 1732 158 LEGIBUS,

1357 162 1570 207 Tribunus
1624 164 1750 219 plebis
1792 196 1804 218 ‚
1854 162 2052 220 Caepione
2110 165 2153 210 &
2200 167 2392 226 Philippo

1358 220 1466 262 Coss.
1503 224 1555 264 A.
1578 222 1634 264 U.
1655 223 1711 265 C.
1740 224 1946 268 DXClV.
1974 223 2085 274 cujus
2117 225 2225 268 inter
2256 229 2391 282 capita

1358 276 1458 320 illud
1490 277 1569 322 fuit
1608 281 1856 336 praecipuum
1885 313 1897 337 ‚
1930 282 1997 332 (d)
2033 297 2082 324 ne
2124 282 2214 337 quis
2238 287 2393 340 census,

1355 336 1436 400 (5⁴⁴)
1469 335 1547 380 five
1567 339 1656 392 quis
1676 352 1845 383 centum
1873 339 2010 384 millia
2036 339 2272 384 sextertium
2301 343 2390 396 pos-

1357 393 1522 447 sideret,
1555 394 1634 448 [e]
1667 395 1755 449 plus
1780 397 1854 440 ulli
1891 399 2072 454 legaret,
2105 412 2229 453 quam
2251 398 2298 440 ad
2320 399 2395 443 he-

1357 450 1492 494 redem
1520 453 1772 506 perveniret.
1805 456 1926 510 Quod
1965 455 2109 497 eodem
2151 454 2390 498 revolveba-

1355 519 1446 560 tur3
1477 509 1690 553 eveniebat
1723 512 1836 555 enim
1859 544 1871 565 ,
1905 527 1949 556 ut
1982 511 2218 555 imminutis
2239 543 2251 565 ,
2285 511 2394 556 mul·

1355 565 1628 624 tiplicatisque
1663 567 1804 623 legatis
1848 570 2027 612 minima
2071 570 2209 625 portio
2254 568 2393 613 heredi

1357 622 1563 677 superesset
1586 656 1599 678 ‚
1651 626 1776 668 veluti
1809 626 1836 669 fi
1877 642 1927 669 ex
1960 625 2091 669 aureis
2140 626 2191 668 C.
2227 627 2389 670 testator

1352 680 1589 725 distraxiffet
1621 681 1800 738 singulos
1843 683 1887 725 in
1918 683 2087 728 XCIX.
2138 683 2353 738 legatarios
2379 699 2388 725 :

1352 737 1466 782 heres
1497 738 1614 783 enim
1648 739 1728 783 sine
1771 738 1856 782 ulla
1890 739 2026 783 fraude
2061 740 2161 795 legis
2191 771 2202 791 ‚
2247 753 2389 784 tamen

1353 795 1515 838 nonnisi
1547 812 1716 840 aureum
1750 796 1986 850 auferebat3
2019 796 2191 852 ideoque
2225 810 2391 852 propter

1353 851 1579 897 minimum
1612 854 1773 897 lucrum
1816 853 2085 898 hereditatem
2126 853 2235 898 adire
2268 852 2389 899 facile

1350 911 1586 954 recusabat.
1621 911 1748 954 Aliud
1784 923 1905 965 caput
1934 911 2112 962 ejusdem
2158 910 2256 966 legis
2289 910 2384 965 fuit,

1351 983 1401 1011 ne
1433 967 1618 1011 foeminae
1665 969 1716 1010 ab
1750 968 1938 1011 intestato
1970 981 2113 1022 praeter
2144 968 2393 1025 consangui-

1351 1040 1445 1068 neas
1476 1025 1581 1079 [⁴⁴²⁴]
1616 1024 1874 1069 succederent
1895 1057 1906 1069 .
1937 1024 2013 1079 [f]
2060 1026 2179 1080 Quod
2210 1040 2259 1068 eo
2292 1040 2394 1069 con·

1349 1081 1436 1125 filio
1467 1082 1546 1126 fuit
1576 1083 1856 1139 excogitatum
1890 1113 1902 1136 ,
1935 1098 1985 1126 ne
2017 1083 2267 1137 impotentia
2299 1098 2392 1134 mu-

1349 1138 1488 1183 liebris
1518 1139 1650 1184 animi
1682 1139 1788 1184 elata
1817 1140 2002 1194 divitiis,
2036 1141 2167 1183 nimia
2207 1140 2393 1196 superbia

1346 1197 1390 1241 &
1438 1197 1582 1253 opibus
1625 1196 1734 1241 viros
1776 1197 2070 1253 opprimeret.
2129 1197 2189 1254 sg]
2234 1200 2393 1252 Quam·

1346 1256 1491 1299 obrem
1523 1255 1634 1298 Cato
1655 1253 1822 1309 Major,
1854 1255 1924 1312 qui
1954 1257 2008 1298 ob
2025 1256 2277 1311 gravitatem
2301 1270 2393 1298 mo-

1348 1327 1439 1355 rum
1473 1312 1585 1356 sexus
1619 1312 1832 1356 levitatem
1864 1312 2005 1356 oderat
2037 1313 2223 1356 maxime
2253 1343 2265 1365 ‚
2298 1327 2389 1356 ma-

1346 1369 1438 1424 gnis
1466 1369 1660 1413 lateribus
1686 1369 1792 1414 hanc
1813 1370 1947 1426 legem
1970 1370 2082 1413 suasit
2106 1384 2238 1412 annos
2264 1369 2391 1424 quin-

1346 1441 1423 1482 que
1462 1426 1506 1470 &
1538 1427 1744 1481 sexaginta
1795 1439 1914 1470 natus
1941 1459 1950 1470 .
2002 1427 2088 1480 [b]
2122 1426 2218 1482 Quo
2251 1427 2389 1469 minus

1346 1495 1485 1526 autern
1537 1483 1740 1528 illecebris
1784 1484 1863 1526 suis
1905 1484 2096 1528 mulieres
2140 1483 2387 1527 hereditates

1346 1552 1638 1596 extorquerent
1666 1571 1678 1592 ‚
1733 1541 1878 1584 eadem
1924 1542 1987 1586 lex
2033 1542 2165 1597 vetuit
2209 1570 2222 1593 ‚
2265 1554 2391 1596 quern

1346 1597 1514 1641 censum
1564 1596 1755 1641 heredem
1804 1597 1936 1641 facere
1995 1597 2215 1641 mulierem
2273 1598 2389 1652 supra

1346 1654 1619 1710 quadrantem
1641 1685 1653 1706 ‚
1688 1654 1813 1708 (uu)
1845 1654 1922 1698 sive
1956 1656 2101 1699 XXV.
2133 1652 2270 1699 millia
2305 1654 2392 1701 sex·-

1347 1711 1517 1756 tertium
1545 1743 1556 1755 .
1605 1712 1721 1756 Hinc
1754 1712 1960 1769 Augustus
1985 1745 1999 1766 ‚
2042 1712 2117 1766 [i]
2149 1723 2194 1756 ut
2227 1710 2394 1756 Liviam

1348 1768 1575 1814 institueret
1604 1784 1655 1813 ex
1688 1769 1839 1813 triente
1873 1801 1886 1822 ,
1932 1785 1954 1812 a
1985 1771 2138 1814 Senatu
2187 1768 2288 1824 legis
2321 1783 2392 1812 ve·

1347 1827 1460 1870 niam
1492 1826 1732 1881 impetravit
1756 1857 1765 1868 .
1797 1827 2000 1870 Ceterum
2035 1827 2286 1882 figmentum
2318 1825 2388 1868 de·
2446 1829 2449 1831 ’

1346 1882 1636 1927 clamatorium
1675 1883 1780 1927 duco
1814 1883 1852 1926 id
1881 1914 1895 1936 ‚
1937 1883 2043 1939 quod
2079 1882 2182 1938 apud
2217 1881 2388 1934 Quinti-

1347 1940 1507 2053 hanun?
1532 1940 1694 2052 ]legitur
1722 1970 1742 1995 ,,
1789 1955 1838 1984 ne
1861 1937 2058 1997 semiffem
2091 1940 2308 1998 relinquere
2338 1939 2391 1983 li-

1343 2010 1453 2041 ceat.
1508 2004 1528 2036 k

2292 2167 2396 2211 CA-

1390 2279 1445 2319 (e)
1471 2277 1585 2317 cujac.
1605 2281 1641 2310 in
1655 2281 1710 2312 eit.
1730 2280 1808 2312 im‘r.
1827 2280 1878 2312 ad.
1897 2282 1921 2313 Ι.
1938 2279 2068 2313 Falcid·
2098 2286 2135 2309 tx
2155 2275 2236 2317 lust·
2260 2278 2299 2310 de
2319 2276 2394 2316 sue·

1345 2323 1413 2366 ceff.
1430 2323 1490 2355 lib.
1509 2325 1538 2366 ς.
1557 2322 1667 2364 postea
1682 2335 1758 2356 vero
1778 2346 1785 2354 .

1389 2369 1504 2409 (⁴⁴²³)
1531 2370 1605 2409 Qua
1630 2369 1759 2400 ratione
1783 2366 1861 2400 dein
1885 2366 1990 2399 etiarn
2017 2387 2029 2405 ‚
2050 2365 2176 2399 abolita
2215 2374 2274 2407 per
2310 2373 2396 2405 opu-

1345 2413 1484 2446 lentiam
1520 2413 1644 2445 civium
1686 2414 1831 2445 Voconia
1871 2412 1940 2451 lege
1966 2432 1978 2449 ‚
2019 2411 2106 2443 inter
2145 2417 2282 2451 agnatos
2315 2408 2390 2441 solz

1345 2459 1467 2490 sorores
1492 2458 1694 2491 vocabantur
1717 2457 1964 2499 consanguineae
1991 2458 2019 2500 §.
2040 2452 2265 2497 3.J.Jnssin.
2294 2453 2333 2487 a·
2348 2454 2396 2488 Ie-

1369 2514 1383 2535 e
1399 2503 1526 2537 Falcid.

1345 2515 1366 2547 g
1389 2551 1444 2590 (g)
1470 2545 1582 2584 (Asiae.
1609 2547 1653 2580 ad
1666 2548 1773 2579 Paull-
1794 2547 1873 2587 senc.
1890 2556 1922 2584 4.
1940 2547 1996 2578 eit.
2019 2548 2049 2577 8.
2068 2547 2095 2588 §.
2111 2545 2201 2587 foem.

1388 2593 1448 2633 (b)
1472 2593 1589 2626 Cicero
1613 2594 1648 2624 in
1665 2595 1740 2624 Cat.
1757 2591 1835 2629 maj.
1857 2596 1937 2624 Ant.
1965 2594 2048 2633 Aug.
2074 2591 2111 2622 de
2128 2592 2190 2631 teg.
2221 2588 2258 2620 in
2283 2588 2306 2620 1.
2326 2587 2396 2619 Voc-

1344 2638 1432 2672 Gell.
1457 2636 1514 2670 lib.
1536 2648 1583 2679 ¹7·
1603 2638 1701 2678 capit.
1719 2641 1750 2669 6.
1766 2636 1804 2670 (θ’
1817 2635 1891 2671 libr.
1906 2647 1938 2677 7.
1961 2643 2029 2678 cap.
2052 2644 2103 2674 ¹3·
2132 2631 2282 2666 Balduin.
2308 2631 2351 2665 ad
2369 2632 2395 2665 Ι.

1345 2684 1455 2715 Vocon.

1388 2727 1441 2768 (i)
1467 2726 1563 2758 Dion.
1581 2724 1640 2758 tib.
1666 2729 1719 2764 36·

1389 2771 1493 2812 (‘“⁴¹'‘
1508 2771 1527 2808 )
1556 2774 1630 2804 imo
1653 2772 1707 2804 lex
1735 2769 1881 2803 Voconia
1907 2779 1973 2801 non
1987 2767 2026 2799 de
2039 2765 2222 2810 quadrante
2248 2771 2390 2797 centum

1344 2816 1488 2849 millium
1515 2815 1696 2848 sestertium
1724 2835 1735 2851 ,
1765 2814 1817 2847 sed
1852 2814 1892 2846 de
1932 2811 2113 2857 quadrante
2138 2808 2304 2858 drachma
2346 2809 2396 2840 lo·

1342 2861 1455 2905 quitur
1472 2880 1482 2897 ‚
1506 2860 1561 2902 qui
1588 2859 1652 2901 ipse
1678 2868 1811 2892 centum
1836 2857 1942 2890 millia
1971 2856 2149 2889 sestertium
2169 2851 2271 2886 efficit
2299 2855 2394 2906 ,ἵζετο

1342 2907 1383 2940 ba
1405 2904 1612 2938 enimDionis
1636 2903 1826 2943 lianVIP
1841 2905 1904 2934 662
1921 2900 1975 2935 δύο
1995 2899 2090 2942 §mou
2113 2897 2258 2941 μυμαδα
2281 2908 2395 2934 actas,

1344 2960 1428 2983 xxv.
1469 2949 1578 2982 millia
1605 2958 1741 2982 numum
1785 2946 1825 2979 ad
1856 2946 2048 2980 drachmam
2087 2945 2277 2987 pertinere,
2304 2941 2402 2975 docet

1342 2995 1536 3030 Perizonius
1561 2992 1601 3026 de
1626 2996 1697 3035 lege
1711 2993 1848 3025 Vocom'a
1862 2999 1893 3034 p.
1915 3002 1986 3029 ¹44·
1998 2992 2065 3032 seq.
2104 3034 2110 3041 ⁸

1384 3041 1446 3081 (k)
1475 3040 1574 3072 Vinn.
1590 3036 1701 3080 Iustis.
1720 3037 1796 3072 libr.
1815 3047 1847 3072 2.
1864 3038 1920 3072 rit.
1937 3045 1990 3076 23.
2022 3037 2050 3078 §.
2062 3033 2228 3077 sciendum
2255 3029 2351 3067 verbo
2376 3048 2391 3072 2

1347 2246 1451 2255 —n—

244 3101 281 3122 ne
306 3091 492 3125 dam-sset-
521 3092 601 3128 vide
628 3092 836 3128 Gronovium
875 3090 915 3125 de
956 3097 1069 3133 pecua.
1087 3101 1188 3125 vem.
1206 3089 1287 3129 libr·
1339 3087 1397 3131 ‘1¹⁴¹‘
1413 3092 1522 3128 ‘aP‘V‘
1539 3106 1549 3117 ·

244 3138 315 3169 III.
336 3145 403 3178 cap.
428 3143 478 3172 16.
