2596 3479
288 117 395 185 308
797 115 977 167 DE
1137 113 1311 164 LE

278 207 363 232 eain
396 205 502 242 rem,
534 191 640 245 quod
668 203 858 246 arguatur
887 189 987 229 male
1011 183 1142 239 facere
1167 185 1316 238 voluis-

273 248 508 306 sclNemo
539 250 694 304 opinor.
727 249 831 290 Sane
864 245 1111 306 secernerem
1145 257 1316 299 puram,

278 305 515 362 nudamque
559 306 858 362 cogitationem
904 301 1135 354 facinoris,
1186 315 1315 354 neque

273 363 451 406 eonseffi
478 396 490 417 ,
524 378 651 419 neque
683 362 780 404 dum
813 359 944 403 affeffi
976 361 994 412 (
1026 373 1150 415 quam
1170 371 1315 413 exper-

278 432 366 464 tem
401 421 554 476 prorsus
590 434 719 474 poenae
745 420 900 473 semper
920 415 1033 460 fuisse
1052 415 1313 471 crediderim,

273 477 316 522 δι
363 479 420 522 ita
460 478 686 533 acceperim
730 477 853 521 verba
896 472 1072 518 Catonis
1104 475 1121 525 )
1150 474 1200 517 ab
1232 473 1312 517 alia

271 534 490 579 voluntate
533 550 628 579 cum
662 533 886 591 periculoso
917 544 1067 577 conatu
1098 533 1142 574 ἃ
1172 531 1312 587 aliqua

269 593 580 637 machinatione
613 591 831 643 conjuncta
865 622 877 644 ,
926 605 1050 647 quam
1094 602 1194 645 puto
1226 604 1293 643 poe

269 664 370 694 nam
403 651 446 693 in
478 649 735 706 gravioribus
765 647 933 705 viguisse
953 646 1133 691 delitiis:
1168 659 1214 690 ut
1232 646 1308 690 hac

268 707 528 752 distinetione
552 738 562 754 ,
594 722 720 763 quam
751 706 794 750 &
827 704 1051 748 Matthaeus
1081 706 1145 756 (a)
1166 704 1308 759 proba-

267 766 332 809 vit
354 798 366 819 ‚
398 765 535 809 omnis
558 764 772 808 auC’corum
791 762 972 807 dissensio
991 761 1160 804 tollatur
1175 793 1184 803 .
1206 763 1306 805 Haec

265 839 366 867 vero
415 822 614 879 praecipua
663 833 770 866 certe
800 837 846 864 ac
879 819 1041 875 propria
1071 818 1188 870 hujus
1218 818 1304 862 fue-

269 896 314 925 re
346 880 534 925 criminis
565 912 577 934 ‚
625 891 668 922 ut
711 878 826 923 nulla
856 878 1033 933 dignitas
1061 892 1184 932 quem
1215 875 1303 920 exi-

266 951 431 992 meret,
464 954 487 982 a
520 935 744 990 terminis,
774 936 860 988 (b)
891 951 937 978 ac
969 934 996 977 si
1029 949 1088 977 res
1109 933 1302 988 posceret,

265 997 393 1039 etiam
427 1007 679 1051 torqueretur
709 992 915 1038 accusator
941 1022 954 1045 ,
985 991 1137 1054 (c)'&
1171 991 1302 1054 servus

264 1053 450 1096 adversus
477 1052 693 1095 dominum
727 1083 739 1104 ,
783 1062 908 1106 utque
933 1049 1111 1100 cujusvis
1132 1061 1261 1091 etiarn
1287 1081 1301 1102 ,

266 1109 294 1154 si
319 1110 418 1153 alias
444 1110 703 1165 reprobatum
728 1107 859 1151 fuisset
879 1139 891 1161 ,
925 1106 1207 1149 testimonium
1241 1122 1301 1150 re-

262 1167 494 1222 ciperetur:
531 1168 631 1220 (d)
663 1165 838 1210 inimico
867 1176 1007 1207 tamen
1032 1163 1219 1216 excluso,
1252 1179 1300 1207 ac

261 1224 291 1268 fi
322 1241 421 1280 opus
450 1224 602 1277 fuerit,
640 1223 901 1274 subjiciantur
925 1221 1146 1266 tormentis
1170 1221 1299 1266 etiarn

259 1282 374 1326 tes’tes
406 1315 414 1325 .
447 1285 464 1334 (
489 1298 509 1325 e
534 1284 550 1334 )
585 1284 693 1325 Item
723 1296 772 1324 ne
801 1280 880 1331 hoc
904 1279 1089 1323 damnati
1122 1280 1298 1324 crimine

258 1338 476 1394 lugeantur
498 1371 510 1392 ,
556 1354 657 1393 neqe
685 1338 886 1394 sepultura
911 1337 1132 1393 dignentur
1158 1368 1168 1379 .
1216 1336 1298 1390 (f)

257 1398 452 1451 Quorum
487 1395 599 1450 plura
623 1395 791 1451 collegit
816 1393 1010 1445 Cujacius
1046 1426 1059 1448 ,
1108 1396 1194 1450 (g)
1226 1395 1295 1450 qui

256 1466 466 1509 receptam
501 1452 617 1497 illam
663 1453 799 1504 rejecit
834 1453 1106 1506 interpretum
1130 1452 1295 1505 opinio-

257 1525 355 1554 nem
388 1543 400 1565 ,
452 1523 495 1554 ut
530 1510 681 1554 scilicet
706 1510 753 1552 ad
780 1509 1052 1565 torquendum
1079 1508 1295 1560 majestatis

255 1583 373 1611 reum
403 1568 596 1611 sufficeret
621 1567 742 1618 judici
773 1567 867 1610 fides
893 1566 1013 1610 unius
1041 1566 1146 1610 testis
1166 1598 1177 1618 ,
1197 1567 1293 1622 quia

256 1626 478 1681 semiplena
501 1657 511 1677 ,
545 1638 590 1668 ut
616 1637 798 1677 vocant,
833 1623 1019 1679 probatio
1045 1623 1137 1668 inde
1157 1625 1294 1668 nasca-

253 1693 319 1725 tur
340 1714 349 1724 .
383 1682 561 1737 Qualem
588 1682 839 1737 probationis
866 1683 1037 1736 speeiem
1064 1695 1184 1734 negat
1204 1684 1290 1726 Cu-

250 1738 378 1791 jacius
407 1739 595 1796 agnitam
631 1739 744 1784 fuiffe
790 1740 993 1783 veteribus
1031 1738 1289 1790 jurisconsul-

253 1797 306 1840 tis
347 1813 356 1838 ε
411 1798 507 1853 quia
539 1797 702 1841 nullum
735 1797 781 1840 fit
806 1797 986 1840 veritatis
1031 1796 1290 1854 falsitatisque

251 1853 472 1910 dimidium
489 1887 498 1896 .
520 1857 657 1910 Quam
680 1854 843 1906 Cujacii
868 1854 1109 1904 opinionem
1131 1855 1174 1898 ὅτ.
1194 1857 1291 1898 Ma-

252 1910 381 1954 tbaeus
405 1913 422 1964 (
447 1913 471 1954 h
495 1914 511 1963 )
543 1912 832 1968 ampleffitur.
867 1912 942 1965 [⁸]

365 1969 406 2011 C
471 1972 506 2011 A
573 1970 600 2011 P
661 1970 703 2009 U
764 1971 808 2011 T
927 1970 1173 2014 LXXXVI.

424 2026 496 2068 Ad
525 2027 560 2069 L
599 2027 756 2079 Iuliam
785 2028 833 2068 de
865 2027 1111 2069 Adulteriis.

355 2083 536 2127 Roxime
571 2084 702 2139 legem
738 2083 954 2135 majestatis
974 2083 1130 2127 locatur
1154 2083 1217 2128 lex
1239 2083 1285 2128 de

366 2140 576 2184 adulteriis
613 2173 626 2195 ‚
674 2157 769 2184 curn
801 2158 822 2185 e
854 2141 1097 2184 criminibus
1130 2141 1207 2184 hoc
1240 2141 1286 2184 fit

247 2197 493 2251 gravissimis
526 2214 538 2251 3
587 2210 676 2241 tum
709 2199 804 2254 quia
836 2198 908 2242 vix
944 2199 1025 2241 ulla
1058 2199 1207 2242 mulier
1237 2199 1286 2242 ad

245 2255 327 2296 hoc
362 2253 484 2297 scelus
516 2255 718 2310 adigitur,
751 2255 850 2310 quin
885 2255 1066 2309 pluribus
1098 2272 1180 2300 una
1211 2257 1283 2299 fla-

246 2310 363 2366 gitiis
394 2310 675 2366 involvatur3
709 2326 798 2355 tum
830 2313 924 2368 quia
957 2314 1109 2356 marito
1140 2313 1284 2357 alenda

245 2368 480 2412 obtruditur
510 2369 645 2412 aliena
679 2370 808 2424 proles
838 2402 851 2424 ,
883 2371 1000 2426 eique
1033 2371 1084 2413 ab
1107 2372 1281 2415 adulteri

246 2424 291 2468 ἃ
335 2426 491 2480 perfidae
535 2426 674 2470 uxoris
717 2428 866 2471 insidiis
911 2428 1138 2483 periculum
1187 2429 1281 2486 saepe

248 2495 411 2525 creatur
438 2497 658 2539 :quorum
691 2500 851 2540 quoque
886 2497 998 2528 metu
1023 2516 1035 2537 ‚
1079 2501 1175 2528 curn
1208 2503 1280 2541 pu-

242 2538 337 2582 dore
368 2538 588 2592 conjuncto
614 2574 626 2596 ‚
668 2542 838 2586 maritus
869 2542 1039 2586 domurn
1072 2544 1208 2586 turbat
1237 2559 1279 2588 e-

243 2596 449 2653 vertitque
482 2598 688 2643 familiam
722 2630 732 2643 .
780 2599 889 2652 Julia
930 2616 1026 2643 vero
1058 2600 1144 2644 haec
1174 2600 1279 2644 dieta

243 2653 298 2696 est
319 2653 393 2716 ‘lex
425 2655 474 2697 ab
507 2658 688 2713 Augusto
712 2689 725 2711 ,
756 2657 825 2714 qui
857 2673 948 2701 eam
975 2656 1102 2712 tulit,
1132 2657 1278 2714 cuique

243 2710 401 2762 Julium
434 2727 588 2757 nornen
620 2716 672 2757 ob
704 2715 966 2768 adoptionem
988 2731 1036 2759 ex
1058 2715 1272 2759 testamen-

244 2777 288 2810 to
318 2768 418 2820 Julii
449 2770 620 2814 Caesaris
650 2773 796 2815 mansit
824 2804 834 2814 .
876 2774 969 2816 Hac
999 2788 1049 2817 ex
1083 2773 1169 2830 lege
1201 2789 1276 2829 pu-

287 2937 343 2974 (a)
370 2940 422 2968 De
434 2939 560 2970 crimin.
579 2939 620 2970 ad
634 2937 689 2970 lib.
708 2942 761 2977 48.
779 2940 835 2972 tit.
853 2950 884 2970 2.
901 2948 968 2982 cap.
987 2951 1015 2978 3.
1033 2953 1063 2973 η.
1079 2951 1112 2978 4.

291 2979 342 3018 [b]
370 2982 407 3011 L.
423 2985 504 3014 null.
523 2986 557 3014 C.
574 2985 629 3016 hoc
645 2984 701 3016 tie.
797 2984 841 3024 [c]
893 2987 928 3015 L.
948 2994 976 3022 3.
995 2988 1029 3016 C.
1047 2986 1115 3016 eod.

288 3026 350 3063 (d)
375 3029 410 3057 L-
426 3027 541 3067 famosi
553 3030 575 3060 Ι.
592 3031 628 3060 in
641 3027 742 3071 quell-
758 3027 795 3069 ff.
809 3030 851 3060 ad
865 3030 927 3071 leg.
940 3031 1077 3070 sutiam
1092 3028 1214 3070 majaess.

285 3069 347 3154 (53³
365 3073 560 3105 Decurioner
585 3077 621 3106 C.
647 3075 684 3107 de
707 3072 809 3117 quaess.
824 3077 847 3107 Ι.
866 3083 897 3112 3.
926 3073 1010 3115 6)·4.
1037 3077 1073 3106 C·
1102 3077 1142 3107 ad
1156 3077 1269 3117 l.Jul.

235 3122 320 3152 maye
349 3138 358 3146 .

281 3162 291 3195 t
305 3161 352 3202 f)
379 3161 459 3193 Vide
473 3161 597 3204 exposit.
617 3166 683 3203 Jac.
700 3162 855 3198 Gothofr.
873 3165 916 3199 ad
929 3164 1104 3209 Lquisquis
1118 3167 1269 3199 osbea-

237 3202 301 3246 dvs·
316 3206 359 3241 ad
371 3208 394 3242 Ι.
410 3208 534 3243 Comel.
550 3208 720 3251 deficariis
733 3230 746 3242 ·

1394 93 1940 180 GIBUS,

1368 186 1521 250 blicum
1555 188 1684 231 oritur
1715 205 1874 246 quoque
1908 189 2103 240 judicium
2125 224 2137 246 ,
2167 193 2209 239 &
2240 199 2401 242 accusa-

1368 256 1424 286 tio
1458 245 1639 306 triplex:
1677 261 1822 302 nempe
1861 247 1944 298 jure
1980 251 2126 302 patris,
2159 250 2244 302 jure
2277 255 2403 299 mari-

1366 300 1396 363 ti
1418 332 1430 353 ,
1473 317 1559 352 iure
1591 306 1773 348 extranei
1814 337 1823 347 .
1869 306 1989 348 Haud
2025 307 2164 360 procul
2195 310 2246 351 ab
2279 311 2399 368 suspi-

1363 373 1482 402 cione
1516 360 1606 403 sunt
1636 362 1784 405 erroris
1814 394 1826 416 ,
1876 363 1945 418 qui
1993 363 2098 407 hanc
2135 365 2345 411 secernunt
2376 386 2399 414 a

1362 415 1452 472 lege
1483 416 1529 473 de
1563 417 1756 473 pudicitia
1777 451 1789 473 ,
1827 435 1950 474 quam
1981 423 2031 463 ab
2067 423 2247 477 Augusto
2269 425 2397 472 latam

1362 473 1495 529 prodit
1527 475 1743 520 Svetonius
1768 507 1778 518 .
1812 479 1925 520 Nam
1957 478 2152 535 quidquid
2184 481 2231 523 ad
2259 483 2400 527 muni·

1359 545 1549 575 mentum
1583 533 1786 587 pudicitiae
1811 536 1986 588 pertinet
2006 567 2018 589 ‚
2051 539 2395 592 comprehensum

1357 588 1435 633 fuit
1468 589 1584 642 hujus
1617 589 1716 646 legis
1747 592 1946 647 capitibus
1969 624 1981 645 ‚
2016 609 2103 650 quae
2134 610 2218 638 non
2237 596 2396 641 adulte·

1359 647 1467 690 rium
1500 659 1691 702 tantum,
1725 649 1785 692 sed
1808 649 1850 692 ὃ(
1869 648 2048 704 stuprum
2069 682 2080 703 ,
2113 652 2155 694 ὅ(
2176 654 2390 709 incestum,

1354 705 1397 748 δι’.
1428 705 1684 749 lenocinium
1707 738 1718 759 ,
1750 706 1793 748 δε
1827 722 1850 761 p
1919 721 2042 754 ,orum
2062 710 2388 766 corruptionem,

1352 762 1397 806 &
1451 763 1532 806 alia
1587 762 1836 819 propudiosae
1920 778 1941 806 c
1996 763 2160 808 nefariae
2204 766 2394 812 libidinis

1352 835 1501 875 genera
1543 820 1874 875 complefiuntur
1910 851 1919 861 .
1972 821 2172 878 Quodque
2221 824 2270 865 ad
2314 825 2396 869 stu.-

1354 893 1472 932 prum
1516 878 1664 920 attinet
1703 908 1715 930 ‚
1767 876 1845 920 hoc
1892 876 1982 920 sane
2016 893 2169 922 nomen
2205 879 2395 927 latissime

1352 934 1567 978 funditur:
1600 935 1768 978 dedecus
1797 934 1913 977 enirn
1947 933 2145 989 fignificat
2171 968 2183 990 ‚
2227 937 2269 980 ὃς
2304 951 2395 981 tur-

1354 992 1582 1046 pitudinem
1610 1023 1621 1044 ‚
1655 992 1697 1035 &
1730 1007 1814 1034 non
1847 993 2029 1046 corporis
2062 994 2186 1036 modo
2209 1026 2220 1046 ,
2255 995 2316 1038 sed
2347 996 2392 1040 ὃς

1324 1048 1471 1097 lfamae
1511 1065 1557 1092 ac
1601 1048 1814 1104 dignitatis
1859 1062 2000 1092 notam
2029 1081 2038 1091 .
2090 1051 2210 1107 Qiocl
2244 1053 2390 1106 probat

1323 1099 1481 1150 {Festus
1524 1123 1572 1150 ex
1614 1105 1700 1150 illis
1743 1105 1882 1150 Naevii
1930 1106 2104 1151 versibus
2133 1125 2156 1152 a
2188 1108 2394 1166 Scaligero

1322 1141 1328 1203 l
1350 1165 1543 1208 restitutis
1568 1181 1582 1207 .-

1402 1279 1571 1335 Seseque
1601 1279 1638 1322 ei
1663 1278 1789 1335 perire
1821 1279 2031 1322 mavolunt
2061 1279 2210 1323 ibidem
2234 1312 2246 1335 ,

1402 1338 1539 1391 Quam
1567 1352 1654 1381 cum
1673 1335 1810 1393 stupro
1834 1338 1958 1379 redire
1981 1337 2043 1388 ad*
2052 1337 2147 1391 suos
2166 1340 2389 1394 populares.

1318 1463 1322 1473 ·
1345 1451 1502 1504 Quibus
1529 1451 1571 1495 in
1598 1451 1770 1495 versibus
1794 1450 1882 1507 quis
1908 1449 2097 1503 dubitet,
2135 1451 2388 1506 pofitumes-

1318 1520 1320 1523 ’
1342 1508 1378 1553 se
1402 1510 1582 1565 stuprum
1609 1525 1681 1565 pro
1706 1508 1935 1564 ignominia
1961 1511 1975 1551 ἓ
2011 1509 2116 1552 item
2149 1509 2234 1553 alio
2261 1509 2385 1554 loco:

1398 1625 1474 1666 Sin
1507 1624 1596 1665 illos
1624 1621 1815 1676 deseratis
1842 1620 2071 1677 fortiffimos
2101 1622 2305 1678 virorum,

1397 1682 1598 1738 Illagnum
1621 1679 1805 1737 stuprum
1831 1681 1977 1735 populo
1999 1679 2098 1734 fieri
2124 1682 2325 1737 pergetis.

1395 1795 1681 1852 Quamobrem
1727 1792 2020 1838 consultiffime
2052 1794 2303 1839 Danthesin
2325 1795 2387 1841 di-

1336 1853 1437 1897 vino
1469 1866 1684 1909 poemate,
1715 1852 1951 1895 daemonum
1981 1851 2208 1896 inferorum
2246 1853 2380 1909 super-

1337 1912 1448 1955 biam
1481 1911 1659 1966 stuprum
1693 1909 1915 1965 appellavit
1950 1925 1959 1951 ε
2012 1910 2137 1953 Unde
2179 1925 2263 1952 non
2298 1911 2378 1954 rni-

1274 1971 1276 1974 ’
1337 1985 1454 2021 rum,
1488 1968 1514 2011 si
1544 1968 1733 2024 quae'ibet
1766 1967 1893 2009 libido
1914 1997 1927 2019 ‚
1967 1966 2012 2009 &
2044 1968 2226 2023 corporis
2258 1984 2377 2011 corn-

1336 2026 1498 2079 mistio,
1532 2025 1611 2068 five
1642 2039 1736 2068 cum
1772 2024 1965 2079 virgine,
1999 2024 2078 2066 five
2111 2038 2206 2067 cum
2235 2024 2373 2078 vidua,

1336 2083 1415 2127 sive
1446 2099 1540 2126 cum
1576 2097 1698 2137 puero
1730 2113 1742 2135 ,
1787 2080 1865 2125 five
1902 2096 1997 2124 cum
2029 2080 2163 2124 aliena
2194 2080 2369 2137 conjuge

1334 2140 1456 2196 stupri
1489 2140 1660 2183 nomine
1692 2138 1929 2182 continetur
1951 2170 1960 2181 .
1991 2139 2069 2192 (i)
2101 2138 2367 2182 Adulterium

1334 2214 1429 2241 vero
1462 2197 1611 2241 dicitur
1639 2229 1650 2250 ,
1684 2196 1846 2239 autorore
1872 2196 1982 2240 Festo
2003 2227 2016 2248 ,
2048 2196 2156 2251 quasi
2189 2196 2236 2238 ad
2267 2195 2372 2239 alte-

1333 2271 1424 2299 rum
1457 2255 1560 2308 itio,
1594 2254 1673 2297 five
1704 2253 1906 2296 acceffus:
1943 2253 2033 2306 vel,
2069 2266 2112 2295 ut
2143 2268 2220 2309 ego
2242 2252 2368 2295 inter-

1333 2325 1467 2368 pretor
1491 2343 1503 2365 ,
1535 2312 1640 2367 quod
1675 2311 1839 2365 proprio
1870 2309 1958 2365 quis
1990 2308 2182 2364 conjugio
2207 2309 2365 2362 reheb,

1331 2385 1475 2425 corpus
1505 2381 1670 2424 appetat
1701 2367 1885 2410 alienum
1912 2398 1921 2409 .
1956 2367 2075 2420 Quod
2109 2381 2192 2408 non
2225 2368 2368 2409 omni-

1331 2443 1386 2470 no
1415 2426 1611 2480 discrepat
1642 2441 1664 2467 a
1699 2424 1913 2478 Papiniani
1945 2422 2221 2479 explicatione
2250 2455 2261 2477 ‚
2295 2423 2365 2479 qui

1328 2483 1514 2528 adulterii
1547 2497 1700 2526 nornen
1731 2496 1867 2524 ortum
1900 2480 1956 2523 ait
1988 2498 2010 2523 a
2044 2493 2161 2535 partu
2191 2497 2241 2524 ex
2262 2481 2366 2525 alte-2

1329 2558 1373 2585 ro
1403 2553 1603 2596 concepto
1624 2572 1633 2582 .
1667 2539 1825 2582 Verum
1860 2538 2071 2594 vestigium
2105 2537 2222 2589 hujus
2255 2538 2366 2582 vocis

1322 2611 1465 2655 partus
1504 2599 1547 2641 in
1591 2595 1778 2640 adulterii
1812 2596 2011 2639 vocabulo
2045 2594 2208 2639 nullum
2243 2595 2362 2639 inve-

1328 2657 1399 2699 nio
1426 2672 1436 2696 :
1470 2667 1676 2712 utcunque
1709 2653 1954 2697 affinitatem
1986 2652 2132 2696 habeat
2163 2668 2257 2696 cum
2291 2667 2365 2694 vo·

1326 2729 1370 2758 ce
1400 2714 1591 2765 alterius,
1623 2727 1671 2755 ex
1705 2727 1784 2767 qua
1816 2725 1962 2754 natum
1994 2711 2047 2753 est
2076 2710 2314 2751 adulterium
2340 2740 2354 2762 ,

1327 2769 1438 2815 velut
1470 2770 1518 2814 ad
1550 2769 1713 2812 alterins
1737 2801 1750 2823 ,
1795 2783 1944 2824 nempe
1976 2782 2130 2810 uxorem
2157 2797 2166 2808 .
2197 2768 2260 2809 Ex
2297 2766 2367 2809 his>

2215 2837 2360 2865 omnes

1547 2899 1573 2910 ῆ-
1588 2894 1740 2916 --—-—,'

1367 2937 1432 2979 (g)
1455 2940 1490 2968 C.
1505 2938 1547 2969 ad
1561 2939 1585 2968 Ι.
1597 2936 1676 2977 Jul.
1693 2933 1813 2973 maiali·
2310 2975 2317 2982 0

1367 2983 1426 3024 (b)
1455 2986 1503 3014 De
1526 2982 1651 3013 crimin.
1675 2978 1733 3010 lib.
1748 2981 1805 3017 48.
1827 2977 1866 3022 ff.
1896 2979 1951 3011 eie.
1969 2989 2000 3010 2.
2028 2983 2096 3020 cap.
2112 2988 2145 3016 4.
2161 2989 2194 3009 n.
2214 2979 2244 3007 6.
2261 2979 2355 3015 Lyu.

1322 3027 1499 3068 risjurandi
1514 3036 1540 3064 9.
1559 3028 1595 3057 C.
1612 3025 1650 3058 de
1663 3022 1730 3064 test.
1747 3022 1859 3062 Cuiae.
1875 3032 2015 3056 enarrat.
2031 3035 2062 3055 n.
2079 3024 2109 3054 6.
2130 3024 2164 3054 C.
2182 3023 2225 3054 a'd
2238 3024 2353 3064 LJuI.

1321 3071 1440 3158 mag}
1449 3120 1599 3159 Quorum
1625 3113 1821 3148 sententiam
1835 3112 1981 3156 sequitur
1995 3111 2161 3148 Gerardus
2176 3110 2291 3145 Noodt
2307 3109 2349 3144 ad

1321 3165 1359 3196 P.
1377 3163 1432 3195 tit.
1448 3163 1486 3194 dc:
1498 3159 1631 3200 jurejur.
1647 3169 1678 3201 p.
1697 3163 1772 3199 287.
1801 3161 1876 3191 288.

1361 3207 1415 3250 (ὓ
1462 3210 1491 3243 L
1517 3208 1603 3240 inm
1616 3205 1729 3240 liberos
1747 3206 1775 3247 ᾗ.
1797 3214 1822 3236 1.
1837 3201 1934 3247 ff-ad
1946 3204 2060 3246 usul-
2078 3202 2116 3237 ae
2133 3201 2239 3236 adult.
