2596 3479
654 106 703 158 E
745 103 801 155 T
878 101 1004 153 XII.

296 177 479 225 Ambitio
501 178 674 220 omnium
694 209 707 230 ‚
736 190 818 231 quae
841 187 988 216 terram
1010 183 1193 229 premunt
1215 173 1280 229 se-

241 239 391 280 remiles
414 235 486 291 esto
501 268 513 288 ,
547 234 741 290 restituit:
760 231 945 273 Ambitio
965 231 1136 274 omnium
1153 263 1165 286 ‚
1195 249 1278 288 quae

242 305 389 337 terram
412 305 620 350 premunt,
643 290 810 344 siremps
839 289 902 330 lex
932 286 1027 343 esto.

365 381 405 423 C
465 385 504 422 A
566 378 596 420 P
654 376 699 417 U
759 374 803 415 T
921 374 1148 418 LXXVII.

292 439 360 482 De
375 439 472 490 Iure
497 434 637 489 sacro,
669 430 944 495 &Refigt‘oso
965 462 977 485 ,
1008 430 1064 475 (θ’
1084 433 1218 486 sacris

646 490 836 532 Privata·
849 520 859 530 .

325 579 386 622 Ed
436 577 484 621 ad
518 577 622 620 sacra
670 573 753 626 jam
786 573 1024 618 accedamus
1050 605 1062 627 ‚
1103 574 1150 617 de
1183 575 1293 630 qui·¹
1749 628 1768 632 ..

1290 640 1296 679 5
1321 630 1559 672 horninibus
1585 659 1597 680 ‚
1632 627 1671 670 in
1700 629 1793 671 Diis
1819 626 2094 670 absolveretur
2119 643 2128 669 :
2164 626 2296 669 immo
2320 625 2364 669 in

333 637 403 678 bus
437 635 635 690 plurimas
667 631 779 674 fuisse
811 632 918 675 XII.
962 631 1088 674 tabul.
1133 631 1271 687 leges,

228 691 370 749 easque
389 693 435 735 de
462 693 615 734 Numae
642 688 894 745 potissimum
924 688 1119 731 institutis
1144 701 1270 731 trans-

230 747 335 791 latas
375 750 595 805 opinamur
625 781 634 789 .
684 747 845 789 Verum
890 760 941 788 ne
978 747 1113 799 inepte
1144 762 1261 801 augu

229 822 366 850 remur
390 838 402 859 ,
437 821 502 849 eas
546 817 711 847 tantum
745 803 814 846 hic
856 802 1100 846 adducemus
1128 833 1140 855 ‚
1172 819 1269 857 qua-

226 878 321 906 rum
371 864 413 906 in
446 861 648 904 veteribus
696 861 979 902 monumentis
1011 872 1118 903 certa
1155 859 1264 902 vesti-

229 920 301 975 gia
335 919 575 972 supersunt.
622 919 736 959 Nam
769 931 865 973 quas
899 917 1019 959 multi
1067 916 1113 959 de
1146 917 1267 959 Cice-

226 976 340 1020 ronis
377 975 520 1027 libris,
565 987 762 1029 tanquam
808 974 855 1017 de
890 973 1027 1029 legum
1060 974 1166 1016 ΧΙΙ.
1209 986 1269 1015 ta·

226 1032 311 1076 bul.
365 1047 531 1088 corpore
579 1032 804 1074 sumserunt
842 1046 853 1085 ;

213 1090 272 1134 ‘in
317 1089 427 1132 hunc
471 1089 657 1132 ordinem
692 1119 703 1140 ,
749 1088 822 1130 nisi
866 1101 985 1130 certis
1027 1087 1267 1131 testimoniis

230 1147 278 1189 de
329 1148 435 1191 XII.
496 1144 647 1188 tabulis
706 1146 843 1187 venire
898 1145 1218 1199 comprobentur
1253 1176 1265 1198 ‚

223 1219 322 1247 curn
379 1203 575 1258 pleraeque
627 1201 792 1244 illarum
849 1200 1002 1244 fuerint
1063 1203 1113 1243 ab
1162 1203 1263 1255 ipso-

222 1273 310 1307 met
341 1262 546 1303 Cicerone
586 1259 801 1311 confitstae,
850 1271 895 1299 ut
940 1257 1112 1312 perse-sta
1159 1259 1261 1300 civi-

225 1316 274 1360 lis
323 1316 423 1368 juris
456 1316 587 1358 forma
639 1315 760 1357 illinc
792 1314 1053 1357 exhiberetur
1076 1345 1087 1357 .
1119 1317 1262 1367 ³Ante—

221 1389 344 1429 quam
390 1374 514 1427 igitur
564 1371 736 1426 singulas
784 1372 1075 1425 explicemus,
1122 1372 1258 1423 prode-

221 1445 265 1473 re
320 1429 604 1472 constituimus
651 1429 787 1483 aliqua
842 1427 975 1482 priscae
1021 1426 1260 1481 superstitio-

223 1487 290 1529 nis
318 1487 508 1531 exordia:
544 1498 630 1527 tum
659 1499 701 1528 ut
724 1485 861 1540 legum
895 1486 1029 1538 capita
1051 1487 1180 1539 magis
1212 1485 1257 1528 il-

223 1542 470 1597 lustremus3
524 1557 612 1585 turn
664 1558 707 1585 ut
752 1543 851 1585 hinc
899 1542 1025 1584 etiam
1080 1543 1240 1584 ostenda

222 1617 354 1654 mus,
397 1599 563 1657 quantis
617 1615 665 1641 ex
709 1601 912 1642 erroribus
959 1600 1034 1641 Dei
1077 1599 1120 1642 8(
1167 1600 1259 1642 Filii

224 1657 279 1701 sui
313 1658 402 1710 Jesu
427 1655 581 1699 Christi
611 1657 809 1699 beneficio
838 1655 1104 1710 crepserirnus
1126 1688 1135 1698 .
1173 1660 1259 1700 Ho-

219 1714 346 1758 minis
392 1727 534 1757 natura
568 1714 802 1756 communis
848 1713 1024 1767 parentis
1066 1713 1250 1757 defeffio

1085 93 1942 153 TABULARUM.

2272 95 2374 159 189

1328 173 1418 215 aliis
1467 172 1746 216 affeffionibus
1783 201 1796 223 ,
1845 169 1888 211 &
1936 165 2093 211 affibus
2140 167 2368 213 hominum

1329 231 1518 273 Numina
1550 230 1776 274 extiterunt
1808 258 1821 281 ‚
1854 240 2004 280 nempe
2035 227 2130 279 Spes
2153 257 2165 278 ‚
2199 226 2365 280 Labor,

1328 289 1537 341 Morbus,
1585 287 1720 330 Febris
1756 317 1769 339 ‚
1823 284 1939 327 Pestis
1972 314 1985 336 ‚
2031 281 2225 339 pluraque
2283 283 2365 328 alia

1326 347 1502 388 monstra
1571 344 1703 387 surore
1767 341 1990 385 hominum
2044 354 2251 396 procreata
2304 340 2370 384 lo-

1325 417 1420 444 cum
1455 403 1561 445 inter
1596 403 1703 443 Deos
1736 399 2019 443 invenerunt:
2053 408 2099 440 ut
2132 412 2220 440 non
2249 397 2366 441 aliter

1323 458 1513 502 homines
1547 475 1568 501 a
1603 458 1693 500 Diis
1725 457 2022 511 discreparent,
2055 454 2131 498 nisi
2162 454 2266 510 quod
2293 456 2364 496 bo-

1324 517 1455 558 mines
1495 516 1594 557 vitia
1643 513 1935 568 participarent
1968 544 1981 565 ,
2030 513 2100 557 Dii
2143 527 2240 555 vero
2283 511 2364 566 ipsa

1319 572 1442 615 essent
1470 585 1613 614 natura
1638 569 1921 622 vitiorum3&
1942 568 2050 625 quod
2075 569 2295 613 inchoatur
2319 568 2365 614 in

1319 701 1460 730 eorum
1500 683 1666 738 singulis
1706 685 1853 728 vitium
1887 683 2017 738 ipsum
2053 683 2361 739 exculperetur.

1321 746 1464 799 Itaque
1489 743 1647 786 cultum
1678 742 1740 785 his
1779 758 1851 797 pro
1879 742 2063 785 humano
2095 742 2266 797 ingenio
2288 741 2363 784 tri·

1320 801 1521 853 buerunt,
1552 816 1598 842 ea
1629 801 1856 851 tradentes,
1888 814 1975 854 quae
2009 798 2258 854 singulorum
2291 814 2364 843 na-

1319 871 1416 900 turae
1444 857 1745 910 convenirent3
1780 871 2038 912 muneraque*
2065 857 2157 900 Diis
2187 855 2362 899 offeren-

1316 915 1364 957 da
1392 931 1474 957 non
1509 931 1555 958 ex
1583 915 1800 957 divinitate
1834 927 1989 957 naturae
2014 944 2026 967 ‚
2056 913 2118 957 sed
2149 929 2197 957 ex
2224 913 2361 958 homi-

1318 988 1417 1014 num
1444 972 1710 1015 aestimatione
1744 971 1963 1025 pendentes
1983 1002 1993 1013 .
2035 972 2149 1015 Hinc
2183 982 2290 1014 certa
2320 985 2364 1015 ε-

911 1046 995 1073 non
1049 1030 1289 1073 referemus,
1317 1043 1407 1072 rant
1433 1029 1616 1071 instituta
1649 1024 1841 1072 sacrificia
1877 1060 1890 1081 ‚
1921 1028 2220 1085 praescriptique
2251 1028 2361 1072 artus

1315 1102 1493 1140 corporis
1523 1086 1567 1129 ὃς
1602 1098 1736 1128 motus
1764 1117 1775 1138 ‚
1824 1101 1924 1140 quos
1969 1087 2171 1139 praefinito
2216 1085 2356 1139 expri-

1316 1145 1514 1186 mebant:
1561 1159 1658 1198 quas
1690 1142 1955 1186 caeremonias
1998 1143 2170 1186 dicimus
2198 1173 2206 1184 .
2241 1142 2357 1186 Hinc

1313 1200 1354 1242 ὃ(
1387 1200 1469 1242 ludi
1502 1199 1722 1243 edebantur
1755 1201 1797 1242 in
1819 1199 2018 1243 honorem
2059 1202 2243 1244 Deorum
2268 1230 2280 1253 ‚
2312 1199 2356 1243 ὃς

1314 1256 1396 1299 sesti
1441 1257 1524 1299 dies
1569 1256 1754 1312 tripudiis
1795 1257 1838 1299 &
1883 1256 2109 1300 molliculis
2163 1257 2353 1302 cantibus

1313 1313 1623 1356 celebrabantur
1644 1345 1656 1365 ‚
1689 1312 1797 1369 quast
1823 1326 1966 1356 natura
1991 1313 2131 1356 divina
2175 1314 2314 1357 iisdem
2339 1345 2350 1367 ‚

1309 1370 1455 1424 quibus
1488 1370 1671 1412 humana
1702 1382 1911 1422 caperetur
1931 1400 1943 1422 ,
1976 1370 2020 1412 ὃς
2040 1370 2149 1425 quali
2182 1371 2216 1414 se
2244 1371 2353 1425 quis-

1311 1441 1386 1480 que
1419 1427 1462 1468 in
1493 1426 1611 1469 unius
1641 1441 1690 1469 ex
1720 1426 1951 1480 proceribus
1984 1426 2104 1469 fidem
2136 1426 2180 1469 δε
2217 1439 2353 1481 patro-

1309 1484 1466 1526 cinium
1496 1484 1670 1526 traderet
1692 1498 1703 1536 3
1735 1482 1898 1538 singulae
1919 1483 2104 1526 nationes
2130 1515 2141 1537 ,
2173 1484 2216 1527 3<
2237 1485 2355 1528 urbes

1313 1540 1397 1582 suos
1438 1539 1658 1593 praecipuos
1699 1539 1903 1583 habebant
1930 1542 2039 1583 Deos
2063 1572 2075 1595 ,
2108 1541 2152 1584 in
2174 1556 2350 1596 quorum

1313 1598 1511 1639 bonorem
1537 1610 1642 1640 certa
1671 1596 1861 1640 sacrificia
1895 1596 2054 1651 publice
2086 1597 2351 1642 institueban-

1309 1669 1399 1697 tur:
1434 1654 1536 1697 item
1569 1654 1609 1696 ὃς
1644 1653 1807 1708 fingulae
1837 1653 2006 1698 familiae
2033 1654 2118 1699 suos
2146 1658 2252 1698 Deos
2279 1655 2348 1699 sibi

1309 1711 1530 1755 familiares
1549 1710 1846 1766 adsciscebatur,
1871 1728 1972 1769 quos
1994 1714 2112 1756 Lares
2144 1714 2351 1756 vocabant

220 1788 271 1815 ne
305 1771 521 1827 perduellis
547 1802 559 1824 ,
611 1771 807 1826 hostisque
839 1772 967 1814 divini
1005 1772 1205 1814 Numinis
1236 1789 1256 1814 a
1304 1769 1348 1811 δε
1376 1769 1572 1811 Penates.
1608 1768 1887 1822 Quamobrem
1910 1769 2081 1825 privatis
2116 1773 2269 1823 etiam,
2300 1771 2345 1815 δε

218 1831 273 1872 D.
328 1830 381 1871 O.
435 1830 500 1871 M.
556 1828 624 1882 qui
688 1829 782 1871 finis
829 1829 882 1871 est
942 1842 1257 1883 extremumque

215 1886 420 1929 bonorum
486 1885 678 1928 omniurn
722 1918 734 1938 ‚
798 1885 845 1927 ad
897 1901 1033 1929 rerum
1103 1899 1253 1929 creata-

225 1956 318 1986 tum
365 1959 552 1986 amorem
596 1943 640 1985 ὃ(
682 1942 778 1985 falsa
810 1943 958 1998 gaudia
993 1945 1254 1985 vertebatur:

1305 1826 1591 1869 anniversariis
1613 1825 1832 1880 sacrificiis,
1853 1843 1920 1870 eos
1939 1829 2260 1871 venerabantur.
2281 1830 2344 1880 (a)

1307 1885 1406 1937 Quae
1441 1884 1545 1925 sacra
1571 1884 1683 1938 genti
1714 1897 1830 1927 erant
1853 1884 1938 1935 jure
1963 1886 2178 1929 Pontificio
2204 1901 2345 1940 perpe-

1306 1953 1375 1982 tuo
1394 1940 1571 1983 addie’ca.
1606 1942 1720 1985 Hine
1748 1942 1857 1997 plebs
1890 1959 1911 1985 a
1938 1942 2117 1997 patribus
2151 1958 2234 1986 non
2267 1943 2344 1986 ho·

214 2000 469 2055 propriaeque
513 1999 748 2051 cupiditatis
798 2000 968 2042 nexibus
1011 2000 1255 2054 implicata,
1306 2012 1402 2040 nore
1435 2011 1598 2040 tantum
1627 2029 1639 2050 ,
1674 1998 1732 2040 sed
1769 1999 1814 2041 &
1847 1999 1962 2043 sacris
2006 2000 2338 2044 discernebatur:

214 2072 312 2100 curn
358 2057 405 2098 ad
439 2055 676 2109 sapientiam
721 2057 986 2100 contenderet
1035 2056 1218 2100 maxime
1244 2090 1254 2110 ,
1302 2070 1396 2098 cum
1422 2054 1501 2097 alia
1527 2055 1633 2097 sacra
1659 2054 1910 2111 plebejorum
1942 2057 2093 2109 effent3
2114 2057 2194 2098 alia
2217 2058 2342 2110 patri-

211 2125 304 2155 tum
350 2113 399 2154 ab
429 2128 475 2156 ea
510 2111 669 2167 longius
699 2113 1004 2157 abstrahebatur
1039 2146 1046 2155 .

1101 2116 1253 2158 Rerum
1274 2148 1279 2165 1
1300 2112 1457 2155 ciorum
1480 2144 1488 2153 .
1521 2112 1646 2154 Unde
1675 2112 1867 2166 Virginia
1887 2145 1899 2166 ‚
1931 2112 2089 2156 exclusa
2122 2113 2240 2156 sacris
2268 2115 2343 2158 Pu-

216 2171 334 2214 enim
381 2169 614 2212 divinarum
660 2170 853 2214 notitiam
905 2186 988 2213 non
1020 2186 1041 2213 a
1077 2171 1189 2215 fonte
1224 2168 1448 2216 i-,ldicitiae
1475 2169 1682 2222 Patrieiae,
1703 2185 1814 2213 aram
1841 2170 1994 2214 dicavit
2021 2169 2228 2213 Pudicitiae
2250 2171 2338 2214 Ple-

215 2227 284 2283 pso
307 2258 318 2280 ,
354 2226 412 2269 sed
454 2243 476 2269 a
509 2228 786 2282 corruptionis
835 2228 976 2271 nostrae
1022 2228 1152 2273 radice
1186 2245 1252 2284 pe·
1301 2226 1421 2278 bejae.
1454 2227 1517 2277 (b)
1544 2229 1643 2269 Haec
1665 2227 1806 2270 eadem
1831 2228 1944 2271 causa
1968 2228 2117 2270 distulit
2147 2244 2338 2273 commu-

215 2284 402 2327 tebarnus
431 2300 441 2325 t
489 2285 627 2327 Deum
661 2285 790 2342 ipsum
844 2286 1124 2329 affifflionibus
1178 2302 1250 2329 no·
1300 2284 1471 2328 nionern
1508 2283 1604 2335 juris
1635 2283 1859 2340 conjugalis
1894 2287 2002 2328 inter
2029 2285 2222 2342 patricios
2251 2318 2263 2338 ‚
2293 2286 2338 2330 ὃς

211 2341 300 2384 stris
350 2341 610 2384 involventes
651 2375 661 2395 ‚
716 2343 835 2398 eique
893 2344 1080 2386 desideria
1123 2338 1275 2405 curas-f
1299 2341 1500 2396 plebeios,
1521 2341 1614 2397 quia
1637 2341 1752 2386 enirn
1778 2344 1822 2386 in
1848 2343 1987 2386 mariti
2018 2344 2122 2386 sacra
2151 2343 2194 2386 δι
2216 2343 2338 2387 farni-

215 2413 294 2453 que
329 2398 478 2440 nostras
509 2399 757 2453 adplicantes
790 2432 799 2442 .
844 2402 966 2442 Unde
1011 2401 1078 2443 fibi
1112 2400 1272 2443 homi-·
1302 2399 1399 2441 liam
1422 2414 1523 2441 uxor
1549 2398 1766 2453 transibat,
1801 2400 1889 2443 ideo
1904 2401 2181 2455 perturbatum
2205 2401 2251 2443 iri
2281 2401 2337 2443 sa-

210 2469 302 2497 nes
328 2455 472 2508 singuli
525 2456 822 2500 constituebant
876 2458 1036 2500 suarum
1088 2457 1272 2552 simula-e
1295 2471 1460 2499 crorum
1480 2454 1540 2506 jus
1554 2455 1791 2509 praedicabat
1805 2458 1961 2501 Consul
1978 2470 2117 2500 contra
2144 2456 2333 2511 plebeios,

211 2527 279 2555 cra
325 2511 598 2564 cupiditatum
640 2513 684 2556 Sc
726 2514 986 2557 affeffionum
1046 2513 1246 2557 humana·
1295 2513 1505 2565 differens,
1533 2512 1557 2555 si
1588 2512 1777 2569 conjugia
1810 2527 1951 2558 mutua
1976 2514 2083 2557 inter
2110 2514 2328 2567 patricios,

207 2583 301 2612 rum
324 2599 336 2619 ‚
377 2583 464 2622 quae
508 2584 578 2622 pro
611 2570 848 2614 numinibus
892 2570 1074 2614 colerent
1099 2602 1106 2611 .
1162 2572 1244 2626 Igi—
1264 2553 1270 2611 l
1293 2570 1336 2613 δι
1356 2568 1530 2624 plebeios
1556 2570 1915 2623 permitterentun
1937 2574 2016 2623 (c)
2042 2573 2153 2615 Hinc
2174 2570 2331 2616 intelli-

208 2637 275 2669 tur
305 2640 354 2667 ex
388 2624 505 2667 infita
550 2626 778 2682 imperandi
813 2628 1031 2681 cupiditate
1064 2626 1144 2671 suit
1176 2644 1248 2672 ex·
1294 2628 1403 2683 gitur
1419 2626 1641 2669 Modestini
1668 2627 2331 2685 locus,ubihabetur‚nuptiisdi-

205 2683 357 2725 citatus
388 2682 574 2736 juppiter
597 2716 609 2736 ‚
642 2684 684 2727 ἃ
715 2700 765 2728 ex
796 2685 1063 2729 contentione
1096 2687 1213 2728 Mars
1233 2712 1268 2739 ,·
1292 2686 1432 2727 vinum
1460 2684 1524 2735 [ἕως
1542 2686 1853 2728 communicari:
1885 2686 1981 2743 quia
2004 2686 2155 2731 scilicet
2179 2687 2330 2732 mulier

206 2754 259 2782 ex
309 2738 478 2782 libidine
523 2741 664 2785 Venus
689 2773 701 2795 ,
745 2758 794 2786 ex
839 2743 1030 2786 industria
1073 2742 1202 2786 Pallas
1233 2727 1269 2797 ‚l
1293 2742 1494 2784 sacrorum
1515 2741 1651 2785 mariti
1674 2744 1788 2786 fieret
1815 2745 2089 2798 particeps(d)
2111 2745 2272 2788 Publica
2296 2745 2328 2788 i-

203 2810 255 2839 ex
289 2794 470 2860 superbia
501 2797 611 2847 Juno
637 2831 649 2852 ,
699 2815 748 2843 ex
783 2800 1039 2844 mortalitate
1092 2801 1211 2844 Pluto
1232 2832 1244 2853 ,
1290 2799 1400 2854 gitur
1426 2799 1531 2842 sacra
1559 2815 1630 2854 pro
1652 2799 1800 2855 pop-ulo
1817 2801 1981 2857 publico
2004 2804 2134 2846 sum-tu
2160 2802 2326 2857 fiebant5

205 2866 256 2894 ex
290 2866 555 2909 navigatione
590 2858 812 2911 Neptunus
839 2890 851 2910 ‚
894 2874 943 2902 ex
981 2857 1142 2901 tristitia
1173 2859 1244 2900 Sa·
1293 2857 1448 2910 privata
1472 2873 1568 2900 vero
1593 2856 1755 2913 sumptu
1782 2860 1942 2913 privato
1968 2876 2039 2916 pro
2062 2860 2228 2916 singulis
2250 2860 2323 2902 ho·-

206 2918 350 2952 turnus
379 2941 393 2963 ‚
424 2926 473 2955 ex
505 2912 699 2958 ebrietate
731 2915 949 2960 Bacchus:
992 2914 1151 2972 aliaque
1192 2931 1240 2959 ex
1289 2914 1497 2968 minibus,
1530 2913 1726 2969 familiis,
1756 2915 2074 2972 gentibus‚(e>
2108 2934 2153 2962 ac
2176 2931 2321 2973 praeter

2186 2975 2289 3022 sacra
2309 3012 2321 3034 s

194 3036 307 3046 —
324 3037 418 3047 —
427 3040 528 3050 ⁹-—
1740 3046 1799 3055 ““···
1808 3047 2322 3065 ssm*--—noe-—-

1295 3045 1627 3056 ——.--—

654 3042 1131 3058 -.———--———-‘—n-—

247 3065 306 3105 (⁶)
331 3065 400 3115 Cic..
425 3068 463 3098 ὁ*
489 3073 605 3119 ssrusp.
621 3075 700 3116 ns?-
750 3075 804 3120 (b)
831 3077 948 3112 Livius
962 3076 1081 3113 libum.
1098 3085 1164 3121 cap.
1184 3084 1236 3117 23.
1332 3074 1392 3115 (d)
1416 3078 1452 3107 L.
1475 3086 1502 3108 1.
1526 3074 1565 3120 ff
1583 3078 1651 3111 ritu
1678 3084 1772 3120 nupt.

245 3109 301 3149 (c)
326 3111 442 3145 Livius
469 3113 528 3147 hb.
544 3125 578 3154 4.
604 3126 672 3160 cap.
693 3129 724 3153 ι,
1330 3120 1386 3162 (r)
1411 3121 1518 3157 Festus
1542 3143 1553 3154 0

2450 0 2487 120 l

2507 196 2520 238 K
