2524 3479
738 106 1088 182 JURIS
1170 101 1694 159 CIVILIS.
2199 124 2266 175 13

181 184 455 242 explicand0‚
488 183 593 229 mire
621 183 696 228 sese
722 182 855 225 versat
884 182 1078 238 Princeps
1103 183 1189 225 Ro-

177 259 312 289 manae
331 243 590 300 antiquitatis
612 244 630 297 (
652 249 709 294 a)
733 240 976 291 Manutius.

333 361 372 403 C
434 361 473 402 A
535 358 565 400 P
624 358 670 399 U
729 358 774 399 T
889 352 1036 401 XIX.

254 420 321 465 De
351 416 519 461 dicenda
543 415 750 458 Sententia
770 446 781 467 ‚
814 413 870 458 &⁴
898 415 944 457 S.
969 417 1019 459 C.
1050 424 1121 473 per

508 510 512 514 .
533 471 813 529 Disceffionem
835 504 843 514 .
901 537 903 540 Α

265 591 336 634 Ost
372 588 636 646 rogationem
685 605 708 632 a
739 587 923 632 Consule
956 619 969 642 ,
1011 600 1081 632 aut
1112 586 1195 631 alio

293 665 342 692 ex
365 648 585 701 majoribus
609 647 907 703 magistratibus
934 645 1083 689 saetam
1106 646 1188 689 sen-

173 706 350 749 tentiam
395 706 583 749 dicebant
615 705 761 749 stantes
781 736 793 757 ,
825 720 872 748 ea
901 703 1116 756 libertate,
1149 716 1194 747 ut

174 778 261 806 non
306 764 430 807 modo
476 763 678 807 sermones
737 763 997 818 interponere
1041 761 1195 817 possent

173 820 330 865 alienos
353 854 365 875 ,
401 821 459 865 sed
484 837 611 865 novos
636 820 869 874 instituere,
903 833 1023 877 atque
1055 819 1102 862 ad
1128 834 1195 863 ve-

175 879 332 934 speram
362 880 580 934 producere
602 896 612 920 t
647 878 705 921 ita
726 892 770 922 ut
795 894 890 922 cum
928 893 1012 921 non
1039 876 1194 930 liceret,

172 951 306 993 neque
325 949 420 980 ante
439 950 578 980 ortum
599 935 704 979 Solis
719 968 731 989 ,
757 952 888 993 neque
913 936 982 979 sub
1004 934 1192 979 occasum

173 993 578 1038 Senatusconsultum
603 995 803 1047 condere,
830 995 916 1046 (b)
942 994 1011 1050 qui
1033 1009 1194 1036 moram

171 1051 352 1107 negotiis
378 1051 531 1096 vellent
556 1051 722 1104 injicere
742 1084 754 1105 ,
773 1052 882 1095 diem
908 1051 1080 1095 dicendo
1107 1052 1191 1094 exi-

168 1122 358 1153 merent:
381 1111 481 1163 (**)
509 1110 616 1166 quod
646 1110 742 1165 saepe
768 1111 938 1153 Marcus
967 1110 1075 1152 Cato
1096 1124 1192 1152 con-

171 1179 236 1211 tra
267 1168 485 1211 deteriores
515 1199 527 1219 ,
569 1168 612 1210 &
650 1167 747 1210 Pub.
791 1166 964 1210 Clodius
1013 1167 1196 1209 adversus

174 1224 370 1268 meliores
403 1224 534 1269 fecisse
561 1225 744 1268 feruntur
764 1256 776 1278 ,
807 1224 1076 1279 dicebantque
1111 1223 1193 1266 sen-

175 1283 352 1326 tentiam
387 1282 453 1324 suo
485 1281 651 1338 quisque
685 1281 776 1345 lp‘co
803 1313 812 1323 .
844 1281 1013 1324 Sedendi
1051 1292 1190 1322 autem

174 1338 212 1383 is
243 1352 329 1384 erat
358 1339 483 1392 ordo,
518 1351 560 1382 ut
600 1337 723 1393 primi
759 1337 937 1382 sederent
969 1336 1193 1390 Consules,

174 1398 403 1449 Praetores,
436 1396 479 1439 ὃς
513 1396 690 1451 proximi
719 1396 956 1439 Praetoribus
979 1395 1194 1448 Censores,

174 1456 320 1510 quibus
348 1454 565 1497 Manutius
598 1469 647 1506 ex
673 1454 915 1499 auetoritate
941 1454 1121 1497 Messala:
1152 1452 1193 1495 in

177 1511 298 1555 libris
329 1544 341 1564 ,
371 1527 471 1568 quos
504 1511 709 1566 scripserat
741 1513 787 1555 de
813 1512 1023 1567 auspiciis,
1058 1511 1194 1555 secun·

178 1570 277 1613 dum
313 1569 458 1612 tribuit
495 1586 518 1612 a
557 1570 726 1613 Praetore
763 1570 929 1614 locum.
967 1569 1053 1613 Post
1086 1568 1160 1612 hos
1184 1602 1195 1621 ,

174 1627 245 1684 qui
281 1627 462 1670 minores
511 1628 766 1683 magistratus
813 1640 1001 1684 gererent
1045 1628 1195 1671 AEdiles

174 1684 336 1728 curules
363 1718 373 1735 ,
407 1684 556 1728 AEdiles
593 1685 721 1737 plebis
744 1717 756 1738 ‚
789 1686 1011 1740 Quaestores
1033 1718 1044 1738 ,
1076 1698 1195 1742 atque

177 1741 287 1786 infra
319 1741 392 1785 hos
418 1741 549 1786 forsan
577 1743 757 1787 Tribuni
790 1742 916 1798 plebis
939 1775 949 1795 ,
982 1744 1075 1799 quia
1103 1760 1195 1787 vere

177 1800 436 1856 magistratus
469 1816 552 1844 non
584 1814 735 1844 erant:
772 1800 962 1853 quamvis
987 1800 1095 1844 nihil
1128 1802 1193 1844 ad-

176 1857 257 1901 huc
289 1857 388 1902 certi
422 1859 693 1914 compererim
731 1889 740 1899 .
773 1859 980 1914 Deinceps
1020 1858 1089 1915 qui
1129 1860 1194 1902 de-

178 1915 310 1959 funffl
353 1928 470 1958 erant
513 1916 822 1972 magistratibus·
866 1933 939 1972 pro
986 1917 1198 1973 dignitatis

178 1973 303 2030 gradu
330 2006 343 2025 ,
375 1989 525 2028 nempe
551 1973 824 2028 Consulares,
851 1974 1055 2026 Praetorii,
1085 1974 1197 2018 AEdi-

179 2031 289 2082 litii,
324 2031 564 2085 Qtiaes'torii,
598 2049 773 2088 cumque
799 2033 861 2076 his
884 2033 1012 2076 etiam
1037 2032 1093 2083 ii,
1127 2033 1196 2088 qui

180 2088 441 2145 magistratus
473 2090 648 2134 minime
685 2090 910 2145 gesserant3
944 2089 1004 2133 sed
1041 2088 1104 2133 vel
1129 2089 1193 2133 de—

180 2147 387 2202 signatum
417 2178 428 2199 ‚
461 2147 522 2189 vel
550 2147 786 2203 magistratu
810 2147 997 2191 funffium
1022 2147 1196 2191 accusas-

184 2204 269 2247 sent
291 2216 639 2266 ,Gnocentemque
675 2205 900 2258 probassent
934 2222 943 2246 :

1244 182 1446 226 visionem
1475 178 1725 236 postulabat,
1752 177 1944 223 oratione
1969 178 2094 236 longa
2122 196 2208 225 erat
2223 198 2271 226 u-

1245 241 1413 283 tendum
1440 270 1452 292 ,
1481 250 1550 282 aut
1580 238 1912 294 consurgendum
1937 254 1945 279 :
1981 239 2072 289 (d)
2099 240 2265 296 satisque

1243 311 1328 342 erat
1342 330 1354 351 ,
1371 297 1395 339 fi
1412 296 1638 351 imperasset
1657 296 1813 339 divide.
1832 295 1999 339 Di&am
2020 310 2159 339 autem
2178 299 2266 341 sen-

1244 357 1421 399 tentiam
1456 353 1650 396 Consulis
1684 366 1770 396 erat
1798 354 2070 409 pronunciare
2094 385 2106 407 ,
2140 368 2183 397 ut
2214 356 2261 399 in

1242 429 1366 470 quarn
1389 411 1544 455 vellent
1566 424 1726 467 partem
1753 412 1970 455 Senatores
1993 411 2260 467 discederent,

1242 487 1323 527 quo
1349 471 1388 512 S.
1409 470 1464 512 C.
1487 470 1624 512 fieret:
1659 483 1786 523 eaque
1816 469 1860 511 in
1889 470 2040 514 Senatu
2065 470 2263 514 Consulis

1242 539 1327 572 erat
1341 527 1559 571 aussoritas
1575 558 1586 579 ‚
1607 539 1652 570 ut
1667 525 1808 569 liceret
1827 528 1864 569 ei
1888 526 2014 570 dietas
2039 528 2260 572 sententias

1243 586 1303 630 vel
1340 585 1613 642 pronunciare
1639 615 1651 638 ,
1684 583 1747 627 vel
1783 582 1815 626 fi
1838 597 1983 628 contra
2018 602 2106 629 rem
2147 586 2262 631 suam

1242 646 1458 696 venirent,
1496 641 1740 698 supprimere
1761 674 1774 695 ,
1807 657 1858 685 ne
1888 642 1932 686 in
1964 659 2028 688 eas
2052 645 2090 687 S.
2108 645 2161 687 C.
2187 644 2261 688 fie-

1243 715 1330 746 ret.
1363 703 1478 746 Hinc
1504 700 1639 743 Caesar
1680 699 1784 742 libro
1812 700 1947 756 primo
1981 702 2029 745 de
2065 701 2173 746 bello
2204 702 2264 746 ci·-

1242 760 1319 803 vili
1344 759 1504 803 scribit:
1528 758 1719 801 Lentulus
1737 758 1887 812 Consul
1918 757 2152 812 sententiam
2175 763 2261 805 Ca-

1243 819 1337 862 lidit'
1350 817 1699 874 pronunciatur-um
1717 816 1763 870 Je
1782 817 1936 860 omnino
1958 820 2144 875 negavit.
2160 820 2262 862 Sen-

1243 877 1416 920 tentiam
1445 891 1542 918 vero
1569 874 1644 918 hac
1665 874 1843 918 exordiri
1872 876 2075 920 consuesse
2103 876 2261 920 formu-

1244 934 1304 977 la.
1339 934 1457 988 Quod
1479 933 1602 976 verba
1624 931 1736 987 suffla
1770 933 1868 988 sunt
1908 934 1956 977 de
1981 935 2113 978 literis
2136 952 2152 976 .·
2185 934 2264 979 hac

1243 1004 1381 1036 autern
1406 989 1674 1044 concludere,
1706 992 1755 1034 de
1773 1008 1818 1034 ea
1844 992 1903 1034 ita
1931 993 2060 1048 censeo
2077 1026 2088 1048 ‚
2106 1008 2156 1038 ex
2184 991 2265 1037 Ci-

1244 1050 1403 1094 ceronis
1431 1048 1694 1105 Philippicis,
1716 1048 1784 1092 ubi
1814 1049 1929 1104 plura
1953 1064 2096 1095 extant
2121 1066 2264 1095 exem-

1246 1108 1310 1164 pla
1325 1140 1337 1161 ,
1358 1106 1587 1163 colligitur.
1609 1105 1696 1148 Ubi
1723 1107 1880 1150 Consul
1904 1107 2148 1152 sententiam
2170 1124 2265 1164 pro-

1246 1164 1497 1216 nunciasset,
1519 1177 1563 1207 ut
1591 1163 1851 1218 probantium
1867 1196 1879 1218 ,
1895 1164 1959 1208 vel
1986 1166 2264 1219 rejicientium

1244 1221 1390 1273 judicia
1426 1220 1685 1276 cognosceret
1713 1251 1724 1272 ‚
1765 1222 1961 1266 Senatum
2000 1224 2264 1281 dispertiebat

1245 1279 1310 1322 his
1336 1278 1495 1322 verbis:
1539 1278 1626 1330 ,Qgti
1649 1278 1716 1320 hoc
1741 1278 1905 1330 sentitis
1938 1281 2032 1323 illuc
2066 1281 2224 1335 transite
2245 1299 2261 1323 .-

1244 1337 1317 1393 qui
1347 1337 1431 1378 alia
1451 1336 1581 1378 omnia
1615 1335 1658 1377 in
1682 1335 1782 1377 hanc
1806 1347 1959 1391 partem
1983 1369 1992 1379 .
2014 1339 2128 1382 Nam
2155 1339 2264 1382 omi-

1246 1394 1309 1436 nis
1347 1393 1461 1437 causa
1501 1391 1756 1449 refugiebant
1794 1395 2067 1448 pronunciare
2109 1409 2265 1440 contra-

1246 1453 1370 1495 rium:
1406 1451 1512 1494 unde
1543 1451 1583 1493 id
1616 1465 1685 1504 per
1711 1449 1816 1494 hanc
1845 1449 2074 1498 formulam
2110 1456 2153 1498 in
2178 1457 2263 1499 alia

1244 1511 1375 1553 omnia
1404 1507 1690 1564 exprimebant
1717 1540 1726 1551 .
1761 1509 1904 1565 Itaque
1936 1513 2152 1557 Senatores
2172 1529 2267 1558 mu-

1248 1571 1386 1612 tabant
1411 1566 1548 1610 locum
1564 1598 1575 1617 ,
1596 1566 1640 1609 &
1666 1582 1715 1609 eo
1741 1567 2045 1622 concedebant,
2066 1571 2133 1614 ubi
2160 1572 2266 1616 reci-

1247 1639 1328 1669 tata
1355 1638 1440 1670 erat
1465 1624 1664 1668 sententia
1689 1655 1700 1677 ‚
1734 1640 1858 1680 quam
1885 1626 2048 1683 quisque
2072 1645 2266 1686 compro-

1246 1686 1383 1727 barat.
1415 1681 1607 1726 Similem
1634 1682 1675 1725 in
1704 1682 1902 1739 suffragiis
1925 1683 2098 1730 ferendis
2122 1688 2266 1732 disces-

1249 1742 1400 1785 sionem
1427 1741 1470 1784 in
1487 1740 1828 1784 Lacedaemonum
1850 1743 2075 1797 Republica
2105 1745 2262 1801 primus

1226 1799 1419 1857 ¹instituit
1435 1800 1492 1851 (c)
1517 1797 1797 1842 Sthenelaidas
1817 1799 2033 1856 Ephorus,
2065 1819 2160 1847 curn
2185 1820 2260 1848 an-

1247 1870 1310 1902 tea
1346 1857 1589 1901 sententiam
1639 1855 1750 1900 suam
1795 1873 1893 1901 voce
1939 1858 2215 1916 significarent
2246 1893 2257 1907 .

1249 1919 1298 1959 sn
1330 1932 1421 1959 eam
1453 1929 1595 1961 autem
1630 1914 1875 1960 sententiam
1910 1917 1950 1960 S.
1971 1919 2023 1961 C.
2061 1919 2268 1964 condeba-

1247 1988 1340 2027 tur,
1373 1974 1415 2016 in
1448 1989 1571 2029 quam
1610 1972 1864 2028 frequentior
1907 1990 2101 2021 numerus
2136 1978 2266 2022 Sena-

1249 2046 1383 2074 torum
1417 2030 1661 2074 discesserat.
1695 2032 1749 2072 Et
1776 2030 1802 2073 si
1834 2032 1879 2075 de
1907 2048 1946 2076 re
1974 2033 2141 2078 levioris
2172 2051 2266 2079 mo-

1247 2089 1406 2142 menti,
1438 2102 1507 2132 aut
1541 2088 1715 2131 minime
1739 2087 1859 2132 dubia
1880 2091 2035 2134 Consul
2065 2092 2261 2147 referret;

1248 2163 1297 2191 ne
1328 2159 1487 2201 ternpus
1527 2145 1569 2189 in
1604 2146 1864 2202 exquirendis
1896 2149 2103 2193 sententiis
2141 2151 2262 2194 duce-

979 2207 1046 2261 qui
1081 2222 1196 2249 accu-
1247 2218 1356 2249 retur
1378 2237 1389 2258 ‚
1421 2203 1520 2256 jussu
1563 2203 1757 2246 Consulis
1800 2205 1842 2247 in
1878 2222 1967 2250 earn
1992 2239 2004 2261 ,
2036 2223 2160 2264 quam
2195 2207 2265 2254 ille

180 2261 348 2304 sationis
384 2262 579 2317 praemio,
613 2264 654 2305 in
688 2262 881 2319 designati
907 2262 1044 2306 locum
1075 2263 1197 2307 &di-
1250 2261 1550 2318 pronunciasset
1600 2261 1843 2306 sententiam
1873 2296 1885 2317 ,
1932 2265 2056 2310 tacite
2088 2265 2264 2311 discede-

182 2320 388 2376 gnitatem
437 2320 732 2362 succedebant.
775 2322 816 2364 Si
848 2321 1020 2364 Senator
1064 2322 1197 2377 plures

180 2393 271 2422 res.
303 2376 538 2433 diversaque
570 2378 704 2434 capita
739 2394 821 2422 una
853 2379 1051 2422 sententia
1084 2396 1197 2423 com-

182 2434 466 2491 ple&eretur;
515 2448 603 2478 tum
643 2437 692 2479 ab
730 2452 777 2480 eo
816 2438 1119 2491 postulabatur.
1154 2450 1197 2480 ut

147 2512 157 2519 ·
181 2492 378 2536 divideret
411 2493 652 2537 sententiam
678 2526 689 2548 ,
723 2510 768 2538 ac
801 2495 847 2537 de
886 2494 1051 2550 singulis
1083 2496 1198 2539 rebus

185 2549 361 2595 seorsum
396 2550 564 2596 referret
586 2584 595 2595 .
627 2554 709 2605 (c)
744 2554 893 2609 Neque
928 2553 965 2595 ei
990 2584 1003 2605 ,
1034 2552 1104 2608 qui
1137 2553 1196 2597 di-

228 2721 288 2760 (α)
314 2724 366 2752 De
389 2723 469 2753 esen.
490 2725 581 2755 Rom.
600 2735 626 2754 c·
641 2724 704 2755 eod.
741 2733 781 2755 ut
805 2725 879 2766 sup.

231 2768 286 2807 (ᾗ)
314 2769 462 2800 Notatur
486 2766 539 2800 hic
567 2768 763 2808 Manutius,
792 2780 849 2802 nic
863 2778 975 2802 tamen
990 2769 1054 2803 fine
1067 2769 1197 2802 eximiae

191 2809 294 2844 laudis
320 2811 472 2844 mixtura
493 2836 501 2844 .
531 2813 620 2846 Idem
649 2815 744 2856 paulo
756 2823 852 2848 antea
868 2814 1064 2848 laudabatur
1079 2838 1087 2846 .
1109 2818 1195 2857 Qua-

193 2865 226 2905 ξε
251 2855 394 2889 concidit
420 2859 609 2891 convicium
646 2860 862 2892 inimicorum
913 2862 1066 2893 Gravinae
1094 2884 1104 2899 ‚
1141 2861 1195 2903 qui

193 2908 281 2932 inter
305 2912 412 2934 cetera
449 2903 479 2935 ei
519 2905 720 2946 exprobrare
746 2905 897 2939 solebant
925 2927 934 2942 ‚
964 2908 1070 2939 multa
1097 2906 1126 2938 se
1153 2916 1195 2938 ex

187 2946 342 2978 Manutio
364 2947 495 2995 hausisse
514 2971 524 2985 .
554 2961 720 2993 nunquam
745 2952 916 2994 appellato
941 2951 1011 2989 eius
1046 2954 1195 2984 nomine.

189 2987 340 3038 {undem
365 3002 429 3028 iam
454 2995 489 3026 in
517 2996 619 3028 Notis
644 2996 848 3029 excitaverat
874 2997 967 3040 supra
992 2998 1034 3029 ad
1051 3009 1065 3030 c
1092 2996 1195 3038 afin-

188 3039 228 3066 (9⁴
256 3034 297 3066 ad
323 3045 347 3066 c·
377 3047 425 3074 13·
462 3041 559 3083 Fugit
585 3040 616 3073 id
642 3042 810 3075 suesorem
837 3043 943 3087 Elogii
983 3044 1137 3076 Gravinae
1163 3045 1198 3075 in

189 3081 343 3111 Giarnale
359 3081 405 3111 de‘
422 3085 584 3118 Lmeran·
609 3086 643 3119 d’
657 3089 764 3120 ltalia
781 3108 790 3118 .

234 3123 292 3164 (b)
317 3124 384 3156 Cic.
415 3128 502 3159 Phil.
522 3140 550 3168 3.

235 3170 312 3209 (ss)
339 3169 442 3220 Quod·
462 3180 532 3223 tum
557 3174 691 3210 demum
717 3179 891 3222 contigisse
926 3180 1101 3214 verisimile
1127 3181 1197 3217 est,

194 3222 278 3248 cum
303 3214 484 3258 respublica
507 3221 693 3262 ingentibus
716 3224 866 3260 motibus
893 3225 1057 3261 intestinis
1082 3236 1200 3261 concn-

1246 2322 1374 2365 bant:
1411 2321 1527 2376 idque
1561 2320 1783 2364 vocabatur
1814 2321 1854 2363 S.
1877 2322 1930 2365 C.
1964 2338 2034 2378 per
2066 2324 2264 2368 discessio-

1247 2395 1340 2423 nem
1364 2408 1373 2417 .
1408 2378 1609 2432 Quamvis
1647 2378 1760 2421 enim
1797 2378 1844 2421 ad
1879 2396 2005 2424 omne
2040 2382 2079 2424 S.
2105 2384 2157 2425 C.
2198 2383 2263 2426 di-

1248 2438 1380 2481 scessio
1413 2437 1559 2489 fieret3
1593 2448 1732 2480 tamen
1764 2435 1789 2478 si
1818 2436 2066 2493 singularum
2096 2440 2264 2483 senten-

1246 2496 1395 2538 tiarum
1425 2493 1615 2536 recitatio
1659 2493 1939 2538 discessionem
1979 2512 2063 2539 non
2102 2499 2263 2553 praeces-

1247 2553 1371 2606 sisset,
1403 2550 1652 2594 discriminis
1685 2550 1846 2608 gratia,
1878 2554 1916 2595 S.
1933 2554 1984 2596 C.
2018 2569 2088 2609 per
2119 2554 2264 2600 disces-

2187 2614 2263 2658 sio-
2277 2633 2286 2643 ·

1245 2732 1371 2756 teretur
1396 2745 1404 2752 .
1435 2725 1475 2755 In
1510 2721 1616 2754 sedata
1642 2723 1734 2755 enim
1759 2724 1852 2756 Urbe
1892 2734 2021 2758 moram
2046 2726 2188 2769 negoriis
2211 2725 2264 2760 di·

1245 2768 1349 2802 tendo
1376 2765 1469 2805 injici
1499 2790 1509 2805 ‚
1548 2767 1713 2800 sermones
1755 2768 1921 2811 interponi
1959 2780 1978 2802 a
2016 2780 2050 2802 re
2090 2772 2219 2805 alienos
2246 2792 2259 2812 ‚

1248 2815 1317 2847 imo
1341 2812 1467 2846 institui
1494 2823 1598 2844 novos
1627 2833 1638 2853 ‚
1688 2814 1717 2845 ἃ
1744 2813 1785 2846 fic
1811 2823 1923 2847 ortum
1949 2815 2160 2859 occasumque
2185 2818 2262 2851 solis

1247 2861 1280 2893 in
1305 2858 1420 2892 eadem
1446 2856 1604 2898 coniungi
1641 2859 1810 2899 rogatione
1840 2882 1851 2899 ,
1890 2860 2037 2893 alienum
2084 2862 2217 2895 videtur
2241 2875 2261 2896 a

1245 2906 1413 2947 gravitate
1440 2904 1637 2946 Ampliffimi
1663 2904 1800 2937 Ordinis
1827 2926 1834 2934 .
1863 2907 1933 2938 Nec
1959 2907 2070 2938 minus
2094 2908 2264 2942 mirabilis<

1246 2951 1438 2987 videbitur,
1465 2947 1544 2982 dum
1569 2948 1657 2982 diem
1683 2949 1825 2983 dicende.
1851 2951 1970 2983 exzmit
1998 2954 2134 2985 Senator
2161 2975 2171 2992 ‚
2226 2966 2259 2987 e-

1246 2997 1367 3029 furiens
1393 2996 1512 3029 Consul
1540 3016 1551 3033 ,
1591 3005 1688 3037 quam
1715 2995 1932 3038 suspiciendus
1972 2996 2053 3029 oiim
2081 2997 2255 3032 videbatur

1247 3049 1339 3076 Zeno
1365 3065 1377 3084 ‚
1402 3041 1490 3085 quod
1516 3040 1635 3074 esurire
1662 3039 1796 3074 doceret
1828 3064 1839 3081 ,
1867 3042 1898 3074 ὃς
1922 3040 2098 3086 discipulos
2124 3044 2254 3078 inveni-

1249 3098 1322 3124 ret-

1294 3137 1341 3176 (ιῖ
1370 3134 1509 3167 Paedian.
1540 3135 1574 3166 in
1602 3134 1797 3167 Miloniana
1818 3156 1826 3165 .

1295 3181 1341 3219 ni)
1367 3181 1451 3213 Plin.
1481 3188 1527 3222 ep.
1559 3182 1600 3212 ad
1631 3177 1881 3220 &montib-3,

1292 3228 1342 3268 (e)
1368 3225 1522 3266 Thucyd.
1548 3223 1643 3258 liba.
