2596 3479
548 102 735 179 ‘ET
813 85 1940 177 SENATUSCONSULTIS.
2239 129 2339 184 ψ

1296 191 1341 235 &
1371 206 1393 235 a
1427 191 1598 234 Praetore
1628 187 1673 232 in
1705 187 1801 232 urbe
1822 218 1835 240 ‚
1868 197 1988 241 atque
2020 201 2042 228 a
2069 186 2221 239 majore
2248 205 2345 244 par«-

1297 262 1339 292 te
1372 249 1657 292 Tribunorum
1691 244 1843 302 plebis:
1878 242 1948 299 qui
1982 241 2096 286 sicuti
2129 260 2210 287 una
2242 263 2340 292 cum
2385 245 2389 249 ’

1302 307 1477 350 Praetore
1510 302 1774 349 conscribunt
1802 300 1931 347 ediRa
1954 330 1968 353 ‚
2000 301 2088 353 (b)
2121 301 2178 344 ita
2196 303 2239 345 ἆ
2259 319 2342 347 una

209 366 277 413 De
305 370 457 428 legibus
486 369 751 413 sutelas-ibus
781 398 794 421 ‚
846 366 901 411 (9·
932 369 1033 426 Lege
1064 367 1248 420 Attilia,
1300 375 1483 408 tutorem
1516 363 1671 405 dabunt
1703 393 1713 403 .
1759 362 1777 413 (
1803 361 1866 412 c)
1911 359 1960 402 In
1994 357 2216 413 provinciis
2248 376 2346 404 vero

555 427 672 481 Jult'a
699 458 711 480 ,
741 426 860 468 Titia
887 456 897 468 .
1298 433 1410 464 tutor
1443 420 1596 462 dandus
1629 417 1722 461 esset
1754 414 2082 473 provincialibus
2107 447 2119 470 ,
2153 428 2224 459 aut
2256 416 2303 459 iis
2327 447 2341 471 ‚

635 490 639 493 ’
1295 477 1364 535 qui
1399 476 1454 519 ibi
1485 474 1754 519 domicilium
1787 473 1939 517 habent
1965 503 1979 526 ,
2026 489 2076 518 ex
2109 473 2196 529 lege
2227 473 2340 525 Julia

329 543 371 584 D
426 541 571 585 tutelas
637 540 765 598 igitur
819 540 1001 596 primum
1050 538 1246 596 ingredia·
1294 535 1337 579 ὃς
1368 533 1485 576 Titia
1512 565 1524 585 ‚
1556 548 1578 575 a
1612 531 1840 575 Praefidibus
1873 562 1885 583 ‚
1935 529 2000 574 vel
2033 530 2342 587 Magistratibus

345 613 438 641 mur
477 630 486 641 .
543 600 661 653 Quod
711 598 771 650 jus
821 598 1032 654 proprium
1087 597 1246 641 civium
1297 590 1482 646 cujusque
1515 589 1775 642 municipii,
1806 586 1907 638 jussu
1938 587 2183 632 Praesidum:
2219 587 2341 643 fiqui-

207 653 499 719 Romanorum
542 656 694 699 fst’cum
736 655 790 699 est
818 687 831 709 ‚
874 669 920 699 ut
964 671 1014 699 ex
1057 657 1114 698 eo'
1137 653 1247 696 exci-
1296 650 1387 692 dem
1421 648 1545 691 datio·
1567 646 1712 689 tutoris
1744 660 1830 688 non
1856 644 1997 688 transit
2018 643 2218 696 cumiure
2239 646 2343 688 Ma-

209 709 278 754 dat
307 743 323 775 2
367 713 543 769 quisquis
574 714 785 757 civitatem
818 714 984 756 amittat
1018 743 1029 754 .
1074 711 1248 754 Etenim
1297 706 1482 763 gistratus
1513 737 1525 759 ‚
1578 704 1638 747 sed
1682 702 1882 758 praecipua
1911 702 2016 759 Aege
2057 701 2296 746 conceditur
2327 717 2345 743 :²

210 772 542 823 patriapotei‘tas
575 771 736 825 propria
768 770 925 814 civium
959 773 1249 813 Romanorum
1275 779 1375 831 ,qua
1408 763 1499 818 lege
1525 762 1634 817 opus
1661 775 1747 805 non
1781 759 1913 802 fuisset
1947 791 1959 812 ‚
2009 758 2036 801 fi
2070 759 2340 816 Magistratus

207 826 263 868 est
296 842 305 867 :
354 828 479 870 tutela
512 842 649 872 antem
681 828 734 871 est
766 828 906 871 eadem
940 843 986 870 ac
1019 826 1146 882 patria
1182 841 1251 878 po-
1298 821 1380 872 jure
1413 818 1601 863 transiret
1644 850 1653 861 .
1695 818 1806 870 (d)
1839 816 1976 860 Hodie
2020 831 2117 859 vero
2157 816 2218 867 jus
2258 815 2341 859 hoe

211 883 326 926 testas
357 886 443 936 (·'*)
478 885 538 927 vel
572 887 814 928 testamento
849 885 974 941 patris
1000 916 1012 937 ‚
1047 882 1110 926 vel
1146 899 1166 924 a
1193 882 1251 924 le·
1299 877 1420 920 dandi
1465 876 1611 920 tutoris
1661 873 1930 919 iurisdietioni
1955 871 2155 917 cohaerere
2187 871 2338 916 Baldus

215 955 266 995 ge
311 956 352 982 in
385 941 564 984 defunf’ti
601 943 722 997 patris
756 941 902 986 liberos
936 940 1178 986 continuata
1210 934 1503 992 &gexistimat
1537 950 1546 975 τ
1599 932 1724 988 vulgo
1772 931 1887 974 enim
1919 942 2071 974 tutores
2101 947 2124 973 a
2155 929 2342 986 quolibet

212 997 407 1061 prodiista
434 1016 448 1039 .·
485 1000 588 1042 unde
620 1000 667 1042 ad
700 1015 800 1055 quos
836 1000 962 1051 patria
991 998 1157 1053 potestas
1182 1011 1253 1039 ex-
1274 993 1280 1052 ᾗ
1300 992 1538 1047 magistratu
1568 990 1719 1034 dantur
1742 1021 1751 1031 .
1782 990 1841 1040 (e)
1872 987 2075 1033 Meminit
2105 987 2233 1030 etiarn
2254 985 2338 1029 Ul·-

213 1055 398 1098 tenditur
439 1087 450 1108 ‚
496 1057 655 1100 eosdem
700 1056 929 1112 impuberes
964 1068 1154 1110 patreque
1186 1050 1442 1135 or-ipianus
1474 1049 1539 1091 tit.
1575 1049 1653 1091 XI.
1688 1045 1788 1102 legis
1819 1045 1951 1097 Juniae
1982 1077 1994 1099 ‚
2038 1060 2126 1100 quae
2157 1056 2343 1086 tutorem

213 1106 326 1175 baPos
358 1113 483 1156 tutela
516 1114 805 1168 compleffiitur
831 1146 839 1156 .
875 1116 976 1168 Quae
1007 1111 1250 1156 testamento
1275 1107 1384 1158 *fieri
1417 1106 1528 1150 iubet
1558 1105 1708 1147 Latino
1729 1134 1741 1157 ‚
1773 1117 1844 1147 aut
1879 1101 2036 1145 Latinis
2056 1101 2337 1155 impuberibus

210 1181 327 1211 venit
357 1201 369 1222 ,
402 1170 701 1214 testamentaria
728 1187 741 1223 3
773 1187 861 1227 quae
892 1188 914 1214 a
948 1170 1033 1227 lege
1061 1201 1074 1223 ,
1109 1167 1246 1224 legiti-
1274 1159 1392 1206 ‘eum
1429 1194 1442 1216 ‚
1486 1161 1556 1218 qui
1601 1162 1728 1204 etiam
1771 1171 1867 1203 ante
1900 1159 2260 1203 manumissionem
2293 1171 2346 1200 ex

211 1240 282 1268 ma
323 1240 621 1282 nuncupatur.
678 1229 803 1271 Illam
850 1241 961 1284 pater
1003 1225 1164 1270 confert
1208 1221 1388 1273 in3iure
1435 1218 1663 1274 Quiritium
1706 1229 1794 1260 erat
1829 1233 1839 1258 z
1892 1231 2041 1271 nempe
2091 1215 2206 1258 cuius
2239 1213 2338 1257 falsa

213 1285 440 1338 quemlibet
466 1286 601 1331 civem
626 1289 863 1329 Romanurn
892 1317 904 1339 ,
935 1300 1058 1341 quer-n
1080 1283 1253 1335 dignum
1275 1276 1279 1325 Ῐ
1302 1277 1468 1320 servitus
1513 1279 1530 1328 (
1553 1277 1617 1298 “¹¹²
1642 1278 1659 1326 )
1691 1286 1876 1329 patuerat
1900 1305 1913 1327 ‚
1960 1273 2184 1328 eodemque
2216 1269 2340 1314 titulo

216 1338 363 1383 habeat
401 1373 414 1394 ‚
463 1343 525 1385 cui
562 1344 779 1386 concredat
815 1343 994 1393 libera-133
1040 1342 1144 1382 hanc
1178 1337 1250 1380 tri-
1275 1328 1280 1371 l
1302 1334 1424 1377 refert
1448 1365 1461 1385 ‚
1495 1332 1691 1375 Latinum
1727 1332 1922 1374 libertum
1955 1329 2131 1372 vetitum
2152 1328 2264 1371 fuisse
2283 1343 2335 1370 ex

215 1397 347 1439 buunt
381 1397 487 1452 leges
518 1402 676 1455 agnatis
708 1431 719 1452 ,
767 1401 912 1454 quibus
956 1414 1026 1453 pro
1059 1396 1249 1453 gradibus
1275 1374 1281 1433 l
1304 1392 1389 1448 lege
1421 1389 1530 1442 Julia
1563 1397 1740 1432 tutorem
1772 1387 1857 1429 dari
1885 1418 1893 1428 .
1928 1386 2088 1429 Attiliae
2118 1398 2260 1428 autem
2282 1384 2339 1427 le-

216 1453 469 1518 succeffioziis
514 1472 607 1499 cura
658 1456 700 1499 ὃς
731 1457 907 1499 defensio
942 1469 1079 1498 rerum
1115 1450 1246 1507 pupil-
1302 1449 1363 1504 gis
1419 1459 1528 1491 certa
1578 1459 1764 1501 tempora
1818 1443 1996 1488 indicare
2037 1457 2122 1485 non
2166 1441 2292 1485 ausim
2326 1471 2337 1483 .

214 1509 270 1565 li,
303 1526 422 1568 atque
455 1514 631 1567 personae
665 1514 834 1563 traditur
855 1546 864 1555 .
900 1516 957 1555 At
992 1512 1016 1554 fi
1045 1510 1254 1553 nullus'te-
1303 1503 1651 1559 Tentari·p0sset
1700 1502 1827 1546 latam
1871 1513 1966 1544 ante
2016 1499 2253 1553 Philippum
2295 1497 2341 1540 δε

214 1569 416 1612 stamento
449 1570 494 1613 fit
519 1571 633 1614 datus
654 1584 796 1624 tutor,
831 1587 904 1613 nec
925 1583 1094 1625 agnatus
1123 1569 1253 1621 super-
1308 1563 1511 1606 Albinum
1553 1559 1662 1603 Coss.
1704 1574 1814 1602 anno
1847 1560 1900 1601 A.
1935 1558 1991 1600 U.
2024 1558 2076 1600 C.
2111 1556 2338 1600 DLXVII.

330 254 391 300 'C
450 257 490 300 A
553 256 583 300 P
642 255 687 297 U
746 254 791 296 T
880 253 1098 298 XXXIII.

217 1625 267 1689 sit
296 1627 444 1682 aliquis
470 1659 481 1679 ‚
512 1630 581 1683 qui
616 1627 820 1683 pupillum
855 1627 922 1670 sibi
959 1627 1154 1669 tuendum
1191 1624 1250 1666 su-
1303 1636 1398 1664 cum
1430 1621 1474 1661 iri
1508 1618 1671 1661 historia
1701 1616 1787 1660 eius
1818 1615 1917 1658 anni
1948 1614 2052 1669 apud
2074 1613 2239 1658 Livium
2259 1608 2340 1666 (f)

218 1683 492 1747 sapiam-‘aut
526 1686 778 1739 foeminam3
813 1684 875 1728 vel
908 1684 934 1726 si
967 1682 1116 1736 tutoris
1141 1681 1255 1724 testa-

219 1756 416 1784 mentarii
460 1755 707 1788 exercitium
739 1745 790 1785 ab
822 1743 981 1784 incerta
1013 1739 1254 1796 conditione

219 1801 392 1853 pendeat
424 1816 436 1853 3
468 1799 532 1841 vel
567 1799 591 1842 si
623 1816 672 1843 ex
704 1799 769 1843 die
802 1812 914 1843 tutor
947 1799 992 1841 fit
1019 1798 1158 1849 datus;
1191 1793 1254 1837 vel

220 1855 248 1920 si
281 1857 387 1898 idem
423 1856 467 1898 sit
498 1857 601 1910 apud
634 1857 762 1900 hostes
800 1873 812 1910 3
858 1856 922 1899 vel
957 1856 981 1898 si
1015 1853 1158 1897 herede
1189 1852 1256 1895 de-

221 1913 420 1957 liberante
465 1915 566 1966 (**)
607 1914 739 1957 delata
788 1915 837 1956 sit
864 1912 1102 1957 hereditatis
1132 1910 1257 1953 aditio

221 1985 271 2013 ex
306 1972 547 2034 testamento
573 2004 585 2025 ,
617 1983 726 2015 tutor
756 1987 805 2014 ex
839 1970 928 2026 lege
962 1969 1114 2013 Attilia
1145 1966 1255 2010 dabi-

222 2039 322 2070 tur:
358 2042 414 2070 ita
446 2042 584 2071 tamen
608 2061 621 2082 ,
672 2041 716 2071 ut
748 2029 774 2070 fi
808 2029 945 2072 nullus
975 2027 1089 2069 datus
1119 2024 1165 2067 sit
1196 2038 1257 2067 te-

222 2084 506 2128 stamentarius
541 2117 553 2138 ,
601 2087 715 2128 detur
747 2101 796 2129 ex
830 2085 917 2140 lege
948 2084 1069 2137 usque
1101 2082 1148 2125 ad
1182 2096 1251 2134 pu«

223 2142 422 2185 bertatem
447 2174 458 2195 ‚
493 2141 552 2185 sed
585 2142 610 2185 si
642 2143 758 2185 datus
790 2143 956 2196 quidem
991 2140 1112 2183 fuerit
1143 2137 1254 2181 testa-

220 2211 364 2263 rnento
387 2231 396 2245 ,
428 2214 572 2243 verum
605 2215 653 2242 ex
688 2198 811 2243 causis
838 2199 952 2253 supra
978 2195 1260 2240 demonstratis

223 2257 492 2311 impediretur
525 2274 537 2310 3
582 2269 692 2299 tutor
734 2272 783 2299 ex
816 2251 956 2300 eadem
991 2255 1077 2309 lege
1109 2253 1260 2296 dandus

224 2314 317 2358 esset
344 2346 356 2367 ‚
390 2314 521 2370 quoad
553 2314 900 2370 impedimentum
932 2313 1092 2356 duraret
1119 2343 1131 2365 ‚
1176 2310 1260 2363 (a)

559 2449 664 2460 ,--
1160 2444 1262 2453 ——-

274 2482 358 2521 (⁴³)
383 2482 480 2523 Quod
506 2483 685 2524 improprie
709 2482 834 2515 dietum
859 2491 1015 2525 apparet.
1042 2484 1156 2521 Neque
1171 2477 1259 2509 enim

233 2526 340 2578 tutori
365 2526 437 2559 suus
462 2527 554 2559 heres
580 2527 624 2560 est
650 2527 793 2569 pupillus
819 2550 829 2565 ‚
858 2538 959 2569 neque
985 2525 1090 2558 tutori
1116 2531 1260 2565 unquam

234 2582 270 2604 m
296 2571 460 2613 pupillum
486 2572 603 2607 licuit,
633 2570 721 2614 quod
746 2571 976 2614 patrifamilias
993 2571 1025 2602 in
1040 2569 1147 2602 filium
1164 2591 1174 2605 ‚
1203 2566 1258 2598 sci-

225 2616 311 2649 licet
336 2625 372 2649 ut
397 2627 471 2649 eum
489 2616 652 2650 occideret
669 2639 680 2655 ‚
707 2617 861 2650 venderet
881 2632 898 2653 ‚·
914 2617 1146 2658 oppignoraret
1165 2633 1175 2649 s
1200 2611 1260 2645 Cui

231 2671 332 2712 porro
357 2661 461 2695 tutori
486 2662 668 2704 acquiritur
694 2671 734 2693 ex
754 2663 861 2704 operis
879 2662 1081 2704 pupillorum
1096 2661 1109 2685 Ρ
1138 2661 1191 2690 Ne
1206 2667 1262 2688 eos

228 2705 362 2750 quidem
388 2718 501 2740 omnes
525 2707 631 2740 tutela
656 2707 913 2749 compieffimr,
940 2706 979 2739 ad
1005 2714 1086 2749 quos
1111 2701 1265 2736 extendi-

226 2757 283 2784 tur
308 2754 415 2794 patria
441 2753 578 2795 potestas
609 2776 617 2784 .
644 2751 767 2794 Utique
792 2753 880 2785 enim
908 2752 941 2784 in
968 2761 1067 2784 manu
1092 2748 1194 2792 patris
1219 2747 1262 2779 est

945 2447 1049 2457 .—-—

1305 1677 1463 1721 mentio
1507 1677 1553 1719 fit
1596 1674 1742 1717 tutoris
1785 1689 1806 1716 a
1838 1671 2038 1715 Tribunis
2080 1671 2123 1714 δε
2167 1671 2342 1713 Praetore

1305 1734 1422 1790 periti
1466 1765 1478 1788 ‚
1527 1732 1633 1785 quod
1678 1730 1867 1785 Sigonius
1909 1728 2139 1772 observavit
2167 1758 2176 1769 .
2221 1728 2345 1782 (g)

1306 1791 1586 1848 Quamobrem
1634 1787 1775 1832 referri
1823 1787 1951 1843 posset
1991 1785 2044 1828 ad
2086 1799 2243 1828 annum
2275 1798 2344 1826 ur-

1306 1851 1367 1892 bis
1401 1848 1651 1891 CD‘XLIII.
1695 1857 1739 1889 ut
1781 1861 1803 1888 a
1836 1846 1880 1887 L.
1913 1842 2067 1887 Attilio
2099 1842 2223 1884 Trib.
2255 1839 2342 1896 ple-

1305 1907 1365 1949 bis
1398 1917 1585 1962 rogatam
1616 1902 1866 1947 arbitremur
1897 1933 1906 1944 .
1952 1900 2019 1943 Ab
2053 1898 2127 1942 hac
2160 1897 2247 1954 lege
2278 1912 2341 1941 re-

1304 1964 1458 2007 cessum
1491 1962 1647 2005 videtur
1677 1959 1842 2004 Claudii
1866 1957 2145 2013 temporibus,
2177 1956 2246 2011 qui
2270 1969 2338 2008 per

1305 2019 1505 2064 Consules
1558 2034 1607 2062 ex
1665 2016 1928 2072 inquisitione
1971 2026 2123 2058 tutores
2169 2011 2338 2066 pupillis

1306 2078 1508 2132 utriusque
1544 2076 1654 2119 sexus
1685 2074 1769 2116 dari
1798 2073 1903 2116 iussit
1925 2104 1938 2123 ‚
1979 2073 2044 2123 (h)
2078 2071 2196 2126 idque
2222 2069 2343 2111 abro-

1306 2148 1448 2190 gatum
1482 2133 1558 2176 fuit
1589 2134 1638 2174 ab
1673 2130 1892 2174 Antonino
1913 2127 2186 2183 philosopho,
2217 2141 2239 2168 a
2259 2141 2341 2182 quo

1313 2194 1530 2235 Praetorem
1580 2188 1800 2232 tutelarem
1847 2186 2077 2229 institutum
2123 2183 2240 2227 fuisse
2285 2198 2348 2224 re-

1307 2250 1387 2293 fert
1419 2247 1683 2302 Capitolinus
1708 2246 1750 2289 in
1779 2245 1998 2288 Antonino
2019 2275 2028 2285 .
2061 2242 2136 2295 [i]
2168 2239 2348 2286 Adiee‘rae

1309 2323 1404 2352 vero
1438 2306 1527 2349 sunt
1558 2321 1607 2348 ex
1640 2301 2001 2347 constitutionibus
2034 2300 2244 2343 cautiones
2265 2328 2276 2350 ‚
2327 2312 2351 2338 a

1898 2359 1944 2402 Ii
2008 2373 2030 2400 2
2245 2366 2356 2396 tuto-

1559 2438 1665 2447 —
2035 2432 2242 2442 —---

1314 2442 1443 2452 ...-—--,

1320 2475 1434 2517 nequit
1449 2496 1459 2511 ,
1488 2485 1528 2506 ne
1553 2471 1712 2505 damnum
1737 2470 1812 2504 inde
1837 2470 1978 2506 habeat,
2010 2472 2045 2500 L.
2066 2478 2094 2506 9.
2112 2469 2155 2497 D.
2173 2466 2211 2498 de
2230 2462 2350 2496 tutori-

1314 2520 1372 2552 bus
1399 2520 1509 2551 datis.
1604 2516 1663 2555 (a)
1714 2516 1790 2558 Ulp-
1818 2516 1872 2548 εἰς.
1893 2525 1942 2546 11.
1966 2511 2023 2547 lib.
2044 2523 2071 2543 1.

1358 2564 1414 2605 (b)
1443 2563 1512 2597 Cic.
1540 2562 1576 2594 de
1591 2560 1671 2603 offic.
1690 2571 1716 2599 3.

1364 2610 1418 2650 (ὠ
1444 2606 1556 2645 cujac.
1574 2609 1609 2638 in
1626 2615 1693 2638 not.
1710 2613 1812 2647 marg.
1829 2604 1872 2636 ad
1886 2601 1990 2643 instit·
2008 2601 2063 2634 εἰς.
2079 2601 2118 2635 de
2137 2598 2242 2633 Attil.
2260 2598 2319 2632 tit.

1359 2654 1419 2694 (d)
1445 2658 1591 2687 Govean.
1619 2652 1661 2683 ad
1676 2651 1732 2682 tit.
1750 2651 1788 2682 de
1799 2648 1963 2690 jurisdic‘l.

1356 2702 1411 2738 (e)
1437 2697 1540 2732 Goth.
1569 2697 1611 2730 ad
1630 2698 1684 2728 tie.
1703 2693 1798 2735 instit
1823 2695 1988 2731 deAm'l.
2005 2702 2071 2725 tue.

1358 2744 1474 2785 [⁴⁸⁴²]
1504 2746 1577 2776 Imo
1605 2741 1768 2783 Ulpianus
1803 2739 1950 2777 Latino,
1978 2739 2029 2770 vel
2051 2735 2178 2770 Latinis
2198 2732 2346 2776 impube-

229 2796 320 2830 filius
354 2820 365 2838 ‚
407 2798 508 2832 etiam
536 2799 635 2840 pubes
650 2822 660 2838 .,
692 2798 795 2831 etiam
821 2797 928 2836 major
943 2818 953 2837 ,
978 2806 1119 2841 quorum
1145 2801 1263 2826 neuter
1285 2804 1290 2828 ,ι
1316 2789 1408 2822 ribus
1426 2799 1500 2822 curn
1516 2794 1660 2820 tutorem
1678 2786 1748 2819 fleri
1765 2785 1838 2818 vult
1854 2808 1863 2824 ‚
1879 2784 1935 2827 qui
1952 2784 2054 2817 etiam
2067 2789 2145 2815 ante
2168 2777 2345 2813 manumis-

232 2841 347 2875 tutelae
375 2843 514 2876 vinculis
540 2843 797 2887 constringitur.

276 2889 381 2927 (⁴‘⁴‘)
410 2892 446 2921 ln
472 2900 575 2921 unum
600 2889 768 2922 contrahit
794 2888 901 2922 casum
924 2887 1091 2929 duplicem
1118 2907 1126 2916 .
1157 2887 1260 2917 Datur

232 2933 385 2981 ΡΡΡῑῙῙΟ,
412 2933 465 2967 cui
489 2941 582 2966 tutor
607 2936 802 2967 testamento
826 2933 920 2967 datus
944 2935 987 2966 est
1002 2956 1012 2970 ,
1038 2938 1133 2964 tutor
1157 2941 1175 2961 a
1193 2938 1260 2959 ma-

231 2975 366 3017 gistratu
381 3000 391 3016 ‚

233 3019 327 3052 beret
355 3023 382 3063 §-
403 3033 428 3053 ¹·
447 3025 488 3073 J
517 3024 556 3056 de
584 3026 753 3058 Ateiliano
780 3035 885 3057 tutore
900 3027 936 3056 L.
958 3034 1006 3055 10.
1022 3031 1067 3062 pf.
1082 3023 1121 3053 'D
1150 3020 1188 3051 de
1204 3026 1249 3049 te-

228 3061 325 3105 stam·
343 3075 406 3097 Μ’·
420 3076 496 3118 qlffl}
509 3090 520 3106 ς
546 3069 568 3102 si
594 3069 730 3111 scriptus
744 3069 836 3102 heres
850 3069 1067 3103 hereditatem
1084 3063 1231 3107 repudiet
1247 3084 1257 3100 ‚

235 3120 311 3141 cum
344 3109 470 3142 hei-edis
484 3113 687 3148 institutione
703 3115 824 3147 tutoris
840 3125 967 3156 quoque
980 3113 1073 3146 datio
1086 3107 1229 3143 concidit
1248 3129 1255 3138 .

236 3157 342 3187 Datur
367 3154 506 3188 secundo
530 3165 621 3190 tutor
648 3159 773 3201 pupillo
797 3171 815 3191 a
841 3160 1056 3202 magistratu,
1084 3157 1106 3189 fi
1124 3156 1187 3197 ipse
1204 3153 1258 3185 he-

236 3210 286 3241 ῐὲὃ
310 3200 446 3244 scriptus
471 3200 511 3236 fit
535 3223 546 3243 ,
583 3204 659 3246 quia
682 3203 897 3239 hereditatem
923 3204 978 3237 {uo
1002 3200 1144 3238 arbitrio
1169 3197 1259 3232 adire

1313 2834 1436 2867 fionem
1465 2833 1576 2866 liberti
1606 2832 1686 2864 civis
1706 2836 1874 2865 Romanus
1890 2829 1996 2862 fuisset
2010 2850 2019 2866 .
2047 2827 2152 2871 qualis
2167 2824 2298 2868 quidem
2315 2824 2346 2854 δι

1316 2879 1346 2912 is
1361 2880 1404 2912 est
1423 2901 1438 2927 ,ῃ
1458 2876 1549 2916 cuius
1569 2877 1647 2910 falsa
1661 2877 1800 2909 servitus
1821 2877 1962 2918 patuerit
1982 2898 1992 2909 ,
2007 2873 2058 2906 sed
2075 2873 2178 2905 rarior
2193 2872 2218 2902 is
2242 2867 2343 2906 casuS,

1306 2935 1405 2968 quam
1433 2932 1469 2958 ut
1495 2934 1534 2957 eo
1561 2923 1720 2966 praecipue
1748 2922 1799 2954 leit
1816 2919 1983 2963 respexiffe
1997 2918 2148 2952 videatur
2164 2939 2172 2946 .
2204 2916 2249 2947 De
2271 2913 2341 2955 lege

420 2978 529 3020 primo
541 3001 552 3017 ‚
578 2979 599 3012 si
626 2980 709 3012 alius
725 2978 819 3013 heres
833 2979 969 3019 scriptus
983 2979 1022 3011 fit
1036 3000 1046 3016 ,
1075 2975 1162 3017 isque
1177 2972 1259 3004 deli·
1284 2971 1410 3013 <sunia
1424 2968 1498 3002 vide
1514 2977 1628 3002 notata
1641 2968 1680 3000 ad
1698 2969 1714 3011 §
1747 2969 1863 2999 XYIl.

1353 3018 1411 3058 (g)
1439 3014 1511 3048 Lib.
1537 3025 1563 3047 i.
1588 3014 1627 3046 de
1640 3015 1745 3056 antiq.
1772 3012 1843 3052 jure
1870 2966 2013 3043 Civizfmf
2027 2959 2252 3047 {iorrlii‘beaziu
2260 3011 2289 3042 3.
2305 2999 2343 3035 de

1306 3060 1374 3099 iure
1387 3070 1422 3094 tu
1428 3063 1519 3093 vetar.

1350 3107 1411 3146 (h)
1434 3103 1584 3145 Theoph.
1606 3100 1714 3143 testie.
1733 3102 1792 3135 lib.
1813 3112 1838 3133 1.
1856 3100 1909 3133 tit.
1930 3109 1982 3131 20.

1351 3152 1408 3190 (i)
1433 3154 1468 3183 L·
1487 3161 1556 3183 cum
1571 3146 1726 3190 pluresff
1744 3149 1782 3181 de
1797 3148 1893 3180 tutet.
1919 3147 1957 3177 L.
1972 3154 2004 3183 4.
2028 3140 2068 3189 ff
2084 3141 2121 3175 de
2136 3138 2235 3181 extus.
2252 3131 2329 3177 1¹·st

1316 3197 1390 3240 quit
1400 3195 1440 3240 ff·
1461 3196 1498 3230 de
1518 3192 1638 3235 testam.
1658 3202 1722 3226 tut.
