2596 3479
225 155 331 198 sacra
352 184 364 207 ,
398 150 518 196 ferias
548 169 709 210 quoque
733 153 905 196 familiae
932 153 1113 208 proprias
1146 152 1269 196 habe-

225 213 350 265 bant,
382 210 522 268 quales
541 211 684 255 habuit
710 212 911 262 Claudia,
944 209 1171 264 Cornelia,
1197 211 1264 261 Ju-

224 271 277 314 lia
293 302 305 323 ‚
327 268 496 313 AEmilia
513 301 522 311 .
542 271 606 321 (tl)
627 272 725 312 Haec
745 282 883 310 autem
912 267 1016 311 sacra
1033 282 1137 322 ,quo
1163 281 1268 310 nun-

222 343 348 384 quam
374 328 589 370 interirent
624 327 667 370 &
693 341 741 368 eit
764 325 918 380 legibus
945 327 1050 369 Xll.
1078 324 1204 368 cabul.
1225 325 1267 369 in

219 384 392 429 familiis
414 398 606 439 perpetuo
636 395 880 436 manerent,
913 384 1135 426 Pontifices
1170 398 1270 425 con-

223 443 438 486 stituerunt
460 472 470 493 ,
495 456 539 484 ut
561 457 610 484 eo
635 453 866 497 migrarent
895 472 907 493 ‚
941 456 1021 494 quo
1052 439 1119 483 vel
1148 439 1264 483 fami-

223 501 286 544 liae
314 513 466 541 nomen
487 531 498 551 ‚
527 498 590 541 vel
616 498 815 542 hereditas
846 498 1068 549 transiret,
1093 498 1179 550 (b)
1205 498 1266 541 vel

222 572 313 614 pars
339 555 468 604 maior
492 557 721 610 bonorum,
742 568 944 613 quantum
974 554 1125 598 scilicet
1152 570 1264 609 cape-

221 627 314 659 rent
337 613 497 656 heredes
519 645 528 655 .
563 614 687 657 Unde
724 628 812 669 quae
848 628 937 669 pars
971 612 1266 668 legatariorum

223 671 290 715 aeri
315 670 452 713 alieno
484 670 640 713 suberat
659 701 672 724 ,
708 671 908 714 sacrorum
942 685 1066 713 onere
1088 671 1265 722 carebat,

220 730 341 785 quia,
361 739 404 770 ut
430 726 626 778 Cujacius
650 729 708 780 (c)
727 727 843 771 docet
861 729 990 780 ,bona
1018 728 1133 770 sacris
1159 727 1262 769 obli·

220 787 422 843 gabantur
445 814 457 838 ,
492 784 661 829 dedueto
697 800 770 829 aere
794 785 956 828 alieno.
992 785 1132 838 Itaque
1167 799 1265 838 prae—

221 858 285 888 ter
320 857 490 886 uxorem
529 842 637 886 filius
661 858 754 885 cum
784 842 1012 895 naturalis,
1046 853 1135 883 tum
1167 841 1265 883 ado-

221 902 386 959 ptivus,
406 900 476 955 qui
501 915 618 942 novae
641 899 810 943 familiae
836 914 988 942 nomen
1015 898 1265 952 adsumebat,

222 960 266 1003 ἃ
291 958 425 1013 quivis
449 957 578 1011 heres,
600 957 780 1011 itemque
802 956 1013 1012 legatarius
1035 956 1265 1012 partiarius,

220 1017 264 1060 &
290 1016 522 1071 quicunque
545 1013 742 1065 majorem
770 1012 970 1058 bonorum
997 1027 1154 1069 partem
1177 1013 1265 1057 usu-

223 1072 415 1127 cepissent
430 1104 442 1125 ,
460 1071 543 1124 ejus
561 1071 729 1115 familiae
743 1104 753 1124 ,
771 1071 874 1115 unde
898 1072 1005 1115 bona
1025 1071 1265 1125 veniebant,

224 1130 343 1173 sacris
365 1129 647 1185 obligabatur,
680 1129 806 1172 Addit
830 1130 980 1173 Cicero
1001 1146 1009 1171 τ
1038 1130 1112 1182 (d)
1131 1129 1266 1181 ,Quar-

223 1199 261 1228 to
274 1185 312 1240 fi
332 1202 439 1229 nemo
457 1185 512 1240 sic
528 1218 540 1240 ‚
572 1189 644 1242 qui
668 1187 793 1230 ullam
813 1204 891 1231 rem
915 1189 1091 1243 coeperit,
1121 1188 1167 1229 de
1187 1203 1261 1229 cre-

220 1245 415 1288 ditoribus
439 1245 523 1296 eius
547 1246 564 1294 (
592 1243 743 1288 scilicet
766 1245 1001 1301 obligatur)
1041 1245 1113 1300 qui
1137 1244 1263 1299 pluri-

223 1317 331 1344 mum
349 1301 504 1354 servet.
538 1301 729 1344 Extrema
749 1303 822 1344 illa
846 1302 1010 1358 persona
1034 1301 1112 1357 est,
1139 1313 1184 1343 ut
1214 1302 1265 1353 is,

221 1361 295 1415 qui
318 1370 490 1401 mortuus
502 1357 558 1410 fit
577 1389 589 1411 ,
616 1359 826 1413 pecuniam·
857 1360 1033 1402 debuerit
1053 1391 1064 1412 ‚
1096 1359 1265 1400 nemini-

225 1432 300 1471 que
318 1431 403 1457 eam
416 1415 608 1469 solverit,
622 1417 788 1471 perinde
811 1417 1022 1464 habeatur,
1043 1414 1156 1472 quast
1179 1431 1262 1457 eam

220 1473 427 1529 pecuniam
446 1474 610 1527 ceperit.
636 1473 790 1529 Hisque
816 1473 992 1528 personis
1018 1473 1175 1527 publice
1202 1488 1265 1514 ca·

221 1531 356 1583 latis,
388 1529 466 1573 hoc
490 1529 543 1572 est
574 1531 726 1572 vocatis
759 1532 930 1573 comitiis
969 1530 1265 1573 detestabantur

228 1587 334 1630 sacra
357 1616 369 1640 ,
413 1586 491 1629 sive
548 1585 739 1630 adhibitis
784 1588 943 1630 testibus
990 1586 1263 1630 denunciaba-

225 1655 318 1697 tur,
351 1654 394 1686 ut
431 1643 536 1686 sacra
571 1642 837 1698 susciperent3
868 1646 949 1698 (³⁸)
980 1661 1026 1688 ac
1059 1644 1086 1687 si
1122 1660 1168 1688 ea
1205 1660 1265 1688 re-

226 1700 431 1753 cusarint,
467 1699 582 1743 bonis
603 1699 903 1756 plectebantur.
928 1702 1125 1745 Detestai·i
1149 1703 1264 1746 enim

225 1757 282 1801 est
304 1757 457 1801 absenti
482 1757 621 1801 testato
652 1758 925 1804 denunciare:
964 1760 1069 1803 unde
1100 1759 1264 1803 detesta-

226 1813 293 1858 tio
326 1814 531 1858 sacrorum
559 1845 572 1868 ‚
615 1830 702 1871 quae
734 1815 811 1860 hoc
845 1816 925 1859 ritu
959 1817 1224 1870 peragebatur
1257 1849 1265 1859 .

226 1872 308 1922 (e)
349 1872 463 1915 Hinc
505 1871 693 1928 frequens
734 1872 836 1916 illud
867 1873 1070 1917 veteribus
1103 1890 1266 1928 prover-

232 1929 346 1971 bium
373 1945 381 1970 :
421 1927 507 1981 fine
525 1928 653 1982 sacris
676 1930 871 1973 hereditas
895 1947 910 1971 .·
951 1947 1034 1988 quo
1065 1930 1263 1984 significa·

230 1985 349 2028 batur
383 1984 540 2028 lucrum
575 1985 655 2029 fine
687 1987 953 2031 incommodo
989 2021 1001 2043 ‚
1036 1988 1164 2032 veluti
1198 1989 1268 2032 he-

231 2043 378 2085 reditas
417 2042 586 2086 dedueto
628 2058 752 2089 onere
795 2045 996 2089 sacrorum
1028 2062 1037 2088 :
1089 2063 1266 2103 quorum

228 2099 381 2160 sumtus
424 2114 509 2142 non
551 2099 743 2155 exiguam
775 2102 978 2146 bonorum
1011 2116 1167 2160 partem
1199 2105 1269 2147 ab·

232 2157 448 2220 sumebat5
480 2155 571 2221 .(s)
608 2159 684 2201 Sed
727 2160 1002 2216 nequidquam
1052 2161 1268 2205 Pontifices

227 2224 341 2257 tanta
374 2213 571 2266 religione
606 2214 712 2259 sacra
737 2217 1001 2261 munierunt.
1033 2218 1204 2261 Etenim
1219 2235 1267 2262 ne

227 2270 301 2325 qui
333 2270 467 2333 plures
497 2270 737 2316 hereditates
768 2274 1027 2327 obtinuisset,
1060 2287 1120 2317 tot
1143 2275 1261 2319 sacro¹

231 2342 324 2390 rum
368 2328 644 2371 incommodis
683 2331 922 2375 obrueretur
945 2364 958 2386 ,
999 2331 1266 2383 jurisconsulti

230 2399 291 2436 Jus
323 2384 587 2428 pontificium
622 2385 664 2428 in
698 2387 869 2442 speciem
902 2419 916 2442 ,
958 2389 1035 2432 sive
1069 2390 1188 2433 verba
1219 2389 1266 2434 il-

231 2442 312 2486 lius
344 2452 508 2486 tantum
539 2442 709 2487 honoris
740 2447 855 2490 causa
887 2445 1145 2491 retinuerunt
1181 2478 1194 2502 ‚
1226 2463 1266 2492 re

277 2610 336 2649 (a)
362 2612 512 2644 Macrob.
528 2614 590 2645 Li.
616 2618 701 2645 c.16.

278 2653 333 2694 (b)
357 2655 424 2688 Cic·
458 2659 520 2697 leg.
537 2668 567 2688 a.
584 2657 621 2689 de
637 2659 744 2692 Festus
770 2658 865 2694 verbo
889 2660 955 2694 sine
987 2660 1084 2695 sacris
1099 2683 1108 2693 .

276 2698 333 2738 (e)
360 2700 401 2730 ad
425 2701 448 2733 Ι.
467 2712 519 2741 39.
540 2700 635 2745 ffde
662 2706 748 2736 ΚΦ.

275 2742 337 2783 (d)
359 2744 397 2775 de
410 2745 532 2785 lugibus
547 2769 556 2777 .

277 2788 336 2828 (⁴¹)
361 2788 393 2821 Si
407 2799 470 2839 qua
494 2789 629 2823 forsitan
654 2792 677 2824 ii
706 2792 1001 2834 tergiversarentur
1017 2817 1027 2832 ,
1052 2793 1268 2838 quemadmo-

234 2830 315 2866 dum
342 2833 476 2867 testibus
491 2857 501 2874 ,
526 2835 752 2871 testimonium
767 2838 873 2872 dicere
894 2838 1156 2874 detreetantibus
1171 2862 1181 2879 ‚
1209 2840 1268 2874 ob—

237 2878 461 2920 vagulandum
486 2888 557 2913 erat
586 2903 594 2911 .
623 2884 696 2923 Qua
725 2882 850 2916 ratione
883 2885 1068 2918 occurritur
1092 2886 1132 2918 iis
1148 2909 1158 2923 ,
1183 2885 1239 2929 qui
1258 2907 1268 2921 ,

235 2923 323 2965 quod
339 2922 492 2957 heredem
506 2925 609 2958 etiam
634 2926 699 2959 sine
715 2927 928 2962 detestatione
952 2929 991 2962 ad
1007 2930 1093 2962 sacra
1118 2929 1270 2964 obeunda

629 79 733 132 DE
776 79 966 151 JURE
1010 77 1477 149 NATURALI,
1519 80 1949 150 GENTIUM,

1317 170 1414 198 vero
1445 157 1696 213 abrogarunt
1725 174 1738 212 ;
1782 157 2064 214 excogitantes
2095 189 2108 213 ‚
2151 170 2272 218 atque
2304 163 2370 207 in»-

1316 213 1572 260 troducentes
1617 216 1933 258 translationem
1966 216 2173 270 quandam
2207 221 2366 265 heredi·

1318 271 1410 312 tarii
1454 272 1638 315 nominis
1682 289 1751 329 per
1784 273 1994 317 simulatas
2025 275 2281 321 venditiones
2315 279 2360 322 in

1321 327 1458 372 senem
1489 328 1669 385 aliquem
1701 331 1950 386 decrepitum
1980 362 1991 383 ,
2041 331 2142 382 (¹³⁷⁶)
2185 350 2231 377 ac
2265 350 2367 389 pene

1320 399 1531 449 mortuum
1557 418 1569 440 ,
1611 387 1676 431 cui
1721 388 1835 433 heres
1866 388 2023 431 futurus
2055 387 2148 431 esset
2180 392 2315 435 nullus
2348 411 2358 436 :

1319 457 1361 485 in
1393 458 1515 498 quern
1551 445 1684 488 senem
1718 447 1875 489 caderet
1909 461 2063 488 nomen
2103 459 2266 492 tantum
2294 450 2365 494 he-

1319 499 1558 544 reditarium
1579 534 1592 556 ,
1633 503 1677 546 &
1709 503 1884 547 dominii
1918 503 2060 546 titulus
2092 504 2239 560 absque
2274 522 2315 550 re
2350 539 2363 562 ‚

1315 557 1460 613 absque
1495 559 1610 602 bonis
1642 559 1736 604 ullis
1773 592 1785 613 ,
1835 576 1915 604 una
1950 576 2044 603 cum
2076 577 2201 606 onere
2236 563 2367 607 sacro-

1317 630 1407 657 rum
1442 631 1456 655 :
1493 615 1535 659 in
1566 632 1742 673 quorum
1775 617 1927 661 sumtus
1961 619 2175 672 pecuniam
2207 621 2257 662 ab
2290 620 2368 664 he-

1317 672 1408 715 rede
1440 672 1622 728 capiebat
1657 707 1669 728 ,
1713 687 1758 718 ut
1801 690 1847 717 ea
1891 688 2050 718 curaret
2082 676 2215 731 quoad
2252 678 2364 721 vive-

1315 742 1408 771 ret.
1445 732 1539 785 Quo
1571 731 1650 775 fine
1685 731 1800 774 bonis
1833 731 2032 774 moriente
2060 762 2072 782 ‚
2117 748 2164 775 ac
2198 732 2364 778 heredi-

1315 786 1419 829 tario
1460 787 1712 844 familiaeque
1756 788 1926 832 nomine
1970 803 2066 831 curn
2100 803 2149 831 eo
2183 804 2264 832 una
2295 807 2366 845 pe·

1315 856 1494 899 reunte3
1536 845 1596 897 jus
1636 861 1796 902 quoque
1841 846 2045 888 sacrorum
2086 846 2363 902 extingueba-

1315 914 1382 944 tur
1408 933 1420 954 ,
1457 904 1641 959 bonaque
1673 916 1763 946 tum
1797 902 1922 946 libera
1956 904 2223 946 remanebant
2256 905 2362 960 apud

1316 958 1566 1012 possessorem
1601 959 1768 1004 illorum
1794 991 1807 1014 ,
1850 976 1872 1002 a
1916 959 2061 1016 quibus
2092 975 2139 1003 ea
2170 960 2217 1004 de
2249 961 2365 1006 causa

1315 1015 1384 1059 ille
1442 1016 1611 1060 familiae
1667 1033 1821 1060 nomen
1864 1016 1907 1059 δε
1955 1017 2133 1059 dominii
2190 1017 2362 1063 titulum

1314 1072 1564 1127 divellerat3
1596 1085 1641 1117 ut
1672 1073 1869 1117 translata
1901 1072 1946 1115 in
1979 1072 2116 1116 senem
2148 1089 2244 1117 eum
2273 1091 2365 1120 em-

1314 1143 1406 1174 tum
1443 1162 1456 1184 ‚
1499 1146 1622 1187 quem
1667 1143 1878 1186 propterea
1922 1132 2210 1173 coemtionalem
2241 1146 2367 1178 voca-

1315 1189 1413 1231 bant
1438 1221 1450 1242 ,
1482 1201 1617 1232 morte
1650 1188 1760 1232 illius
1791 1187 2054 1241 occiderent,
2088 1187 2130 1231 δι
2163 1204 2259 1233 cum
2289 1189 2366 1233 do-

1316 1246 1438 1290 minii
1471 1246 1596 1290 titulo
1627 1245 1875 1302 familiaeque
1909 1246 2079 1289 nomine
2109 1276 2121 1298 ,
2168 1245 2274 1290 sacra
2304 1259 2367 1291 et-

1317 1303 1400 1346 iam
1434 1304 1650 1348 interirent
1677 1336 1686 1346 .
1719 1304 1813 1347 Scio
1844 1302 1945 1346 alios
1971 1302 2093 1347 aliter
2118 1318 2326 1358 exponere
2349 1336 2364 1359 ‚

1314 1361 1410 1415 quid
1464 1360 1540 1403 sint
1591 1360 1699 1405 senes
1751 1359 2048 1404 coemtionales
2090 1361 2196 1414 apud
2242 1359 2366 1405 Plau-

1315 1430 1404 1461 tum
1439 1417 1481 1460 in
1513 1419 1714 1462 Bacchide
1736 1449 1746 1460 .
1779 1419 1863 1474 (g)
1894 1417 1970 1460 Sed
2001 1429 2045 1459 ut
2077 1416 2188 1459 null'r
2215 1431 2290 1462 nos
2317 1418 2363 1461 in

1316 1490 1356 1518 re
1401 1487 1488 1518 tam
1532 1475 1724 1531 perplexa
1768 1474 1811 1517 δι
1853 1474 2021 1517 obscura
2052 1472 2359 1519 divinationem

1315 1532 1590 1586 invidemus,
1642 1532 1698 1575 ita
1741 1531 1784 1574 δε
1830 1530 1956 1574 iidem
1989 1529 2144 1572 ferendi
2185 1530 2318 1574 sumus
2351 1561 2365 1585 ,

1316 1588 1341 1630 fi
1374 1588 1566 1632 facultate
1599 1602 1764 1632 utamur
1794 1587 1974 1639 eadem3
2012 1586 2234 1641 praesertim
2266 1603 2365 1632 cum

1315 1644 1433 1697 hujus
1482 1644 1832 1700 interpretationis
1875 1643 2163 1699 adscriptorem
2210 1644 2362 1689 habea-

1317 1719 1406 1747 mus
1439 1704 1662 1759 Josephum
1693 1702 1946 1758 Scaligerum
1971 1717 1981 1743 ε
2016 1703 2087 1757 qui
2118 1701 2166 1744 ad
2198 1701 2361 1746 Festum

1316 1759 1360 1803 in
1391 1763 1523 1804 verbis
1552 1763 1645 1817 puri
1672 1761 1786 1816 probi
1819 1760 1954 1802 scribit
1992 1789 2006 1811 ,
2049 1758 2181 1814 plures
2213 1759 2360 1803 inven-

1316 1828 1374 1860 tas
1417 1834 1439 1860 a
1482 1818 1601 1870 JCtis
1641 1831 1747 1861 artes
1800 1815 2006 1860 sacrorum
2062 1816 2362 1860 interimendo-

1316 1890 1437 1928 rum,
1471 1875 1550 1919 sive
1581 1887 1625 1919 ut
1658 1875 1767 1916 idem
1801 1886 1947 1927 vocat,
1984 1873 2224 1927 praestigias3
2259 1888 2360 1927 prat-

1316 1932 1432 1986 cipue
1486 1948 1582 1977 vero
1625 1930 1917 1986 imaginariam
1959 1929 2164 1986 quandam
2214 1929 2360 1973 vendi-

1318 1989 1478 2032 tionem
1513 2022 1526 2042 ,
1583 2005 1662 2046 qua
1704 1989 1860 2030 coemtio
1901 1988 2123 2030 vocabatur
2164 1985 2358 2030 adhibitis

1319 2046 1474 2090 senibus
1505 2046 1848 2091 coemtionalibus
1884 2076 1897 2098 ,
1940 2046 2010 2099 qui
2053 2043 2128 2088 asse
2170 2042 2359 2098 cajano,

1317 2104 1396 2146 hoc
1437 2104 1490 2147 est
1534 2104 1725 2148 sextertio
1765 2102 1871 2144 ditis
1901 2100 2019 2154 cansa
2050 2113 2111 2144 ter
2142 2114 2312 2156 accepto
2343 2131 2358 2154 ‚

1316 2161 1360 2205 δί
1403 2162 1532 2204 rursus
1576 2161 1768 2213 reddito,
1812 2158 2003 2203 heredem
2048 2157 2314 2202 absolvebant
2351 2187 2362 2199 .
2391 2173 2429 2198 .-

1320 2221 1470 2275 Legem
1502 2234 1599 2262 vero
1630 2219 1688 2261 ita
1720 2217 1861 2260 retulit
1892 2216 2068 2258 Cicero:

1432 2277 1556 2319 Saena
1581 2276 1753 2332 privata
1778 2283 1962 2329 perpetuo
1992 2284 2198 2316 manente.

2260 2500 2366 2544 CA-

1644 2581 1655 2589 ·
1661 2578 1885 2590 ..ι-ι...-

1320 2581 1533 2593 n—-Qn—-v

1364 2615 1441 2656 (f)
1473 2616 1578 2648 Plaut.
1595 2616 1630 2647 in
1650 2615 1792 2646 Trinum
1807 2636 1815 2644 .
1850 2613 1954 2645 Festus
1970 2611 2064 2645 verbo
2090 2611 2155 2644 sine
2168 2610 2263 2642 sacris
2281 2632 2290 2641 .

1362 2661 1439 2699 (⁴‘⁴‘)
1462 2663 1511 2694 Ut
1536 2660 1631 2693 unius
1660 2657 1814 2699 cujusque
1841 2655 2087 2699 patrisfamilias
2121 2655 2240 2686 domus
2268 2660 2360 2686 metu

1319 2709 1461 2738 Deorum
1477 2704 1598 2738 arstius
1622 2705 1897 2744 constringeretur
1915 2724 1924 2739 ,
1953 2710 2019 2733 non
2046 2710 2083 2731 ea
2108 2707 2242 2731 tantum
2268 2698 2356 2730 saera

1317 2758 1437 2784 aeterna
1451 2758 1544 2781 erant
1558 2771 1570 2787 ‚
1595 2759 1666 2791 quae
1680 2759 1739 2790 pro
1754 2747 1875 2790 populo
1890 2746 2012 2778 fiebant
2027 2766 2038 2782 ‚
2065 2743 2116 2775 sed
2134 2744 2261 2786 privata
2277 2752 2369 2786 quo-

1317 2805 1379 2838 que
1403 2805 1474 2838 quae
1489 2804 1549 2834 pro
1569 2793 1671 2827 salute
1685 2791 1884 2831 singularum
1912 2787 2114 2821 familiarum
2155 2788 2365 2820 administra-

1317 2840 1454 2873 bantur.
1486 2838 1614 2881 Qiibus
1628 2837 1773 2870 vinculis
1791 2841 1958 2869 Romanos
1987 2833 2030 2881 sic
2048 2832 2279 2874 Jurisconsulti
2298 2832 2365 2865 sol-

1319 2892 1463 2920 verunt,
1489 2882 1589 2916 salvis
1616 2882 1696 2923 legis
1724 2881 1833 2914 verbis
1849 2902 1859 2917 ,
1887 2878 1957 2910 vim
1970 2889 2040 2915 eius
2062 2878 2275 2911 excludentes
2291 2902 2300 2917 ,
2334 2877 2365 2909 St

1317 2929 1393 2963 satis
1418 2928 1478 2962 effe
1520 2926 1689 2961 eredentes
1705 2946 1715 2963 ,
1743 2927 1764 2959 fi
1792 2924 1921 2967 publica
1945 2923 2006 2956 rite
2033 2923 2120 2957 saera
2152 2924 2326 2957 obirentur
2344 2942 2355 2961 ⁸

236 2968 427 3002 obstrictum
453 2971 614 3004 novissent
639 2994 650 3009 ,
692 2972 792 3014 ipsam
819 2975 927 3016 potius
951 2974 1229 3008 consecrationem
1257 2996 1268 3015 ‚
1320 2973 1492 3009 necinviti
1520 2979 1735 3006 onerarentur
1762 2970 1858 3003 sacris
1874 2969 2038 3011 privatis.

236 3014 280 3047 ab
304 3015 423 3048 herede
448 3016 510 3049 rite
534 3017 787 3062 solemniterque
811 3021 890 3054 teste
920 3020 1040 3064 populo
1064 3019 1270 3060 faciendam,

237 3068 299 3101 pro
323 3059 486 3094 sacrorum
510 3062 722 3098 detestatione
749 3064 870 3099 habent
886 3090 894 3097 .

283 3104 340 3146 Ge)
364 3104 477 3146 cujac.
490 3109 547 3143 tir.
563 3110 607 3150 ΑΞ
616 3119 643 3150 9.
661 3108 699 3143 (5
725 3111 767 3144 ad
782 3112 846 3154 leg.
858 3109 1027 3154 plob.238.
1039 3109 1079 3156 ff·
1093 3112 1132 3147 de
1149 3112 1225 3146 ΚΦ.

1365 3020 1428 3062 (Β)
1455 3018 1574 3058 ,εΗ-4.
1596 3018 1643 3059 sc.
1661 3027 1691 3058 9.
1721 3016 1802 3057 vers.
1826 3023 1853 3054 ς.
1886 3018 2036 3049 Gronov.
2072 3016 2095 3050 1.
2114 3024 2144 3054 3-
2170 3013 2234 3057 obst
2252 3023 2306 3048 ιο.
2324 3010 2365 3048 (θ’

1323 3067 1362 3101 de
1373 3073 1488 3111 pecun-
1512 3074 1580 3102 νει.
1603 3065 1677 3104 ιφ
1703 3073 1730 3099 c.
1751 3064 1783 3096 8.
1807 3067 1841 3105 p.
1865 3064 1946 3102 693.
