2596 3479
244 110 354 160 244

227 180 476 223 queit-ntur,
509 182 602 212 cum
627 167 820 223 rescripto
847 166 1044 223 principis
1070 166 1130 218 jus

1631 0 1649 17 W

986 93 1129 146 DE
1209 83 1809 172 LEGIBUS,

1161 168 1269 223 Qui·
1323 176 1664 231 manumissione,
1695 176 1792 222 dum
1821 176 1986 223 libertus
2008 190 2121 235 pater
2138 197 2279 228 eorum
2301 185 2365 228 es-

229 227 375 269 ritium
408 225 685 281 impetrassent
711 259 723 279 ‚
756 226 838 279 [a]
873 226 935 268 vel
970 224 1085 268 causa
1119 224 1272 269 libero—
1325 229 1377 272 set
1405 231 1577 285 minor,
1627 233 1687 285 jus
1714 236 1941 290 Qiiritium
1971 240 2220 294 quaerebatur
2245 257 2293 285 ex
2329 241 2358 284 l.

229 300 321 327 YUm
360 316 369 326 .

316 342 322 348 .
422 285 593 328 Etenim
623 283 743 327 refert
780 283 1017 346 Ulpianus,
1060 281 1151 338 [b]
1183 279 1270 336 lege
1321 287 1471 341 Junia;
1507 291 1588 343 post
1612 307 1703 335 earn
1728 307 1865 336 autem
1892 309 2089 349 aetatem,
2121 299 2189 352 qui
2223 298 2364 341 latini-

228 342 351 394 Junia
384 344 583 386 Norbana
617 343 692 394 if]
725 353 891 384 cautum
918 339 1057 393 fuisse,
1090 352 1133 382 ut
1161 339 1187 382 sl
1217 339 1274 382 la-
1321 355 1448 387 tatem
1471 347 1704 401 adipiscitur
1723 382 1734 403 ‚
1757 349 1894 394 liberis
1921 351 1980 402 jus
2157 355 2161 360 '

2006 354 2238 407 Quirinum
2261 370 2364 398 con-

227 401 337 443 tinus
365 399 531 444 libertus
558 401 692 443 civem
719 401 956 441 Romanam
975 429 988 450 ,
1008 397 1072 440 vel
1099 397 1297 466 latinam?
1323 400 1498 457 sequitur
1521 419 1570 447 ex
1595 406 1635 446 S.
1663 407 1714 448 C.
1742 409 1847 463 quid
1878 409 2073 460 Cujacius
2097 410 2328 454 observavit
2349 442 2359 454 .

225 457 395 502 duxisset
421 473 588 501 uxorem
613 489 625 509 ‚
659 456 895 511 interposita
923 455 1093 499 solemni
1116 454 1296 516 formu-1
1319 459 1414 519 (g)
1459 460 1651 504 Praeterea
1688 463 1885 509 Claudius
1914 467 1968 510 rei
1997 467 2131 510 navali
2159 467 2315 510 studens
2347 499 2362 522 ,

226 515 264 558 la
295 548 306 567 ‚
341 516 416 569 [c]
443 516 547 570 quoti
573 511 798 557 siberorum
821 514 1129 570 quaerendorum
1157 513 1270 556 causa

226 589 399 616 uxorem
431 573 627 626 duceret,
658 588 708 615 ez<
736 587 863 627 eoque
891 570 1084 626 conjugio
1108 569 1268 626 prolem

229 629 449 684 suscepisset
487 661 499 682 ,
550 629 636 672 filio
659 628 857 672 anniculo
883 628 987 671 faPm
1008 660 1019 682 ‚
1050 627 1093 670 Sc
1119 627 1231 670 causa
1257 659 1268 681 ,

228 687 292 730 vel
322 688 426 741 apud
452 698 691 742 praetorem,
726 686 788 729 vel
819 687 923 741 apud
949 684 1149 740 praefidcm
1178 700 1269 740 pro-

231 745 378 787 vinciae
405 745 571 798 probata
609 777 621 798 ‚
673 757 856 800 parentes
905 742 1021 786 simul
1064 759 1111 786 ac
1153 741 1268 785 liberi

226 802 336 845 cives
363 803 544 845 Romani
572 803 718 845 fierent
744 819 752 843 :
789 800 982 856 siquidem
1014 815 1115 842 uxor
1140 797 1267 842 latina

230 860 358 903 fuisset
381 875 392 912 3
425 859 511 912 [d]
539 875 634 902 nam
664 859 690 902 si
716 859 809 903 esset
835 859 938 901 civis
964 860 1155 900 Romana
1176 889 1188 910 ‚
1223 858 1265 899 fi-

230 917 308 960 lius
347 917 577 960 nasceretur
614 917 714 959 civis
752 919 964 958 Romanus
995 930 1042 957 ex
1076 914 1268 967 rescripto

231 974 406 1017 Adriani
430 1007 439 1016 .
471 977 529 1017 At
555 973 761 1029 quomodo
785 972 917 1028 potuit
942 988 1045 1015 uxor
1067 971 1142 1014 csse
1167 973 1267 1015 civis

223 1035 415 1075 Romana
437 1063 448 1084 ‚
483 1031 509 1073 si
535 1031 698 1073 nullum
727 1030 863 1072 latinis
889 1045 984 1072 curn
1006 1029 1162 1072 civibus
1184 1031 1266 1072 Ro-

224 1091 357 1132 manis
383 1102 468 1131 erat
492 1088 551 1139 jus
577 1088 774 1131 connubii
811 1091 825 1130 ἓ
880 1087 1097 1130 Nimirum
1122 1088 1162 1129 id
1189 1087 1266 1129 im—

222 1159 429 1202 petratum
462 1144 592 1188 fuerat
614 1162 636 1187 a
662 1144 846 1200 principe
880 1161 889 1186 :
944 1160 1040 1187 narn
1086 1144 1152 1187 ti-t.
1188 1143 1262 1199 seq.

228 1203 364 1246 scribit
389 1202 598 1256 Ulpianus
628 1203 705 1256 [e]
737 1201 992 1245 connubium
1020 1200 1166 1244 habere
1200 1217 1264 1256 pe-

225 1261 408 1316 regrinos
438 1260 481 1303 St
506 1260 655 1303 latinos
680 1275 776 1303 cum
799 1259 955 1302 civibus
982 1259 1187 1302 Romanis
1206 1289 1217 1308 ‚
1242 1257 1264 1299 si

226 1317 357 1360 i'u'iii'et
383 1317 615 1360 concessum
649 1348 662 1370 ‚
711 1330 758 1359 ut
785 1315 992 1370 intelligas
1023 1314 1266 1359 consuevisse

220 1374 387 1418 concedi
411 1405 419 1415 .
441 1375 640 1416 Ceterum
669 1373 695 1416 si
723 1373 822 1416 civis
852 1375 1066 1416 Romanus
1089 1373 1261 1415 latinam

218 1431 391 1475 duxisset
421 1430 502 1473 sinc
529 1431 676 1484 venia,
711 1443 848 1484 partus
874 1429 1027 1472 latinus
1052 1431 1262 1473 ederetur.

216 1488 393 1532 Etenim
415 1487 626 1530 connubio
646 1487 949 1530 interveniente
971 1486 1085 1529 liberi
1106 1499 1263 1541 patrem

220 1547 441 1601 sequuntur
469 1561 481 1598 3
514 1545 632 1588 nullo
663 1557 802 1587 autern
833 1543 1138 1586 interveniente
1165 1559 1263 1586 con-

223 1603 351 1647 nubio
373 1634 385 1657 ³
419 1601 536 1646 liberi
566 1601 800 1645 conditioni
828 1600 974 1643 matris
1001 1601 1220 1644 accedunt.

383 1716 424 1759 c
483 1717 526 1760 A
587 1701 633 1760 p*
676 1718 720 1759 υ
781 1716 824 1758 T
912 1716 1086 1760 xxm.

532 1833 598 1875 De
628 1832 729 1888 Lege
762 1828 943 1885 Iffenfia.

350 1946 448 1989 Uod
480 1945 614 2001 aliqua
645 1961 693 1988 ex
721 1958 830 1999 parte
858 1945 958 1998 [**]
991 1944 1261 1989 immutatum

370 2004 449 2048 fuit
481 2003 568 2058 iege
602 2003 762 2045 Mensia
784 2035 796 2056 ‚
827 2001 906 2055 (s)
938 2017 1025 2058 quae
1046 2016 1192 2044 natum
1212 2017 1260 2043 ex

369 2063 566 2105 alterutro
590 2060 765 2116 conjuge
793 2060 1009 2114 peregrino
1031 2091 1042 2112 ‚
1077 2058 1181 2110 jussit
1207 2059 1257 2101 se-

222 2118 290 2175 qui
317 2118 527 2162 deterioris
551 2118 732 2173 parends
755 2116 1067 2160 conditionem.
1091 2115 1259 2166 Plenam

222 2192 381 2232 quoque
409 2175 637 2220 libertatem
674 2175 949 2230 assequebatur
974 2173 1141 2217 libertus
1169 2172 1259 2215 lati-

222 2248 299 2275 nus
321 2264 333 2285 ,
374 2233 443 2288 qui
462 2233 587 2280 ,annis
609 2232 752 2276 XXX.
779 2230 910 2282 major
936 2232 1086 2273 iterum
1113 2245 1259 2273 manu-

224 2291 457 2334 mitteretur
482 2322 491 2332 .
526 2289 716 2341 Ejusdem
746 2302 885 2332 autern
911 2286 1053 2331 liberis
1078 2304 1099 2330 a
1125 2288 1260 2343 prima

683 2421 1255 2434 -α--ι---ι--ψ

261 2461 322 2501 (a)
347 2462 426 2502 Uip.
452 2460 558 2502 instit.
575 2464 630 2494 tit.
649 2461 687 2494 Ae
703 2463 766 2494 lat-

268 2505 318 2546 [h]
347 2507 471 2538 leid-em
488 2530 496 2538 .
916 2512 934 2528 ⁶

268 2556 288 2591 Q
301 2553 318 2570 ⁴⁷*
339 2552 357 2590 )
389 2555 459 2584 {mo
477 2552 636 2592 Ulpianus
651 2550 766 2583 omiffo
784 2550 918 2582 nomine
934 2550 1102 2584 Norbanae
1120 2549 1255 2591 Juniam

230 2596 331 2629 solam
348 2596 456 2628 laudat
472 2619 480 2628 .
509 2596 606 2629 Unde
635 2596 684 2630 Cl.
705 2596 908 2629 Noordkerk
928 2604 1003 2628 nata
1017 2596 1141 2629 occisio
1158 2594 1252 2637 suspi-

227 2640 350 2679 candi,
378 2641 562 2681 Ulpianum
588 2641 627 2673 de
654 2640 717 2672 alia
747 2641 817 2683 lege
835 2643 932 2682 Junia
949 2641 1061 2683 loqui.
1091 2640 1257 2673 Lauditur

227 2695 355 2728 quoque
381 2686 431 2716 lex
451 2686 547 2724 Junia
563 2686 626 2718 sine
642 2683 824 2722 adicffione
841 2686 1006 2718 Norbanae
1021 2686 1054 2718 in
1071 2686 1097 2726 §.
1116 2686 1200 2726 4⁷J.
1218 2686 1256 2717 de

221 2731 354 2772 JucceJJ.
373 2728 420 2760 lib
449 2731 476 2760 ἓ(
492 2730 570 2762 alibi
587 2739 621 2762 ut
637 2731 791 2762 observat
808 2732 888 2762 Otto
903 2731 945 2762 ad
959 2731 988 2761 d.
1009 2732 1036 2773 §

270 2774 322 2814 (c)
350 2773 505 2808 Giuihofr.
524 2777 565 2806 aa
579 2777 600 2806 1.
619 2785 693 2806 220.
712 2773 750 2818 ff.
767 2775 805 2807 de
823 2778 856 2807 V.
871 2777 908 2806 J.
925 2776 1036 2808 Tacit.
1051 2773 1147 2808 liba.
1167 2779 1254 2819 Aug.

215 2829 245 2858 3.
264 2829 370 2851 cunm
390 2819 516 2855 salim.

273 2865 313 2904 (d
353 2863 486 2904 Ulpian.
506 2863 553 2895 n't
580 2864 618 2894 de
633 2865 690 2895 lar.
716 2865 743 2906 §.
763 2873 792 2902 3.

271 2913 306 2948 (e
351 2909 423 2940 Tit.
445 2916 460 2946 3
491 2910 515 2950 §
536 2919 559 2947 4
586 2907 669 2947 (⁴2²9.

275 2952 377 2993 (“’“)
418 2956 491 2986 lmo
517 2953 620 2990 legem
648 2952 811 2984 Mensiam
837 2951 876 2984 ad
902 2951 1038 2984 Latinos
1066 2964 1130 2987 non
1156 2953 1254 2997 perti-

231 2998 356 3034 nuisse,
383 2997 439 3029 alii
466 2998 596 3030 censent
650 2997 840 3039 Peregrinos
864 3007 991 3040 quoque
1016 2997 1137 3039 seiungi
1155 3001 1257 3032 inter-

231 3043 309 3076 dum
336 3042 447 3074 v⁷deas
470 3054 487 3075 a
516 3041 642 3075 Latinis
661 3064 670 3078 ,
699 3050 735 3074 ut
760 3041 844 3083 apud
870 3042 1052 3082 Ulpianum
1081 3047 1133 3077 tit.
1165 3048 1197 3075 V.
1227 3047 1255 3088 §.

231 3100 264 3126 4.
292 3089 346 3121 tit·
365 3089 450 3119 ΧΙΧ
490 3090 556 3130 §.4
595 3086 885 3119 &Marcianusin
901 3090 936 3118 L.
962 3097 996 3128 17
1045 3090 1062 3130 §
1094 3100 1119 3121 1.
1147 3093 1181 3122 D
1220 3091 1257 3122 de

233 3134 342 3167 Panis
358 3156 366 3167 .
394 3136 508 3177 Neque
535 3142 647 3168 tamen
673 3130 748 3166 ideo
773 3130 968 3166 sententiam
984 3134 1095 3167 Nostri
1109 3133 1254 3169 deseren-

1318 531 1401 566 eius
1426 518 1725 572 amplificandae
1751 525 1881 578 gratia
1911 555 1922 575 ‚
1955 524 2167 567 civitatem
2205 527 2364 568 Roma-

1319 588 1416 616 narn
1442 576 1608 627 praenio
1633 579 1667 620 ei
1698 577 1845 622 liberto
1869 580 2001 622 latino
2035 582 2258 633 concessit,
2290 581 2360 638 qui

1317 631 1457 675 decem
1481 627 1595 676 mi'lle
1624 636 1855 680 modiorum
1889 653 2037 680 navem
2064 639 2362 692 coniruxisset,

1316 688 1440 732 &sex
1468 706 1600 734 annos
1620 691 1874 736 frumentun
1895 695 2192 747 transportasset
2212 727 2221 736 .
2250 697 2362 740 s-linc

1317 747 1535 791 Svetonius
1560 749 1745 802 ingentia
1773 751 1938 803 praeinia
1968 750 2103 792 scribit
2133 768 2154 792 a
2184 751 2362 813 Claudio

1317 805 1515 858 proposita
1545 805 1655 848 r'uiffe
1680 807 1731 848 iis
1753 838 1764 858 ,
1797 807 1865 861 qui
1898 822 2047 849 navem
2076 807 2325 850 fabricarent
2347 839 2359 855 .

1318 873 1360 902 ut
1383 863 1541 905 Latinis
1566 863 1625 914 jus
1651 864 1882 916 Quiritium
1900 895 1911 915 ‚
1932 863 1975 906 St
1996 863 2235 907 mulieribus
2253 896 2264 915 ‚
2285 864 2360 919 qui

1318 934 1465 962 navem
1489 919 1780 974 adornassent,
1814 922 2054 964 concesserit
2086 921 2146 972 jus
2181 935 2359 978 quatuor

1317 974 1538 1020 liberorum
1560 1008 1569 1018 .
1602 977 1686 1029 (h)

1479 1063 1520 1106 C
1571 1064 1620 1105 A
1683 1063 1713 1104 P
1771 1063 1816 1102 U
1876 1065 1920 1105 T
2008 1066 2176 1108 XXIV.

1624 1121 1690 1163 De
1721 1120 1824 1176 Lege
1859 1121 2048 1175 Visellia.

1321 1203 1412 1306 L
1430 1205 1582 1248 Atinus
1609 1205 1758 1260 pariter
1782 1206 2100 1263 consequebatur
2125 1207 2186 1258 jus
2210 1205 2358 1262 Quiri-

1448 1263 1552 1320 tium
1586 1263 1770 1317 militia,
1803 1280 1853 1307 ex
1888 1264 1977 1320 lege
2004 1264 2200 1318 Visellia,
2234 1266 2288 1316 (i)
2307 1265 2355 1308 de

1313 1334 1391 1372 qua
1445 1322 1711 1364 commodum
1766 1321 1833 1364 hic
1877 1322 2081 1376 agendum
2126 1335 2302 1364 occurrit
2339 1353 2350 1364 .

1316 1374 1536 1430 Aliquibus
1579 1378 1622 1419 in
1667 1378 1874 1421 codicibus
1911 1380 2061 1433 legitur
2104 1377 2302 1420 xviiseellia
2334 1409 2348 1431 ,

1315 1432 1377 1474 vel
1399 1433 1591 1486 Misella‚
1624 1433 1691 1476 vel
1717 1435 1939 1486 Viscellia,
1963 1434 2023 1478 vel
2059 1433 2246 1487 Vistilia,
2272 1450 2358 1477 non

1315 1490 1448 1532 rccote:
1483 1506 1578 1534 cum
1612 1491 1890 1535 Viselliorum
1925 1491 2133 1534 familiam
2167 1491 2250 1542 jam
2283 1507 2360 1534 no-

1314 1560 1398 1588 tam
1432 1546 1652 1591 habeamus
1684 1563 1733 1590 ex
1774 1549 1980 1592 Cicerone
2016 1549 2057 1591 in
2091 1549 2217 1590 Bruto
2244 1579 2257 1600 ‚
2306 1563 2356 1591 ex

1313 1619 1390 1658 qua
1423 1603 1502 1646 fuit
1535 1605 1586 1646 C.
1620 1603 1821 1648 Visellius
1854 1607 1988 1647 Varro
2020 1605 2239 1647 Ciceronis
2258 1619 2361 1647 con-

1316 1660 1495 1703 sobrinus
1521 1692 1530 1703 .
1578 1662 1595 1711 (
1623 1662 1652 1703 k
1680 1662 1697 1712 )
1732 1663 1833 1704 Lata
1865 1661 1988 1716 igitur
2020 1660 2097 1705 fuit
2129 1663 2258 1712 (***)
2292 1661 2357 1705 lex

1315 1716 1398 1761 haec
1424 1734 1534 1761 anno
1560 1719 1614 1760 A.
1636 1719 1694 1760 U.
1717 1719 1768 1760 C.
1794 1719 2124 1763 DCCLXXVI.
2151 1721 2197 1761 L.
2224 1717 2359 1761 Visel-

1315 1773 1380 1816 lio·
1399 1776 1586 1818 Varrone
1609 1806 1621 1827 ‚
1653 1776 1763 1818 Sext.
1792 1777 1995 1819 Cornelio
2010 1776 2122 1819 Coss.
2141 1776 2210 1818 sub
2227 1777 2358 1819 Tibe-

1313 1831 1397 1874 rio.
1434 1831 1702 1886 Intercapita
1722 1831 1840 1883 hujus
1856 1833 1984 1888 legis,
2015 1833 2353 1888 quaeperierunt‚

1313 1888 1411 1930 illud
1433 1890 1599 1932 extabat
1622 1920 1633 1941 ,
1663 1905 1745 1945 quo
1767 1889 1907 1932 latinis
1940 1889 2096 1932 libertis
2111 1890 2254 1932 civitas
2273 1892 2353 1931 Ro-

1312 1961 1434 1987 mana
1454 1946 1647 1998 dabatur,
1682 1945 1707 1988 si
1732 1945 1792 1989 sex
1815 1963 1947 1989 annos
1974 1945 2218 1989 militassent
2241 1948 2348 1989 inter

1313 2002 1456 2056 vigiles
1491 2034 1503 2055 ‚
1547 2018 1723 2058 quorum
1751 2003 1902 2058 septem
1927 2002 2117 2047 cohortes
2144 2003 2348 2058 Augustus

1310 2059 1487 2113 praefecit
1520 2060 1752 2116 regionibus
1784 2062 1892 2103 urbis
1915 2092 1928 2114 ‚
1974 2060 2166 2115 binasque
2217 2060 2351 2116 regio-

1310 2132 1377 2161 nes
1421 2117 1585 2172 singulis
1624 2117 1862 2160 cohortibus
1905 2117 2178 2161 custodiendas
2225 2132 2350 2159 man·

1306 2173 1416 2216 (lavit
1449 2206 1457 2215 .
1491 2176 1566 2224 (l)
1599 2173 1955 2218 Sena'tusconsulto
1984 2174 2128 2217 deinde
2161 2173 2208 2216 ad
2235 2173 2343 2216 hanc

1306 2230 1438 2285 legem
1461 2253 1463 2255 ·
1483 2229 1589 2273 fas-'to
1620 2263 1632 2284 ‚
1681 2232 1939 2275 contraffi‘tum
1990 2230 2066 2273 fuit
2114 2231 2214 2285 legis
2261 2230 2346 2285 spa-

1307 2288 1415 2331 tium
1437 2319 1449 2341 ‚
1480 2287 1708 2344 jussumque
1727 2319 1739 2341 ,
1775 2301 1820 2331 ut
1852 2289 2081 2332 triennium
2101 2287 2148 2330 ad
2171 2288 2341 2331 liberta-

2259 2357 2345 2388 tem

1305 2459 1380 2492 darn
1408 2460 1468 2492 effe
1495 2470 1650 2502 putamus
1681 2482 1693 2492 .
1731 2461 1764 2494 si
1790 2461 1880 2493 enim
1906 2459 2058 2492 homines
2084 2456 2284 2491 dividuntur
2308 2458 2344 2491 in

1303 2507 1389 2537 cives
1416 2505 1445 2537 ἃ
1473 2506 1658 2548 peregrinos
1686 2518 1697 2546 3
1724 2506 1754 2538 &
1781 2505 1972 2549 peregrinus
1996 2505 2062 2541 est,
2094 2504 2241 2546 quisqusss
2268 2514 2340 2536 non

1301 2551 1344 2583 est
1371 2552 1534 2592 particeps
1560 2549 1640 2588 iuris
1667 2551 1852 2593 Qniritium
1869 2574 1877 2588 ,
1907 2549 2046 2582 Latinus
2064 2550 2168 2581 etiam
2189 2549 2332 2590 peregri-

1303 2606 1361 2628 nus
1386 2595 1473 2628 erit.
1501 2595 1595 2630 Cons.
1623 2595 1865 2638 Schultingium
1889 2595 1932 2626 ad
1958 2596 2036 2636 Ulp.
2058 2595 2115 2626 tir.
2139 2596 2173 2625 V.
2202 2595 2230 2636 §.
2251 2596 2280 2625 8.
2308 2594 2339 2625 δε

1306 2640 1522 2672 Heinnecium
1535 2642 1579 2672 ad
1600 2644 1635 2672 L.
1655 2642 1792 2683 Papiam
1808 2650 1838 2682 p.
1858 2643 1932 2671 225.

1347 2686 1424 2727 (f)
1450 2685 1487 2716 de
1501 2697 1563 2727 qua
1576 2685 1712 2727 Ulpiani
1730 2687 1785 2718 tie.
1806 2694 1833 2723 5.
1867 2687 1897 2728 §.
1912 2687 1943 2717 8.
1970 2683 2058 2716 Briff
2081 2683 2120 2715 d.-
2134 2681 2204 2720 jure
2222 2692 2338 2713 connu-

1303 2728 1349 2761 bii
1363 2738 1392 2770 p.
1416 2739 1475 2768 ¹04
1536 2731 1590 2772 [g]
1621 2732 1675 2763 Ad
1690 2731 1746 2762 rie.
1766 2739 1793 2767 3.
1815 2732 1948 2770 Ulpian.

1351 2775 1400 2814 [h]
1431 2777 1568 2806 sveton,
1601 2775 1637 2806 in
1666 2775 1780 2806 Claud.
1815 2783 1884 2817 cap.
1907 2775 1957 2805 18.
1973 2769 2120 2804 Gottofr.
2139 2771 2181 2802 ad
2199 2771 2335 2812 Ulpian-

1304 2829 1357 2852 ηε.
1377 2829 1405 2857 3·
1421 2830 1508 2850 num.
1530 2829 1577 2850 12.

1349 2863 1417 2905 [i]
1445 2867 1478 2895 ε’.
1506 2865 1547 2895 ad
1570 2865 1595 2896 Ι.
1615 2864 1723 2903 Visell.
1753 2864 1777 2894 1.
1799 2873 1825 2894 1.
1853 2864 1890 2893 C.
1906 2860 2034 2904 quando
2052 2860 2147 2893 civit.
2166 2858 2226 2892 αθ.
2244 2860 2338 2894 crim·

1327 2908 1432 2942 reind-

1301 2916 1322 2952 Ρ
1350 2979 1351 2982 ¹
1378 2953 1431 2991 k)
1458 2951 1924 2991 Hottomann.det.Vise11ia
1947 2973 1957 2982 .

1347 2998 1442 3039 CM)
1471 3001 1544 3030 Imo
1568 2998 1633 3029 lata
1648 2997 1818 3036 creditur,-
1842 3004 1958 3028 contra
1993 2995 2211 3036 Auzustieam
2230 3005 2334 3034 aevo,

1304 3055 1323 3076 a
1347 3047 1374 3077 C
1419 3039 1552 3074 Visellio
1569 3043 1712 3074 Varrone
1727 3041 1863 3075 Consule
1879 3040 2011 3074 suffesto
2026 3042 2128 3073 latam
2145 3039 2236 3074 fuiffe
2257 3062 2266 3080 ,
2286 3040 2340 3074 su-

1302 3090 1444 3133 spicatur
1458 3088 1506 3121 Cl.
1528 3085 1736 3120 Noordkerk
1750 3087 1786 3118 dc
1802 3089 1862 3128 leg.
1883 3088 2036 3118 Petronia
2052 3094 2082 3127 p.
2100 3095 2152 3124 92.

1348 3136 1364 3175 [
1379 3135 1390 3168 l
1407 3132 1422 3172 ]
1450 3135 1488 3166 L.
1505 3129 1591 3177 3.ff.
1604 3133 1642 3166 de
1656 3129 1738 3176 offic.
1754 3132 1842 3176 pref.
1859 3131 1933 3174 vig.
1947 3129 2059 3170 cujac.
2075 3131 2119 3165 ad
2135 3130 2211 3173 ΠΙ).
2227 3130 2283 3164 ηἰ.
2303 3135 2338 3170 5.

1308 2426 1415 2434 -—-
2094 2428 2112 2435 ο
