2596 3479
611 88 756 144 ET
833 88 1916 164 X11.TA13ULA·7RUM‚

216 175 331 210 extra
364 171 554 207 naturam
586 161 814 208 humanam
839 176 1021 206 arcentes
1046 194 1058 215 ,
1100 164 1248 219 quibus

216 223 268 267 ab
290 236 340 265 eo
365 220 581 265 communi
613 222 693 264 fine
716 220 1001 264 distrahimur.
1034 221 1120 273 (¹⁶)

449 333 888 379 CAPUT
982 336 1035 378 V.

2245 113 2267 149 1
2285 114 2304 149 1
2329 113 2348 143 1³

1277 178 1282 218 ς
1309 167 1445 222 mique
1501 168 1655 210 bonum
1688 179 1849 221 oportet
1873 167 2154 222 obtemperare
2178 139 2365 215 incursu)-

1312 238 1382 278 pto
1423 257 1433 278 ,
1468 240 1645 280 puroque
1674 223 1781 267 bono
1808 223 1976 267 rationis
2001 240 2022 267 a
2051 240 2216 280 corpore
2244 230 2366 274 secrev

1320 292 1368 323 tae
1388 311 1398 331 ‚
1427 281 1558 336 qualis
1575 281 1627 324 est
1647 280 1778 324 animi
1801 280 2098 338 tranquillitas.
2121 284 2256 335 Quam
2277 286 2366 330 idco

1320 349 1553 381 extremum
1597 338 1641 380 in
1678 338 1753 381 hac
1789 339 1874 381 vita
1911 339 2115 382 bonorum
2157 342 2367 386 constitui-

1311 409 1402 436 mus
1435 425 1447 448 ,
1479 395 1575 450 quia
1604 393 1713 437 illius
1740 407 1904 439 tantuin
1928 395 2074 450 causa,
2109 411 2226 440 mens
2256 398 2361 442 vires

1311 466 1457 494 omnes
1483 463 1643 493 exercet
1680 482 1692 504 ‚
1740 464 1860 508 atque
1899 451 2111 496 facultates
2147 455 2357 509 experitur

1307 507 1390 549 suas
1412 523 1423 560 3
1455 507 1635 562 illudque
1668 508 1784 551 nasta
1811 508 2012 553 continuo
2034 526 2058 552 a
2082 511 2187 554 curis
2213 513 2352 556 omni-

287 562 411 607 Llum
443 574 582 606 autem
625 576 894 606 communem
931 562 1183 617 appellamus
1210 564 1279 629 fi‘i
1306 566 1377 607 bus
1406 564 1657 620 conquiescit
1692 596 1700 607 .
1752 565 1965 622 Quidquid
1991 567 2103 609 enirn
2135 567 2308 612 scorsum
2332 586 2355 613 a

299 635 422 673 nem,
452 636 533 674 quo
557 619 828 674 appetitiones
853 620 1072 663 hominum
1099 652 1110 674 ,
1144 621 1281 676 cupi-2
1305 621 1507 676 reiigione
1529 653 1541 675 ‚
1576 620 1686 673 cujus
1711 623 1804 665 finis
1839 622 1960 679 longe
1991 624 2272 669 dominantior
2298 627 2353 671 est

216 676 435 733 ditatesque
461 677 648 719 feruntur
671 690 845 719 omnes:
882 688 1022 730 utpote
1053 678 1100 720 ad
1128 680 1251 720 bono·
1305 679 1397 722 aliis
1435 711 1446 733 ,
1498 679 1738 723 naturaiiter
1762 696 1893 737 agunt
1922 681 2110 727 homines
2131 713 2144 736 ‚
2175 683 2359 740 propoli-

185 760 194 770 ·
219 748 313 777 rum
336 748 571 777 extremum
589 764 600 785 ‚
633 745 753 788 atque
781 732 983 788 summum
1011 735 1252 789 expetendo·
1307 749 1391 779 tam
1423 737 1542 780 habet
1575 737 1855 793 voluptatem,
1888 738 1915 781 fi
1941 754 2107 795 corpore
2135 739 2280 794 simul,
2311 740 2356 784 δε

219 806 311 833 rum
331 822 344 843 ,
379 791 481 834 unde
504 805 753 846 quaecunque
777 790 1136 842 disconveniuntt,
1183 808 1252 834 no—
1305 795 1445 836 animo
1477 793 1523 836 sit
1546 795 1782 838 obeundum
1806 812 1818 849 ;
1849 795 1892 838 Si
1926 811 2019 840 vero
2053 795 2132 839 sola
2160 797 2316 840 ratione
2337 827 2354 852 ,

373 451 440 495 De
468 447 667 491 Naturali
698 447 880 491 bonorum
913 460 1105 492 extremo.

219 848 287 890 xia
314 848 431 890 nobis
454 848 631 890 evadunt
662 862 674 900 3
725 846 869 902 cuique
891 848 1128 904 assequendo
1154 862 1256 891 natae

220 903 311 946 sunt
343 905 386 947 in
415 903 584 946 homine
615 903 723 958 leges
749 904 951 960 rationis',
982 919 1105 961 atque
1126 907 1174 947 ab
1197 922 1256 947 rzi-

219 959 345 1004 tionis
383 960 539 1016 legibus
574 972 675 1002 ort-:e
706 959 878 1005 virtutes
915 994 923 1004 .
974 963 1255 1017 Quamobrem

217 1087 410 1117 avertunt
434 1106 446 1128 ‚
480 1073 582 1117 vitia
603 1073 792 1118 ducimus
820 1105 832 1128 ‚
864 1075 906 1118 ὅ(
933 1091 1215 1129 nuncupamus
1245 1108 1254 1129 ‚

219 1131 390 1187 ideoque
415 1148 437 1175 a
464 1129 581 1173 nobis
606 1131 738 1174 aliena
765 1131 1000 1186 censemus,
1033 1134 1088 1175 ita
1110 1146 1152 1175 ut
1175 1133 1278 1176 vir-1
1304 1135 1586 1189 cognitionem
1612 1135 1723 1179 illius
1749 1137 1845 1179 boni

1306 850 1646 906 tranquillitatem
1668 868 1676 893 :
1700 851 1811 904 cujus
1835 851 1925 896 fons
1951 853 2180 896 uberrimus
2201 854 2254 897 est
2275 871 2344 898 co·-

1304 908 1438 962 gnitio
1469 923 1603 951 rerum
1625 939 1638 962 ,
1668 921 1787 965 atque
1813 908 1979 953 scientia
2001 942 2014 964 ,
2045 911 2146 962 (**)
2170 926 2257 967 quae
2279 924 2350 954 ut-

454 1018 460 1024 ·
864 1018 872 1024 .
1275 1010 1277 1020 Α
1305 978 1394 1017 pote
1422 963 1590 1007 sensibus
1615 966 1747 1009 exsors
1766 997 1778 1019 ‚
1810 978 1931 1022 atque
1960 968 2009 1010 ad
2036 966 2161 1011 solam
2188 968 2345 1023 cogita-

218 1033 307 1073 quae
332 1017 563 1061 affestiones
586 1018 635 1059 ab
654 1029 841 1062 extremo
861 1018 938 1062 illo
959 1034 1031 1061 nos
1053 1020 1278 1066 bonorunm
1848 1023 1854 1029 ”

1305 1021 1462 1064 tionem
1489 1023 1697 1076 pertinens
1724 1039 1933 1078 proprium
1959 1025 2013 1067 est
2041 1024 2346 1079 patrimonium

1304 1078 1473 1120 rationis
1509 1110 1517 1120 .
1568 1078 1661 1121 Sola
1695 1079 1858 1123 scientia
1886 1080 2002 1124 enim
2033 1080 2270 1125 adducimur
2298 1082 2348 1124 ad.

1879 1169 1891 1191 ‚
1939 1137 2046 1194 quod
2079 1138 2194 1180 nobis
2221 1138 2343 1182 affer-

218 1199 356 1233 tutum
387 1219 400 1242 ‚
450 1188 727 1243 vitiorumque
767 1188 869 1231 ratio
907 1190 957 1232 ab
979 1205 1026 1232 eo
1052 1177 1280 1232 bonorum*
1304 1203 1370 1233 tur
1396 1207 1418 1233 a
1446 1192 1667 1234 virtutibus
1687 1223 1700 1246 ,
1734 1193 1915 1237 aufertur
1941 1211 1962 1238 a
1990 1194 2105 1237 vitiis
2127 1226 2136 1238 .

217 1257 403 1290 extremo
429 1245 473 1287 sit
497 1244 672 1287 ineunda
699 1275 707 1284 .
746 1246 865 1287 Porro
889 1261 977 1300 quae
1000 1246 1051 1286 ab
1080 1246 1210 1287 animi
1244 1276 1255 1296 ‚

218 1302 475 1356 corporisque
518 1300 807 1351 conjunctione
832 1302 1053 1355 procedunt
1077 1302 1255 1343 affeSlio-

216 1374 288 1403 nes
303 1391 314 1412 ‚
333 1359 378 1401 δε
405 1357 588 1401 sensuum
610 1356 842 1400 funffiones
857 1388 869 1409 ‚
890 1373 1021 1400 unum
1042 1367 1255 1413 tamquam

213 1430 437 1461 commune
461 1415 614 1457 bonum
636 1415 922 1468 circumeunt,
942 1426 1255 1470 perreptantque

213 1472 472 1528 voluptatem
494 1501 505 1523 ‚
538 1469 649 1522 cujus
673 1470 857 1525 adspestu
883 1472 1042 1516 cientur
1068 1504 1080 1524 ,
1113 1471 1253 1515 inimi-

214 1545 385 1586 camque
419 1528 641 1583 voluptatis
667 1528 833 1583 fugiunt
873 1560 885 1582 ‚
937 1528 1253 1585 aversantur-que

213 1587 443 1632 molestiam
465 1602 474 1627 ε
512 1600 586 1628 nec
611 1597 751 1629 tamen
776 1601 822 1629 ea
845 1617 856 1638 ‚
888 1588 1034 1642 quibus
1070 1586 1254 1630 sensuum

211 1644 441 1700 voluptates
474 1655 738 1698 procreantur
765 1674 776 1697 ,
810 1644 1000 1698 ponimus
1034 1644 1142 1687 inter
1172 1644 1253 1686 vir-

215 1711 321 1744 tutes
356 1717 365 1742 :
411 1701 505 1756 quia
546 1698 769 1752 jucundum
798 1700 900 1744 illud
925 1717 945 1744 e
971 1716 1138 1756 corpore
1166 1716 1253 1743 rna-

218 1773 320 1801 nans
340 1756 385 1800 in
405 1758 593 1799 animum
609 1789 620 1810 ,
642 1758 952 1813 haudquaquam
970 1759 1022 1801 el't
1045 1758 1255 1813 proprium

217 1813 262 1858 Sc
294 1815 498 1858 summurn
528 1814 718 1857 humans:
741 1828 895 1858 naturae
921 1816 1101 1858 bonum:
1137 1814 1255 1871 quale

218 1872 324 1917 illud
361 1872 414 1915 est
450 1872 492 1914 in
541 1870 620 1913 sola
654 1872 815 1914 ratione
841 1871 1014 1916 seorsum
1042 1889 1064 1915 a
1090 1887 1257 1927 corpore

222 1930 404 1974 locatum
435 1960 447 1981 ‚
497 1929 562 1973 cui
601 1928 898 1980 subjiciendum
932 1929 985 1972 eli
1018 1930 1172 1972 bonum
1208 1944 1257 1970 ex

221 2002 388 2041 corpore
412 1985 631 2040 animoque
657 1986 930 2040 participans,
964 2001 1050 2040 quae
1073 1987 1257 2039 voluptas

220 2042 451 2098 appellatur
471 2073 480 2083 .
512 2044 576 2084 Ut
600 2043 713 2084 enirn
741 2043 885 2085 cunffta
911 2042 1093 2083 hominis
1112 2042 1259 2087 debent

222 2099 374 2143 rationi
401 2114 538 2154 parere
561 2129 572 2151 ‚
604 2098 663 2141 ita
686 2099 729 2141 Sc
755 2099 920 2141 mistum
935 2099 1141 2153 corporis,
1171 2098 1258 2141 ani-

332 2158 434 2209 Jam'
465 2157 656 2199 Gravinae
686 2157 803 2199 Tom.
823 2158 855 2198 I.

656 2232 777 2242 -—

886 2232 947 2242 -.-—

265 2266 349 2308 (⁴‘)
397 2265 537 2309 Elegans
562 2265 606 2297 est
633 2265 700 2298 haec
730 2265 940 2308 Philosophia
966 2265 1118 2299 Auctoris
1144 2265 1183 2298 de
1201 2265 1259 2297 du-

222 2312 301 2356 plici
329 2311 399 2354 lege
426 2319 549 2343 naturae
565 2332 575 2348 ‚
604 2310 634 2341 3:
659 2309 840 2343 admodum
865 2312 1064 2344 conveniens
1087 2309 1260 2343 definitio-

221 2356 319 2391 nibus
346 2355 425 2393 iuris
452 2364 579 2388 naturae
605 2356 635 2386 &
661 2355 835 2398 gentium,
864 2356 897 2387 in
923 2360 999 2397 Jure
1026 2356 1129 2389 Civili
1158 2355 1261 2387 tradi-

221 2402 289 2436 tis.
317 2402 431 2436 Solent
470 2411 523 2432 eas
564 2399 661 2432 multi
702 2399 887 2442 despicere,
917 2402 986 2432 imo
1009 2400 1093 2433 albis
1116 2399 1264 2432 deridere

223 2446 381 2480 dentibus
399 2468 410 2485 ‚
447 2445 500 2477 sed
527 2444 560 2477 hi
587 2444 638 2476 vel
665 2445 773 2477 minus
798 2455 849 2477 eas
878 2446 1073 2487 intelligunt
1092 2465 1101 2482 ‚
1133 2444 1185 2475 vel
1215 2445 1260 2475 ni-

219 2492 290 2526 mio
315 2491 479 2523 ducuntur
517 2489 697 2522 cavillandi
742 2488 848 2522 studio
877 2512 885 2520 .
915 2490 1092 2521 Noviffime
1132 2487 1183 2520 his
1215 2486 1263 2525 ju-

222 2536 267 2570 ris
291 2535 402 2569 civilis
447 2533 695 2566 definitionibus
732 2534 894 2576 suppetias
920 2544 1052 2575 quoque
1077 2532 1156 2565 tulit
1184 2533 1263 2564 Illu-

220 2581 293 2615 stris
320 2579 438 2612 Praeses
476 2578 648 2613 Cornelius
673 2590 738 2612 van
764 2578 1009 2619 Bynkershoek
1049 2579 1087 2610 in
1115 2575 1189 2618 Obs.
1221 2581 1262 2609 L.

224 2629 261 2660 V.
289 2637 314 2659 c.
338 2636 364 2657 1.

268 2670 374 2712 (⁴‘“)
423 2672 501 2711 Jure
541 2667 726 2703 Gravinam
764 2666 1001 2712 reprehendere
1042 2666 1175 2700 videtur
1201 2670 1263 2700 Au=

223 2715 297 2750 &or
323 2713 613 2756 considerationum
631 2735 641 2753 ‚
667 2712 756 2756 quod
784 2714 951 2746 summum
977 2712 1122 2746 hominis
1139 2713 1263 2745 bonum

225 2761 263 2794 in
287 2759 536 2802 tranquillitate
565 2758 696 2798 animi,
734 2758 1016 2801 tranquillitatem
1050 2766 1162 2790 autern
1190 2756 1263 2788 ani-

225 2804 275 2836 mi
313 2805 353 2837 in—
385 2800 576 2847 cognitione
621 2814 730 2836 rerum
756 2805 786 2836 δι
814 2803 948 2836 scientia
972 2803 1134 2836 collocet.
1160 2805 1268 2835 Tran-

227 2848 436 2891 quillitatem
462 2848 598 2891 quidem
626 2849 731 2881 animi
757 2848 859 2882 etiarn
885 2856 1010 2882 veteres
1033 2847 1265 2883 sectabantur,

227 2892 384 2935 inprimis
426 2893 607 2935 Epicurei,
648 2894 705 2926 etsi
747 2898 852 2927 Varro
876 2893 963 2936 apud
989 2892 1206 2935 Augustinum
1232 2891 1270 2923 de

228 2938 328 2971 civit.
344 2938 410 2969 Dei
425 2960 434 2968 .
462 2936 536 2970 Lib.
556 2940 656 2970 XIX.
685 2949 708 2971 c.
733 2950 758 2971 1.
787 2938 906 2972 reserat
925 2961 934 2977 ‚
961 2937 1116 2972 ducentas
1135 2938 1165 2969 δε
1180 2936 1270 2969 οξὶο-

227 2982 323 3026 ginta
364 2980 439 3013 otto
464 2981 611 3015 diversas
637 2990 788 3016 veterum
815 2982 1092 3026 Philosophorum
1118 2981 1158 3014 de
1185 2982 1270 3013 sum-

229 3037 290 3060 mo
315 3026 407 3059 bono
431 3024 521 3058 fuiffe
548 3026 725 3060 sententias
746 3050 755 3059 .
794 3028 856 3062 Sed
880 3028 902 3061 si
929 3028 969 3061 ad
995 3029 1055 3061 hoc
1080 3035 1270 3060 extremum

231 3072 361 3106 bonum
378 3091 389 3109 ,
414 3076 577 3112 tanquam
600 3070 641 3103 ad
664 3082 879 3106 communem
894 3075 1018 3112 finem,
1046 3072 1272 3115 appetitiones

235 3116 416 3152 hominum
442 3114 600 3149 omnium
620 3115 812 3160 ducuntur,
838 3118 1023 3160 praestiterit
1040 3139 1051 3159 ,
1078 3118 1113 3151 in
1141 3116 1269 3150 nosme-

1521 1304 1964 1348 CAPUT
2054 1309 2136 1351 VI.

1389 1390 1455 1432 De
1487 1389 1684 1433 virtutum
1715 1390 1862 1447 origine
1894 1408 1940 1434 ex
1970 1391 2051 1448 lege
2081 1404 2227 1437 nature
2247 1425 2258 1438 .

1376 1476 1378 1478 ’
1437 1475 1638 1520 Ominem
1682 1492 1860 1535 namque
1903 1476 2083 1523 summus
2115 1480 2253 1535 opifex
2288 1480 2355 1524 ite

1454 1534 1723 1577 concinnavit
1758 1564 1773 1588 ,
1814 1546 1858 1578 ut
1901 1533 2016 1579 sicuti
2061 1536 2217 1592 palatus
2258 1539 2348 1582 dul-

1304 1589 1442 1634 cedine
1467 1623 1479 1643 ‚
1522 1591 1664 1634 oculus
1697 1589 2000 1645 pulchritudine
2032 1594 2190 1650 capitur
2223 1627 2235 1647 ,
2287 1597 2354 1647 ita*

1303 1646 1346 1689 Ee
1402 1647 1565 1691 animus
1615 1648 1772 1692 laetetur
1813 1648 1973 1693 utendis
2006 1681 2018 1703 ,
2065 1651 2353 1708 obeundisque‘

1305 1705 1522 1748 virtutibus
1557 1737 1569 1757 ‚
1621 1719 1760 1761 utpote
1795 1707 1944 1750 'nostrae
1974 1709 2160 1762 cognatis
2186 1741 2198 1764 ‚
2244 1724 2348 1752 con-

1307 1762 1639 1817 venientibusque
1689 1777 1843 1807 naturae
1877 1795 1890 1817 ‚
1943 1760 2156 1821 secumque
2218 1765 2342 1810 addu-

1304 1819 1490 1862 centibus
1521 1835 1743 1875 perennem
1770 1852 1782 1872 ‚
1833 1821 2194 1879 incorruptamque
2228 1822 2349 1866 volu-

1308 1889 1462 1929 ptatem
1493 1908 1501 1917 .
1546 1878 1684 1930 Quam
1735 1876 1970 1921 illecebram
2005 1881 2121 1922 rebus
2150 1880 2346 1923 omnibus

1307 1933 1351 1975 ad
1397 1934 1525 1975 vitam
1559 1965 1570 1985 ,
1604 1934 1740 1989 'atque
1783 1935 1831 1977 ad
1876 1935 2128 1979 honestatem
2175 1937 2349 1980 necessa-

1307 1990 1373 2030 riis
1407 1990 1661 2044 providentia
1693 1991 1831 2032 divina
1866 1991 2045 2045 perfudit
2073 2024 2082 2034 .
2117 1994 2208 2036 Nec
2241 1993 2344 2036 vitia

1308 2061 1489 2101 unquam
1534 2046 1732 2090 haererent
1763 2046 1915 2090 animis
1946 2079 1958 2100 ‚
2003 2048 2076 2091 nifi
2107 2065 2224 2092 mens
2256 2049 2347 2091 vir-

1308 2115 1444 2147 tutum
1500 2103 1625 2159 specie
1683 2102 1892 2147 falleretur
1922 2137 1934 2158 ‚
1998 2117 2067 2148 aut
2116 2105 2351 2150 extenuatis

1949 2162 1978 2204 P
2270 2163 2359 2214 ejus

1530 2239 1576 2246 ...-

2255 2238 2360 2248 -s—-n

1309 2271 1410 2313 tipsos
1435 2271 1537 2304 altius
1562 2271 1753 2304 descendere
1771 2295 1781 2309 ,
1807 2283 1906 2315 quam
1932 2273 2105 2314 opiniones
2125 2274 2269 2306 aliorum
2285 2267 2348 2305 sol*-

1310 2316 1399 2348 licite
1429 2317 1623 2359 exquirere.
1656 2318 1793 2358 Appetit
1836 2318 1936 2360 igitur
1963 2325 2078 2350 natura
2105 2317 2206 2351 honio
2232 2319 2356 2360 volup-

1308 2369 1414 2393 tatem
1446 2385 1455 2399 ,
1494 2360 1611 2403 refugit
1658 2362 1839 2394 molestiam
1858 2385 1868 2400 ‚
1908 2362 1958 2393 sed
1998 2363 2103 2395 animi
2129 2363 2356 2404 tranquillitas

1281 2441 1286 2446 ¹
1311 2416 1376 2437 non
1404 2405 1477 2437 ideo
1504 2407 1683 2446 voluptate
1708 2406 1841 2444 affluit,
1867 2407 1943 2448 quia
1967 2415 2054 2439 caret
2080 2408 2195 2439 dolore
2221 2408 2250 2438 8<
2281 2417 2359 2438 mo-

1312 2449 1400 2482 lestia
1422 2473 1428 2481 .
1458 2453 1575 2492 Neque
1604 2450 1705 2482 solam
1733 2451 1838 2483 animi
1855 2451 2132 2492 tranquillitatem
2149 2472 2159 2487 ‚
2189 2450 2240 2483 sed
2260 2451 2358 2483 aeterss

1310 2505 1351 2526 na
1390 2494 1534 2536 gaudia,
1578 2503 1736 2527 aeternam
1777 2495 1985 2537 voluptatem
2023 2495 2084 2536 piis
2121 2496 2153 2526 in
2181 2496 2249 2527 vita
2276 2495 2352 2536 poff

1312 2547 1455 2571 mortem
1486 2540 1579 2571 beata
1606 2541 1689 2571 Deus
1717 2539 1878 2581 spondet.
1923 2539 2080 2572 Fallimur
2104 2548 2215 2572 autern
2240 2540 2351 2582 quoti·-

1310 2583 1363 2616 die
1390 2584 1507 2616 umbra.
1533 2583 1715 2624 voluptatis
1732 2607 1742 2622 ‚
1769 2584 2007 2626 amplectentes
2023 2595 2072 2617 res
2092 2596 2189 2617 vanas
2205 2608 2215 2623 ‚
2243 2585 2351 2624 fluxas

1313 2629 1342 2660 8<
1369 2627 1505 2661 caducas
1525 2648 1535 2666 ‚
1565 2628 1622 2660 nisi
1652 2628 1807 2661 unionem
1833 2639 1907 2662 cum
1934 2633 2002 2661 Deo
2027 2630 2188 2662 summam
2207 2628 2353 2663 felicita-

1311 2681 1382 2706 tem
1409 2673 1551 2705 nostram
1578 2673 1638 2705 effe
1663 2674 1859 2716 opinemur.
1905 2678 1982 2707 Haec
2007 2674 2190 2716 voluptatis
2216 2675 2355 2708 inexau-

1313 2718 1377 2750 stus
1402 2716 1475 2750 fons
1491 2740 1500 2758 ‚
1529 2717 1596 2750 haec
1623 2719 1786 2762 scaturigo
1811 2718 1921 2761 gaudii
1947 2718 2018 2751 veri
2044 2720 2073 2752 δε
2089 2720 2238 2762 perennis
2259 2742 2269 2759 ‚
2296 2719 2360 2753 hoc

1314 2774 1448 2806 germen
1487 2762 1618 2805 plenum
1658 2764 1722 2806 spei
1765 2764 1887 2797 stabilis
1914 2764 1944 2796 8:
1976 2764 2195 2798 inconcuffae:
2224 2764 2311 2807 quod
2336 2766 2369 2797 δε

1315 2819 1355 2841 ex
1403 2809 1536 2850 paganis
1569 2807 1768 2852 Pythagorei
1799 2811 1827 2842 δε
1860 2809 2026 2842 Platonici
2052 2810 2268 2850 statuebant,
2294 2810 2368 2852 qui-

1316 2853 1375 2886 bus
1389 2853 1556 2893 summum
1583 2854 1707 2886 bonum
1724 2862 1793 2887 erat
1822 2854 1976 2895 ἐμοιωσις
2003 2856 2046 2888 τὲ
2064 2858 2158 2894 Θεὲ,
2187 2854 2364 2897 Voluptate

1316 2905 1429 2930 autem
1455 2898 1678 2941 appetitiones
1705 2900 1821 2932 nostrat
1847 2899 2009 2932 satiantur
2035 2920 2044 2938 ‚
2067 2910 2136 2941 quae
2160 2907 2299 2932 manant
2327 2909 2368 2932 ex

1316 2942 1490 2976 voluntate
1515 2965 1526 2983 ,
1550 2953 1615 2975 non
1641 2953 1681 2976 ex
1707 2943 1877 2977 intellestu
1896 2966 1906 2983 ‚
1951 2942 2036 2976 unde
2061 2944 2106 2976 est
2125 2964 2134 2979 ,
2161 2943 2247 2986 quod
2272 2943 2359 2976 sum-

1319 2997 1411 3021 mum
1450 2988 1576 3021 bonum
1601 2988 1770 3022 consistere
1809 2988 1923 3031 nequit
1970 2988 2005 3021 in
2041 2989 2230 3031 cognitione
2255 2987 2357 3020 solius

1318 3033 1413 3070 veri,
1453 3033 1486 3065 in
1527 3043 1592 3075 qua
1631 3033 1834 3076 Pythagoras
1860 3032 1946 3075 apud
1972 3033 2144 3068 Stobaeum
2171 3033 2264 3067 Tom-
2291 3033 2352 3065 xl.

1319 3077 1379 3117 τιίν
1408 3075 1567 3121 ὅμοι’ωσυ
1594 3076 1635 3113 τέ
1660 3080 1730 3115 Θεέ
1753 3078 1939 3121 quaerebat.
2333 3075 2337 3081 “
