2524 3479
198 111 272 171 64
589 103 715 157 DE
782 103 1071 158 ORTU
1135 107 1266 161 ET
1324 109 1939 168 PROGRESSU

198 198 246 238 pe
279 178 340 224 uti
372 178 507 234 binae,
540 191 694 232 ternae,
729 179 791 221 vel
820 193 1059 235 quarernae‚
1091 193 1212 238 atque

198 240 326 283 etiam
353 237 749 295 quinae,relati0nes
778 237 862 279 fieri
893 236 1073 291 possent:
1109 240 1216 295 quod

199 296 261 350 jus
301 296 510 341 dicebatur
557 295 735 339 secundae
763 326 775 348 ‚
821 294 948 338 tertiae
972 326 984 350 ,
1027 311 1179 351 quartae
1204 329 1217 351 ,

199 353 356 412 quintae
384 353 622 397 relationis.
657 353 720 403 (a)

352 436 795 484 CAPUT
912 439 1059 482 CXII.

289 502 355 544 De
377 498 586 541 Senatoria
612 496 863 552 Imperatoris
891 498 1126 551 Dignitate.

306 559 396 600 Um
423 555 530 599 hisce
564 553 801 598 muneribus
824 554 1071 608 dignitatem
1093 556 1218 598 Sena-

335 615 485 658 toriam
517 613 564 656 iis
595 611 828 663 adjunctam
855 612 1044 665 Princeps
1077 610 1217 655 indue-

201 672 303 715 bat:
339 673 403 724 (b)
434 672 477 715 &
512 669 701 727 quamvis
743 669 837 713 esset
867 685 889 713 e
923 669 1038 725 plebe
1065 701 1077 723 ,
1109 670 1218 714 inter

201 729 393 786 patricios
426 728 699 785 recipiebatur
714 758 723 768 .

345 875 412 919 De
431 874 572 917 Patris
591 873 740 916 Patriae
767 873 1047 929 Appellatione
1062 903 1071 913 .

272 933 531 976 Ummorum
565 946 786 974 numerum
818 931 984 973 islorum
1018 927 1219 972 invidiam

303 989 511 1045 Principes
542 988 718 1045 gratioso
759 988 862 1042 apud
896 987 1056 1042 plebem
1092 987 1219 1031 Patris

202 1047 340 1100 patriae
372 1047 543 1090 nomine
588 1045 816 1089 levabant.
861 1045 944 1100 Qui
978 1044 1108 1087 honos
1151 1046 1218 1088 M.

199 1103 348 1147 Tullio
381 1104 563 1159 primum
586 1103 639 1145 ob
661 1101 888 1157 oppressam
903 1101 1100 1145 Catilinae
1120 1118 1219 1145 con-

199 1160 449 1212 jurationem
485 1160 666 1212 delatus,
698 1159 843 1203 deinde
868 1159 1026 1202 translit
1057 1159 1104 1203 ad
1130 1161 1218 1203 Au-

200 1218 361 1274 gustum
384 1251 397 1272 ‚
442 1218 486 1262 &
517 1217 750 1273 posteriores
796 1219 1100 1273 Imperatores:
1146 1217 1216 1273 qui

200 1275 284 1327 ejus
315 1274 607 1332 appellationis
639 1274 795 1317 honore
816 1306 828 1327 ,
857 1274 1093 1330 aliquorum
1125 1274 1216 1329 opi-

200 1334 327 1377 nione
359 1335 418 1386 (e)
449 1332 508 1384 jus
538 1333 666 1375 etiam
699 1331 1037 1374 nanciscebantur
1067 1331 1111 1374 in
1145 1347 1214 1386 po-

201 1391 375 1447 pulum,
407 1390 524 1446 quale
558 1401 743 1444 parentes
775 1388 927 1431 habent
959 1388 1002 1431 in
1035 1387 1180 1432 liberos
1206 1421 1215 1431 .

200 1451 302 1491 Haec
322 1459 461 1491 autem
490 1462 574 1490 non
597 1446 740 1489 omnia
766 1445 882 1488 simul
911 1445 1120 1500 principi,
1156 1446 1216 1489 sed

200 1505 431 1549 intervallis
462 1505 626 1560 aliquot
660 1502 969 1558 proferebantur
999 1535 1008 1545 .
1043 1504 1215 1546 Etenim

197 1564 243 1606 de
270 1563 508 1615 Pertinace,
539 1574 660 1617 atque
690 1561 840 1602 Severo
872 1559 913 1602 id
947 1560 1215 1604 memorabile

199 1620 365 1664 ducitur
383 1652 395 1674 ,
426 1619 532 1675 quod
554 1634 637 1661 uno
661 1617 724 1660 die
750 1617 864 1660 hasce
897 1616 1116 1671 dignitates
1148 1633 1213 1661 ac-

197 1677 381 1733 ceperint
407 1693 416 1718 :
451 1692 547 1721 cum
575 1674 781 1718 Adrianus
815 1674 941 1717 Patris
975 1675 1114 1718 Patriae
1141 1691 1214 1718 no-

196 1751 293 1778 men
327 1733 446 1778 semel
481 1746 601 1788 atque
633 1732 781 1776 iterum
820 1731 1008 1775 oblatum
1048 1732 1206 1776 distule-

197 1793 250 1835 rit
278 1825 289 1846 ,
321 1792 364 1835 δε
396 1790 592 1835 Tiberius
634 1789 792 1845 prorsus
825 1789 1015 1833 recusarit
1048 1805 1056 1830 :
1105 1790 1212 1846 quod

197 1849 384 1892 nominis
415 1848 592 1904 dignitas
634 1847 684 1890 ab
714 1862 762 1890 eo
794 1845 949 1897 majora
993 1846 1169 1902 posceret
1200 1879 1212 1902 ‚

198 1922 322 1962 quarn
358 1907 392 1950 se
426 1905 646 1950 confideret
672 1903 965 1960 praestiturum.

340 1992 381 2035 C
441 1993 481 2034 A
544 1990 574 2031 Ρ
633 1993 678 2033 U
738 1991 782 2032 T
900 1990 1066 2035 CXIV.

513 2049 580 2092 De
614 2049 715 2104 Lege
738 2047 893 2104 Regia.

192 2133 401 2236 HAEC
447 2146 584 2177 autem
642 2149 691 2177 ex
735 2132 915 2188 pluribus
965 2132 1211 2190 magistrati-

347 2194 417 2235 bus
448 2190 619 2234 comesta
651 2191 820 2245 potestas
844 2222 856 2244 ‚
904 2190 1081 2246 Principi
1126 2204 1209 2234 tra-

206 2249 292 2291 dita
312 2281 324 2302 ‚
356 2251 528 2291 Senatus
555 2248 780 2303 Populique
811 2247 972 2291 decreto
997 2279 1009 2300 ‚
1043 2260 1087 2291 ut
1120 2264 1210 2291 mea

198 2305 279 2348 fert
310 2304 454 2360 opinio
478 2336 490 2358 ,
523 2305 844 2348 confirmabatur
869 2336 879 2347 .
912 2303 1042 2356 Cujus
1075 2305 1210 2349 decre-

201 2363 232 2405 ti
266 2362 545 2419 fragmentum
575 2360 650 2406 esse
691 2362 866 2406 arbitror
905 2361 1006 2406 illud
1037 2362 1210 2419 Capito-

887 813 1104 859 CXIII.

842 2499 890 2507 ...-

241 2535 302 2574 (α)
329 2534 425 2566 Dion.
441 2535 525 2572 L53.
552 2532 682 2576 Vopisc-
712 2534 748 2564 in
767 2531 867 2564 Probo
882 2555 891 2567 ,
917 2531 957 2564 <5
977 2533 1013 2565 in
1036 2534 1203 2566 Aurelian.

193 2579 374 2620 Capitolin-
392 2580 428 2611 in
445 2580 608 2612 Pertinac·
625 2579 655 2610 &
671 2579 707 2608 in
726 2579 831 2610 Marc.
858 2581 938 2610 Am.

239 2623 297 2664 (b)
324 2627 396 2656 L.8.
424 2624 498 2656 eod.
517 2625 555 2657 de
568 2623 691 2666 dignit.
709 2621 819 2665 Capit.
838 2623 874 2654 in
890 2622 1031 2655 Macrin.

242 2669 286 2703 (c)
310 2669 410 2700 Dion.
424 2667 546 2709 lib.53.

239 2712 298 2751 θ’)
323 2716 369 2744 De
389 2713 460 2754 lege
490 2712 579 2755 regia
594 2722 722 2754 quoque
738 2711 865 2754 plenius
894 2711 999 2744 noster
1026 2710 1096 2753 egit
1113 2711 1147 2744 in
1168 2711 1207 2745 li-

197 2756 260 2789 bro
277 2758 314 2788 de
331 2758 476 2788 Romam
503 2758 646 2798 Imperio
661 2768 686 2788 c.
702 2757 854 2799 23.seqq.
883 2755 946 2790 Sed
962 2765 1028 2787 non
1047 2756 1121 2788 ideo
1142 2757 1201 2790 mi-

191 2812 251 2834 nus
269 2800 426 2834 notabilis
443 2800 511 2832 haec
524 2800 563 2833 de
579 2811 615 2832 ea
629 2800 787 2833 trastatio
813 2802 857 2833 est
873 2823 883 2838 ‚
911 2800 945 2832 in
963 2800 1081 2842 primis
1129 2812 1205 2843 pro-

195 2855 272 2889 pter
285 2847 418 2878 litteras
436 2844 598 2883 fabrati,
622 2845 656 2876 in
671 2846 734 2877 fine
747 2845 856 2884 operis
872 2843 1032 2881 subiestas
1047 2867 1058 2883 ,
1084 2847 1205 2889 quibus

193 2892 222 2924 is
237 2891 329 2924 suum
356 2892 387 2923 8(
403 2888 563 2923 Francisci
582 2888 755 2921 Blanchini
772 2888 928 2926 judicium
949 2888 988 2921 de
1004 2893 1108 2923 veteri
1131 2890 1204 2928 eius

191 2936 382 2979 fragmento
399 2935 534 2969 exhibet
550 2954 560 2972 ‚
592 2933 688 2976 idque
703 2944 720 2965 a
737 2933 893 2967 νος-θεας
906 2933 1085 2975 suspicione
1117 2936 1203 2969 libe-

188 2988 240 3014 rat
257 3003 264 3011 .
287 2981 392 3013 Potest
408 2990 492 3013 vero
510 2980 539 3012 8<
559 2977 635 3012 huic
650 2977 839 3020 fragmento
859 2977 932 3010 suus
947 2978 1059 3011 haberi
1079 2979 1198 3020 honos,

193 3027 223 3059 ἃ
241 3025 406 3068 Ulpianus
423 3024 583 3058 mendacii
601 3023 652 3056 vel
684 3022 882 3056 adulationis
897 3022 1022 3055 absolvi
1038 3046 1047 3060 ,
1075 3025 1095 3057 fi
1113 3025 1201 3058 dica-

195 3082 295 3109 mus·
325 3071 519 3114 potestatem
554 3068 745 3110 Principum
773 3089 783 3104 .,
811 3066 1014 3110 pedetentim
1041 3068 1122 3102 dein
1143 3081 1200 3103 au-

198 3116 288 3150 ssam
308 3135 319 3151 s
350 3115 512 3148 Antonini
546 3113 612 3151 jam
640 3113 818 3147 caracallae
845 3123 917 3145 aevo
943 3123 983 3145 eo
1008 3115 1196 3153 excrevisse,

200 3170 241 3198 ,ut
270 3158 321 3198 ius
349 3171 449 3195 omne
465 3159 580 3204 populi
606 3157 884 3202 complecteretur
898 3179 911 3200 ,
934 3158 992 3203 qui
1006 3157 1127 3194 dudum
1141 3160 1198 3194 ob-

1262 182 1397 248 li‘num
1422 217 1434 239 ‚
1479 187 1585 242 quod
1620 188 1720 246 legis
1756 190 1897 246 Regiae
1929 188 2101 236 nomine
2133 191 2283 248 produ?

1263 254 1391 285 citur.
1427 247 1483 286 Ea
1515 244 1656 299 enim,
1691 248 1732 291 ni
1768 247 1889 290 fallor
1916 280 1928 300 ‚
1959 261 2044 291 erat
2077 250 2286 304 recensio,

1262 299 1306 341 8<
1337 303 1597 344 enumeratio
1630 303 1879 359 singularum
1914 305 2160 350 facultatum
2191 340 2202 362 ,
2235 323 2285 351 ex

1265 355 1461 421 susceptis·
1488 360 1786 416 magistratibus
1828 364 1870 406 in
1919 364 2153 419 Principem
2199 366 2285 409 im-

1266 428 1540 469 migrantium
1574 436 1580 458 :
1630 435 1718 475 quae
1752 421 1915 474 publico
1947 422 2087 476 populi
2133 438 2281 466 monu-

1267 486 1411 515 mento
1441 474 1781 537 consecrabantur
1809 511 1817 520 .
1852 479 1971 534 Quod
1994 479 2178 533 Augusto
2201 480 2287 535 pri-

1266 545 1382 572 mum
1411 532 1638 594 tributum,
1673 535 1971 579 translatitium
2003 537 2146 580 deinde
2180 536 2282 580 fuis·

1268 585 1302 629 se
1335 587 1544 653 arbitror:
1579 604 1698 648 atque
1744 593 1792 635 ad
1829 593 2035 649 sequentes
2070 593 2280 649 Principes

1265 643 1500 690 descendisse
1521 678 1531 691 .
1566 650 1662 693 Ideo
1696 650 1872 705 legimus
1919 650 1961 692 in
1996 650 2071 694 hac
2108 651 2246 694 tabula
2272 683 2285 706 ,

1268 701 1513 756 Vespasiano
1547 707 1689 750 eadem
1723 708 1874 750 tributa
1914 707 2023 750 fuisse
2056 739 2068 761 ‚
2099 724 2188 764 quae
2224 710 2278 751 D.

1270 760 1448 814 Augusto
1473 793 1486 816 ,
1521 764 1694 807 Tiberio
1717 797 1729 818 ,
1761 764 1802 807 &
1837 764 2015 807 Claudio
2039 796 2048 806 .
2091 767 2290 820 Quamo-

1268 815 1381 861 brem
1424 834 1498 862 nec
1541 821 1626 864 falfi
1669 822 1956 865 damnaverim
2001 821 2284 876 fragmentum

1265 873 1344 918 hoc
1371 907 1382 930 ,
1413 876 1520 933 quod
1552 895 1636 922 non
1670 879 1760 922 satis
1802 880 2023 936 prudenter
2063 879 2191 935 aliqui
2227 879 2286 924 fe-

1265 946 1440 976 cerunt:
1477 951 1574 980 cum
1605 937 1782 981 distione
1810 971 1821 992 ,
1858 937 2052 993 scriptura
2074 969 2086 990 ,
2130 937 2174 980 ἃ
2207 953 2283 981 ηο-

1265 1002 1401 1035 tarum
1426 991 1689 1038 lineamentis
1713 995 2017 1045 convincantur
2035 995 2182 1038 erroris
2210 994 2282 1039 sui:

1264 1061 1310 1092 ut
1359 1049 1438 1091 duo
1488 1052 1718 1095 nostrorum
1770 1064 2005 1107 temporum
2062 1053 2285 1096 clarissima

1266 1109 1466 1149 Romanae
1496 1108 1753 1164 antiquitatis
1786 1109 1946 1152 lumina
1971 1109 2235 1153 observarunt
2270 1141 2284 1164 ‚

1263 1163 1485 1208 Blanchius
1515 1198 1527 1220 ‚
1570 1166 1612 1209 ὃς
1647 1168 1858 1210 Fabrettus
1889 1198 1901 1220 ‚
1946 1182 2124 1221 quorum
2171 1166 2280 1209 telli-

1263 1222 1456 1264 monium
1506 1224 1553 1267 ad
1587 1223 1705 1275 hujus
1756 1224 1851 1267 libri
1899 1238 2137 1267 extremum
2183 1222 2284 1275 adji-

1264 1278 1452 1322 ciemus:
1500 1283 1648 1337 Neque
1682 1281 1760 1324 hoc
1792 1282 1954 1324 decreto
1986 1295 2158 1325 exutum
2192 1297 2284 1336 per-

1265 1348 1384 1391 petuo
1438 1335 1549 1381 fuisse
1596 1340 1786 1393 potestate
1822 1339 1884 1382 sua
1930 1338 2125 1393 populum
2161 1370 2172 1389 ‚
2217 1351 2280 1382 at·

1263 1409 1340 1449 que
1374 1395 1568 1438 Senatum
1601 1397 1920 1440 existimaverim
1951 1412 1961 1449 3
2008 1409 2050 1438 ut
2084 1396 2289 1439 assentan-

1262 1450 1301 1493 di
1357 1451 1485 1495 studio
1530 1453 1740 1508 Ulpianus
1782 1486 1793 1507 ,
1849 1466 1919 1497 aut
1962 1453 2247 1496 Tribonianus
2275 1484 2284 1496 .

1263 1521 1352 1551 uter
1394 1525 1537 1554 eorum
1571 1511 1692 1555 suerit
1722 1543 1734 1565 ‚
1779 1514 1795 1564 (
1827 1511 1847 1532 '⁵
1877 1512 1895 1562 )
1949 1509 2239 1565 interpretatur
2270 1541 2284 1566 ,

1263 1579 1405 1609 contra
1438 1568 1630 1611 omnium
1677 1581 1909 1623 temporum
1938 1599 1950 1621 ‚
1993 1581 2113 1623 atque
2147 1584 2288 1612 rerum

1263 1624 1462 1679 gestarum
1495 1626 1730 1669 testimonia
1759 1642 1768 1666 z
1803 1625 1947 1680 quibus
1981 1626 2132 1679 populo
2161 1657 2173 1678 ‚
2221 1637 2289 1683 at<

1264 1697 1339 1736 que
1372 1684 1539 1726 Senatui
1589 1682 1649 1734 jus
1691 1681 1999 1738 magistratuom
2021 1714 2035 1735 ‚
2075 1682 2118 1725 ὅ(
2150 1682 2287 1727 comi-

1263 1739 1416 1783 tiorum
1449 1740 1670 1784 asseritur.
1719 1739 1806 1795 Ipse
1857 1755 2035 1794 namque
2077 1739 2176 1782 ordo
2220 1739 2289 1783 di-

1261 1797 1470 1852 gnitatum
1492 1830 1503 1851 ‚
1530 1810 1651 1854 atque
1691 1813 1942 1850 munerum,
1972 1796 2118 1852 quibus
2165 1796 2284 1840 Prin-

1261 1869 1352 1911 ceps
1385 1855 1676 1908 muniebatur,
1709 1856 1852 1908 docet‚
1886 1854 2000 1897 nulla
2033 1855 2113 1897 fixa
2139 1886 2152 1907 ,
2184 1870 2277 1898 cer-

1262 1925 1382 1968 taque
1404 1945 1415 1965 ‚
1450 1929 1495 1955 ac
1528 1925 1719 1968 perpetua
1751 1912 1840 1969 lege
1868 1928 1880 1965 3
1915 1912 1975 1955 sed
2011 1910 2279 1966 suscipiendo-

1261 1986 1352 2013 rum
1371 1970 1609 2013 auctoritate
1626 1970 1935 2025 magistratuum
1970 1969 2150 2024 Principi
2173 1968 2285 2012 sum-

1262 2043 1373 2070 mam
1414 2027 1652 2082 potestatem
1706 2027 1780 2071 effe
1827 2025 2068 2081 patefa&am
2107 2057 2120 2079 ,
2164 2041 2283 2070 eam*

1259 2100 1335 2140 que
1368 2084 1494 2127 futuri
1529 2084 1757 2127 testimonii
1792 2084 1923 2140 gratia
1958 2084 1998 2126 in
2022 2098 2292 2128 monumen-v

1261 2154 1349 2184 tum
1393 2141 1473 2184 hoc
1505 2174 1516 2194 ‚
1561 2142 1668 2197 quod
1701 2141 1801 2197 legis
1845 2142 1987 2197 Regiae
2030 2156 2183 2185 nomen
2227 2141 2279 2184 ab

1259 2198 1536 2241 adulatoribus
1561 2199 1683 2250 tulit,
1717 2214 1813 2242 cum
1847 2198 1926 2241 suis
1959 2198 2146 2252 gradibus
2178 2197 2275 2241 fuis-

1260 2256 1294 2298 se
1325 2255 1568 2310 descriptam
1593 2288 1602 2297 .
1636 2258 1726 2299 Cur
1759 2255 1872 2299 enim
1906 2255 2160 2298 nominatim
2185 2287 2197 2307 ‚
2231 2271 2279 2300 ac

1260 2312 1418 2356 seorsim
1470 2312 1624 2368 singula
1673 2327 1844 2355 munera
1883 2312 2126 2365 Imperatori
2170 2312 2278 2355 dese-

1259 2371 1452 2414 rebantur
1478 2401 1489 2423 ‚
1534 2369 1561 2412 fi
1606 2368 1667 2413 vis
1697 2385 1839 2412 earum
1893 2368 1973 2425 ipsa
2007 2369 2277 2424 Imperatoris

2130 2443 2219 2483 per·

1477 2507 1579 2517 ..--—

1739 2506 2055 2520 W—

1265 2540 1345 2573 litus
1367 2540 1489 2573 veteris
1520 2545 1646 2584 Regum
1677 2539 1773 2578 odii,
1801 2551 1904 2583 neque
1923 2540 2001 2583 legis
2029 2540 2124 2582 regiae
2152 2549 2274 2572 nomen

1267 2586 1412 2627 amplius
1443 2584 1615 2618 fastidierit
1633 2607 1641 2616 .
1669 2588 1749 2627 Quae
1774 2584 1935 2618 sententia
1966 2589 2017 2627 Jo.
2037 2587 2087 2615 Fr.
2107 2585 2272 2618 Gronovii

1267 2629 1331 2662 suit
1352 2651 1362 2669 ‚
1386 2640 1485 2672 quam
1516 2630 1614 2663 hodie
1643 2641 1772 2673 quoque
1797 2630 1944 2674 plerique
1973 2631 2170 2673 sequuntur.
2198 2629 2273 2661 Alia

1268 2675 1396 2707 ratione
1417 2677 1493 2707 Ger.
1513 2675 1684 2708 Noodtius
1702 2674 1776 2716 Obfi
1801 2686 1827 2706 1.
1850 2685 1879 2714 3·
1910 2675 1998 2708 hunc
2023 2673 2144 2706 nodum
2167 2673 2272 2706 solve-

1267 2720 1322 2753 bat
1340 2743 1350 2756 ,
1378 2720 1407 2751 8(
1437 2719 1536 2752 verba
1565 2721 1732 2761 Ulpiani:
1760 2723 1899 2763 popular
1925 2722 1955 2751 eu·
1982 2719 2069 2750 &in
2096 2729 2166 2749 eum
2179 2727 2272 2749 omne

1259 2765 1360 2806 suum
1374 2765 1547 2805 imperium
1567 2763 1606 2796 (θ’
1620 2764 1809 2806 potestatem
1833 2767 1978 2806 conferat
1991 2785 2002 2801 ‚
2030 2763 2272 2804 interpretaba-

1263 2818 1319 2842 tur
1333 2807 1372 2841 de
1388 2807 1548 2841 facultate
1565 2808 1728 2841 condendi
1758 2808 1838 2844 juris
1854 2809 1888 2840 in
1913 2807 2077 2848 rescriptis
2093 2829 2103 2842 .
2128 2806 2271 2841 decretis

1264 2855 1295 2886 δι
1311 2852 1427 2886 ediffis
1447 2875 1452 2880 -
1484 2855 1607 2884 Verum
1626 2852 1695 2885 hnc
1717 2851 1811 2884 facile
1841 2852 1873 2883 in
1888 2852 2082 2884 sententiam
2104 2853 2268 2886 Gronovii

1263 2898 1495 2932 resolvuntur.
1529 2896 1621 2931 Idem
1652 2896 1820 2929 Noodtius
1845 2907 1972 2939 quoque
1998 2898 2041 2929 ad
2068 2899 2170 2930 Pand.
2191 2898 2267 2930 Li.

1264 2944 1357 2981 n't.3.
1376 2950 1466 2985 μη.
1487 2941 1518 2974 id
1537 2949 1668 2974 tantum
1684 2942 1726 2974 ab
1741 2941 1891 2983 Ulpiano
1914 2942 1978 2973 dici
2005 2943 2040 2974 in
2055 2945 2149 2979 L·3¹-
2169 2946 2209 2974 D⁴
2228 2943 2267 2975 dc

1228 3018 1231 3024 ,
1262 2986 1394 3031 legibus
1410 2986 1581 3020 contendit
1599 3010 1608 3025 ,
1638 2986 1822 3028 principem
1848 2986 2019 3029 legeJulia
2051 2988 2080 3019 ἃ
2105 2988 2202 3029 Papia
2215 2987 2262 3019 so-

1267 3034 1377 3066 lutum
1395 3033 1456 3065 esse
1469 3055 1478 3071 ,
1510 3031 1606 3073 idque
1635 3030 1762 3073 plenius
1788 3031 1927 3064 illustrat
1956 3031 2028 3074 d'ff
2046 3034 2083 3064 de
2096 3032 2165 3070 jun
2176 3032 2268 3072 sum-

1270 3079 1319 3110 mi
1346 3077 1480 3118 imperii
1495 3100 1504 3115 ‚
1524 3077 1552 3108 &
1571 3075 1677 3107 Liba.
1693 3075 1756 3116 obs.
1777 3087 1800 3108 c·
1819 3085 1848 3114 3·
1865 3076 1903 3109 Θ·
1916 3088 1949 3118 4.
1975 3087 2045 3121 quae
2059 3076 2220 3112 sententia
2233 3077 2264 3109 8:

1276 3122 1428 3158 Gravinae
1442 3121 1551 3156 verior
1568 3119 1704 3155 videtur
1717 3121 1752 3155 in
1769 3120 1853 3164 seqq.

2515 2506 2518 2534 „-
2516 2487 2517 2490 „
2511 1699 2524 2460 -wffl——q‘mssm-k,
2520 1667 2522 1686 n
2522 1474 2524 1476 ι
