2596 3479
484 48 611 98 DE
694 42 1857 98 SENATUSCONSULTIS.

144 121 373 174 occiderit,
408 120 589 163 bominis
622 132 760 162 tamen
791 116 998 161 occidendi
1034 148 1048 170 ,
1094 115 1181 160 fur·
1231 132 1353 172 poena
1384 116 1697 171 comprehendit
1727 134 1871 161 omnes
1903 151 1911 162 .

146 182 229 223 rive
273 178 446 222 faciendi
478 177 591 220 caus-a
625 191 718 218 cum
751 174 835 217 telo
868 173 1173 217 ambulaverit.

143 237 227 289 [a]
262 239 343 280 Lex
374 236 487 280 enim
521 234 605 276 haec
637 232 754 275 unice
787 231 925 274 dolum
954 231 1173 274 ulciscitur:

146 295 250 336 unde
296 309 424 349 neque
456 290 602 335 caedem
636 289 755 344 punit
788 321 803 342 ,
853 288 967 331 nullo
1001 288 1169 331 interve-

145 351 285 394 niente
318 350 412 393 dolo
439 379 451 401 ‚
483 346 609 390 veluti
646 346 671 388 si
703 345 815 397 cujus
846 361 971 388 manu
1004 346 1092 388 casu
1119 357 1179 388 te-

145 407 233 452 lum
264 404 488 451 evolaverit
520 420 532 456 3
581 403 673 454 (b)
707 419 835 458 neque
868 402 1007 445 dolum
1040 402 1177 446 remit—

146 465 197 507 tit
239 496 252 518 ,
299 464 377 516 [⁸²]
412 461 437 503 s1
470 476 553 503 non
587 459 815 514 processerit
853 477 867 500 .·
918 461 962 502 ὅζ
993 460 1180 515 quamvis

145 521 260 564 nulla
290 521 413 562 caedes
445 517 713 561 intervenerit
734 547 745 567 ,
777 517 892 560 caedis
924 531 1062 559 tamen
1082 532 1179 560 con-

148 578 281 620 silium
310 577 425 630 punit
446 608 458 618 .
492 578 531 617 ls
554 574 666 618 enim
691 575 844 616 Graecis
866 574 918 616 est
945 574 1179 627 homicida,

143 634 213 689 qui
247 634 394 677 caedem
419 633 562 675 animo
588 630 770 674 intendit
807 661 820 682 ,
871 630 943 672 nisi
974 632 1061 685 quis
1094 643 1178 673 tarn

145 691 308 734 remisse
333 692 474 746 aliquo
503 690 546 732 in
571 703 690 743 opere
722 687 897 730 versetur
921 719 933 740 ,
966 701 1008 730 ut
1040 704 1180 731 curam

145 748 330 804 negligat
362 747 503 790 alienae
527 746 648 789 vitae:
683 744 807 787 veluti
831 745 857 786 si
879 757 1063 799 potator,
1085 761 1182 788 curn

145 822 307 848 ramum
339 821 390 849 ex
419 805 560 848 arbore
591 802 777 854 dejiceret
802 834 817 856 ‚
859 815 952 844 ante
998 817 1079 844 non
1112 802 1174 844 ad-

146 863 356 906 monuerit
382 894 394 915 ,
439 874 483 904 ut
517 872 803 916 praetereuntes
831 872 1022 902 caverent
1054 876 1062 899 ε
1114 860 1182 901 da-

145 933 314 963 mnatur
345 919 458 962 enim
492 918 535 961 in
568 917 783 960 metallum
804 949 814 968 ‚
853 915 880 958 fi
912 931 1045 960 ramus
1075 916 1182 958 deci—

144 977 242 1019 dens
274 976 456 1032 aliquem
486 974 679 1018 occiderit
715 1006 727 1027 ‚
779 972 842 1017 sed
886 988 971 1016 non
1014 989 1065 1017 ex
1095 972 1182 1027 lege

145 1034 346 1076 Cornelia
378 1066 387 1076 .
441 1034 457 1084 (
484 1049 502 1074 c
529 1034 546 1083 )
577 1032 672 1084 [**]
706 1032 852 1085 Neque
887 1046 956 1085 per
987 1031 1093 1073 hanc
1127 1031 1180 1072 le-

144 1107 239 1147 gem
272 1091 365 1134 dolo
399 1087 480 1132 lata
511 1088 628 1143 culpa
661 1099 952 1142 comparatur:
988 1088 1045 1130 sed
1075 1087 1180 1142 quod

145 1165 196 1191 ex
240 1148 321 1190 lata
365 1147 483 1201 culpa
527 1146 761 1201 processerit
793 1177 804 1198 ,
848 1159 962 1188 extra
994 1145 1180 1187 ordinem

1962 121 2037 175 (f)
2080 69 2274 181 (3ωέἕυῖ

1231 174 1482 230 sequentibus
1529 175 1779 230 temporibus
1829 192 2047 231 poenarum
2091 183 2270 228 varietas

1232 233 1311 288 legi
1343 232 1550 275 Corneliae
1579 232 1786 276 accesserit
1822 249 1834 286 ;
1884 234 1972 276 ideo
2014 253 2080 280 eas
2122 255 2267 285 omnes

1228 306 1277 333 ex
1311 288 1401 344 lege
1430 289 1628 333 Cornelia
1660 290 1895 335 descendere
1917 292 2165 343 Justinianus
2186 310 2269 341 tra-

1229 347 1289 389 dit
1326 362 1335 387 z
1391 345 1636 403 plerumque
1663 347 1779 390 enim
1812 364 1898 404 quae
1929 349 2132 394 adduntur
2165 353 2267 410 legi-

1230 404 1300 446 bus
1328 435 1340 456 ,
1385 414 1581 459 tanquam
1626 420 1720 447 cum
1754 405 1848 460 ipsis
1878 405 2032 462 legibus
2062 422 2152 452 orta
2184 424 2269 454 tra-

1228 461 1380 503 duntur
1407 492 1418 514 ‚
1464 473 1507 502 ut
1552 461 1666 516 supra
1710 463 1950 506 monuimus
1976 496 1988 506 .
2029 467 2117 522 (g)
2152 467 2268 522 Legis

1232 517 1347 567 huius
1378 518 1555 561 alterum
1587 529 1708 573 caput
1737 519 1791 562 est
1821 520 1867 563 de
1902 523 2092 566 veneficis
2122 555 2134 575 ,
2180 541 2270 568 ma·

1231 575 1356 618 leficis
1378 606 1391 627 ‚
1438 575 1483 618 ὃς
1512 575 1809 619 divinatoribus
1833 609 1845 630 ‚
1889 580 1998 634 quod
2029 596 2053 623 a
2086 582 2270 625 Marcia-

1231 648 1284 674 no
1327 633 1413 685 (h)
1455 632 1602 688 quinto
1643 633 1826 688 capitum
1861 650 2031 679 numero
2063 639 2230 693 ponitur
2262 671 2273 683 .

1230 691 1293 732 Eo
1325 689 1439 732 enim
1474 689 1652 733 crebrius
1684 691 1877 736 homines
1907 694 2076 738 venenis
2106 712 2152 740 ac
2182 712 2272 740 ma-

1232 747 1278 789 lis
1327 746 1558 798 hujusmodi
1607 747 1758 791 artibus
1794 780 1806 802 ‚
1851 765 1975 805 quam
2020 752 2157 808 gladio
2202 769 2270 808 pe-

1230 817 1385 857 reunt3
1429 805 1537 860 quod
1576 806 1627 848 ab
1667 805 1841 849 occultis
1888 806 2097 853 sceleribus
2139 824 2272 866 poenae

1231 861 1319 904 sunt
1354 862 1594 905 remotiores
1631 878 1644 915 3
1694 863 1876 906 Romani
1919 880 2019 908 vero
2047 878 2270 923 antequam

1232 919 1474 973 primaevam
1506 919 1638 974 gentis
1672 919 1924 965 honestatem
1957 924 2179 978 peregrinis
2208 925 2270 968 vi-

1230 975 1302 1018 ciis
1344 975 1388 1018 &
1429 975 1605 1020 aliarum
1638 977 1857 1021 nationum
1889 982 2141 1024 commercio
2174 982 2264 1038 pol-

1232 1033 1429 1086 luissent,
1463 1033 1594 1086 ignari
1628 1034 1696 1077 diu
1730 1050 1812 1077 non
1846 1036 1971 1079 modo
2003 1053 2218 1091 poenarum
2250 1069 2265 1092 ‚

1232 1090 1291 1132 sed
1323 1090 1363 1132 &
1397 1090 1624 1133 criminum
1656 1091 1780 1134 etiarn
1815 1091 1925 1136 fuere
1957 1094 2103 1138 talium
2135 1127 2146 1138 .
2177 1096 2273 1139 Un-

1230 1146 1274 1188 de
1317 1162 1414 1190 cuin
1457 1147 1634 1191 crimine
1665 1163 1850 1193 carerent
1875 1181 1888 1203 ‚
1931 1150 1999 1193 diu
2042 1153 2168 1195 etiam
2201 1153 2272 1195 ab·

145 1205 304 1248 mitiori
339 1219 469 1260 poenae
503 1202 707 1254 subjicitur
739 1235 748 1244 .
792 1203 918 1245 Cavit
960 1203 1085 1246 etiam
1118 1201 1181 1243 lex
1205 1226 1208 1257 4
1231 1203 1401 1246 stinuere
1434 1205 1613 1247 remedio
1649 1222 1660 1246 t
1706 1221 1835 1261 neque
1869 1223 2122 1252 venenorum
2155 1226 2266 1264 quat-

148 1263 347 1305 Cornelia
392 1273 533 1304 contra
585 1261 713 1302 servos
747 1259 939 1314 fugitivos
979 1291 990 1311 ,
1040 1259 1066 1301 si
1102 1259 1183 1313 post
1205 1259 1208 1333 4
1231 1261 1400 1303 stionern
1445 1262 1707 1305 instituerunt
1738 1277 1834 1306 ante
1864 1280 2020 1309 annum
2057 1268 2104 1308 A.
2137 1268 2268 1310 U.C.

144 1332 324 1362 mortem
377 1317 537 1361 domini
580 1317 721 1372 sugam
764 1317 1004 1370 capesserint
1043 1347 1054 1368 ‚
1102 1332 1182 1371 quo
1204 1336 1208 1353 τ
1233 1319 1461 1362 DCXXlI.
1494 1319 1546 1360 C.
1582 1319 1750 1361 Valerio
1781 1321 1952 1374 Flacco,
1984 1323 2026 1364 ὃς
2057 1324 2121 1365 Μ.
2143 1324 2274 1367 Clau-

143 1378 407 1432 quaestionem
438 1375 695 1418 elaberentur
720 1391 729 1414 :
765 1373 1030 1428 attribuitque
1062 1388 1179 1416 accu-
1204 1355 1208 1413 l
1230 1373 1295 1416 dio
1327 1374 1529 1417 Marcello
1559 1375 1674 1418 Coss.
1707 1392 1789 1432 quo
1821 1389 2005 1432 tempore
2027 1381 2156 1434 patuit
2180 1396 2267 1435 per-

144 1434 260 1476 satori
292 1433 471 1488 quinque
504 1447 644 1473 aureos
675 1446 725 1472 ex
758 1430 878 1472 bonis
902 1430 1020 1473 occisi
1042 1430 1084 1472 in
1106 1429 1180 1472 fin·
1205 1416 1208 1496 ξ
1232 1432 1380 1474 niciosa
1414 1431 1519 1474 fraus
1551 1432 1775 1476 mulierum
1813 1465 1826 1487 ‚
1870 1451 1960 1490 quae
2001 1436 2162 1480 occulte
2196 1452 2266 1492 per

143 1490 258 1546 gulos
283 1521 295 1541 ,
327 1505 427 1544 quos
458 1487 684 1533 convicerit
717 1487 844 1530 servos
871 1519 882 1539 ,
931 1486 1000 1542 qui
1035 1488 1182 1530 caedem
1205 1500 1207 1541 ζ
1231 1501 1360 1531 totam
1394 1489 1571 1545 serpebat
1604 1491 1744 1533 urbem
1779 1522 1787 1532 .
1832 1493 1898 1534 Ad
1941 1498 2064 1548 quam
2099 1494 2266 1537 investi-

140 1546 391 1590 admisissent
417 1562 426 1585 t
471 1561 516 1587 ac
550 1545 575 1586 si
609 1555 747 1598 aperto
781 1544 1021 1586 testamento
1051 1545 1180 1587 domi-
1205 1549 1207 1597 l
1229 1546 1403 1601 gandam
1448 1546 1611 1590 ancillae
1639 1547 1796 1591 indicio
1825 1549 2081 1605 magistratus
2114 1551 2269 1595 excita·

142 1604 186 1647 ni
220 1598 318 1646 servi
355 1603 476 1645 iidem
512 1601 627 1644 liberi
661 1600 755 1644 faeti
789 1600 1057 1644 inveniantur
1088 1634 1099 1654 ,
1130 1619 1182 1645 ex
1232 1603 1261 1645 ti
1291 1635 1304 1656 ,
1348 1616 1553 1646 matronas
1585 1605 1687 1659 ipsas
1718 1605 1932 1661 participes
1966 1607 2109 1651 nefarii
2149 1609 2268 1652 scele-

143 1660 322 1704 viricul-is
352 1660 511 1703 causam
543 1660 674 1702 dicere
707 1671 911 1713 coguntur
937 1691 951 1712 ‚
981 1659 1182 1703 convifiii-
1205 1699 1207 1717 ζ
1233 1661 1283 1703 ris
1315 1660 1562 1704 invenerunt
1592 1695 1603 1704 .
1646 1664 1830 1716 Quarum
1880 1680 1975 1707 cum
2007 1665 2163 1721 aliquot
2195 1681 2265 1712 ne-

144 1734 221 1773 que
274 1718 372 1761 servi
421 1718 653 1772 puniuntur
683 1748 696 1768 ‚
738 1716 781 1757 ἃ
824 1717 892 1771 qui
928 1717 1373 1778 convicerintjgarent
1397 1750 1411 1771 ,
1454 1734 1578 1774 eaque
1614 1735 1770 1763 venena
1805 1736 1888 1763 non
1918 1722 1966 1764 ad
1999 1722 2223 1777 perniciem
2256 1753 2267 1773 ‚

138 1775 262 1818 denos
295 1790 435 1817 aureos
468 1775 625 1827 praemii
656 1789 679 1815 a
710 1773 891 1815 damnati
928 1774 1043 1816 bonis
1076 1774 1180 1816 acci·
1204 1783 1206 1786 '
1231 1775 1291 1817 sed
1333 1775 1380 1817 ad
1422 1779 1660 1819 morborum
1704 1779 1959 1832 quorundam
2006 1781 2265 1823 curationem

139 1832 260 1888 piunt
282 1864 290 1873 .
324 1833 412 1883 (d)
446 1833 571 1873 Poena
604 1846 699 1873 vero
731 1844 826 1872 nata
859 1847 953 1873 cum
989 1831 1067 1885 ipsa
1095 1831 1180 1886 lege
1231 1846 1367 1887 parata
1421 1834 1705 1887 responderent
1737 1866 1751 1887 ‚
1815 1835 1932 1890 idque
1987 1836 2267 1891 impudentius

137 1888 338 1932 Cornelia
369 1887 600 1930 interdiRiO
632 1887 711 1930 fuit
737 1903 847 1943 aquae
879 1887 922 1930 ὃς
943 1888 1077 1941 ignis3
1111 1905 1178 1942 po·
1230 1889 1527 1945 perseverarent
1553 1907 1565 1944 3
1610 1892 1744 1934 bibere
1776 1891 2147 1946 coafiiaefimudem
2180 1911 2272 1949 pro-

142 1946 218 1988 stea
269 1946 497 1999 deportatio
545 1945 588 1988 in
643 1944 888 1988 sublimioris
932 1946 1181 1988 conditionis
1228 1947 1314 2002 pria
1346 1961 1477 1991 morte
1513 1948 1806 2004 prodiderunt.
1838 1952 1915 2001 (i)
1948 1950 2076 2001 Cujus
2109 1951 2265 1995 sceleris

143 2002 370 2046 homines:
417 2004 460 2044 in
506 2003 790 2046 conditionem
829 2018 924 2044 vero
959 2003 1134 2045 mediam
1168 2035 1180 2056 ,
1229 2015 1394 2047 centum
1454 2006 1497 2047 δι
1546 2006 1796 2061 septuaginta
1853 2007 2056 2050 damnatae
2104 2007 2270 2052 fuerunt

142 2075 261 2115 poena
278 2059 442 2113 capitis:
477 2057 523 2101 in
543 2059 731 2103 infimam
754 2090 765 2112 ‚
787 2061 894 2102 cruci
915 2061 1077 2112 affixio,
1112 2074 1182 2103 aut
1231 2061 1424 2105 mulieres
1446 2094 1454 2103 .
1489 2064 1569 2117 Qui
1603 2063 1714 2106 sexus
1745 2063 1792 2105 ad
1825 2064 1978 2107 rabiem
2012 2065 2181 2120 pronior
2212 2065 2273 2108 vi-

144 2118 191 2160 ad
233 2116 372 2159 bestias
402 2116 614 2159 damnatio
641 2148 650 2158 .
696 2119 775 2169 (e)
814 2117 1006 2160 Tandem
1039 2118 1182 2174 capitis
1231 2121 1338 2163 ribus
1368 2133 1512 2163 exutus
1537 2151 1550 2173 ,
1592 2121 1635 2163 ὃς
1667 2119 1853 2165 libertate
1881 2153 1894 2175 ‚
1939 2137 2024 2164 non
2055 2122 2208 2166 mirum
2243 2122 2270 2165 fi

1823 2196 1832 2203 ·
2237 2181 2278 2223 se

150 2251 1175 2264 --fi———n———nu—--ss———m
1239 2255 2275 2269 ffl————--——n.—-——-

187 2333 270 2372 (a)
296 2332 398 2366 Pauli.
416 2332 603 2375 lt'b.⁴5.J‘entv
625 2334 738 2371 eit.23.

186 2377 265 2416 (b)
283 2381 353 2409 Lm
376 2380 404 2420 §-
420 2378 568 2422 divusff.
591 2379 656 2411 eod.
673 2377 777 2411 Paull.
796 2377 891 2417 libus.
903 2379 989 2419 sent·
1006 2377 1180 2417 tit-234⁴&

140 2421 249 2460 eujac.

184 2466 436 2507 (⁴⁸)Notabi1e
473 2467 536 2500 hoc
559 2474 656 2510 caput
695 2468 775 2511 legis
815 2467 976 2501 Corneliae
1007 2467 1047 2501 de
1085 2469 1163 2503 Sica

141 2511 229 2550 riis,
271 2523 341 2555 quo
393 2511 580 2546 voluntatis
618 2512 719 2545 etiam
756 2523 888 2554 poenam
938 2513 1086 2555 patitur,
1123 2516 1176 2558 qui

137 2565 272 2590 crioenta
302 2565 413 2589 mente
453 2568 532 2600 pura
572 2568 671 2590 manu
709 2558 831 2590 caedem
869 2566 999 2591 tantum
1041 2560 1163 2593 medita

138 2602 192 2634 t'us
218 2603 262 2635 est
287 2625 293 2632 .
343 2602 481 2636 Proinde
506 2604 528 2636 fi
553 2603 626 2646 quis
652 2614 691 2635 ex
718 2602 839 2636 aedibus
866 2603 1050 2645 prosiluerit
1075 2616 1165 2638 arma
1234 2607 1282 2639 sed
1319 2605 1434 2637 dolum
1476 2615 1605 2639 coercet
1628 2629 1639 2646 ‚
1685 2617 1786 2649 neque
1825 2619 1864 2639 ex
1908 2608 1976 2649 lege
2002 2607 2132 2651 aquilia
2161 2630 2172 2646 ‚
2198 2607 2274 2650 quia

136 2655 188 2679 tus
227 2647 267 2679 ad
306 2647 525 2680 occidendum
605 2658 792 2690 quanquam
834 2650 914 2681 vitae
957 2650 1071 2682 alienae
1109 2659 1165 2683 tan
1234 2660 1328 2693 eaput
1365 2649 1435 2687 ejus
1473 2650 1512 2683 de
1552 2652 1688 2684 homine
1714 2652 1819 2684 occiso
1844 2662 1974 2685 tantum
1999 2652 2038 2684 ad
2065 2653 2176 2685 servos
2204 2663 2274 2694 per-

136 2699 208 2725 tum
235 2691 403 2726 insidiatus
428 2694 473 2726 est
502 2715 512 2731 ‚
556 2693 640 2735 legis
677 2693 838 2726 Corneliae
881 2704 952 2726 reus
976 2696 1019 2726 est
1050 2717 1060 2733 ,
1102 2696 1123 2727 si
1151 2695 1182 2727 id
1205 2702 1211 2743 ξ
1233 2698 1318 2730 tinet
1349 2717 1361 2735 ‚
1403 2705 1470 2728 non
1495 2696 1534 2729 ad
1559 2696 1710 2729 homines
1735 2697 1858 2730 liberos
1884 2718 1894 2736 ,
1934 2698 1989 2740 qui
2029 2697 2179 2730 aestimari
2218 2707 2276 2729 ne-

141 2736 321 2777 perfecisset
353 2761 363 2775 ,
404 2737 462 2771 nifi
505 2738 678 2780 prudentia
714 2738 852 2770 alterius
892 2739 943 2771 vel
969 2740 1056 2771 casus
1081 2741 1180 2773 consi-
1233 2748 1381 2785 queunt.

140 2781 223 2815 lium
249 2781 318 2818 eius
345 2782 530 2816 inhibuisset
559 2805 567 2813 .
614 2783 720 2816 Habet
749 2783 780 2815 id
810 2794 985 2816 commune
1010 2796 1084 2818 cum
1110 2786 1183 2817 aliis
1284 2787 1336 2827 [d]
1365 2786 1487 2828 leege
1504 2788 1624 2818 Comel.
1643 2785 1680 2827 ff
1699 2787 1734 2818 de
1747 2789 1783 2818 s.
1803 2790 1836 2819 C.
1854 2788 1965 2820 silan.

139 2827 331 2868 quibusdam
369 2827 566 2861 criminibus
605 2829 808 2870 gravioribus
835 2850 844 2867 ‚
890 2829 994 2862 veluti
1021 2853 1031 2869 ‚
1076 2829 1182 2867 Maie-
1285 2833 1333 2872 (e)
1361 2834 1399 2863 1..
1420 2838 1447 2869 3.
1480 2834 1507 2874 ξ.
1528 2833 1607 2874 legis
1629 2828 1668 2875 ff
1685 2833 1726 2864 ad
1743 2835 1767 2865 l.
1783 2834 1906 2866 cornel.
1924 2832 2024 2874 defic.
2042 2832 2145 2865 Pauli.
2161 2829 2218 2863 lib.
2237 2838 2270 2867 ς.

143 2872 256 2912 statis,
285 2875 432 2906 veneficii
460 2875 489 2906 8<
514 2874 719 2907 susurrorem
746 2874 949 2915 magicorum
981 2898 992 2913 .,
1031 2876 1082 2908 seu
1112 2887 1174 2907 rna-
1226 2876 1310 2917 sent.
1330 2878 1387 2909 tit.
1405 2886 1458 2914 23.

141 2916 260 2948 leficii-
289 2919 411 2951 Confer
449 2930 513 2952 van
540 2919 781 2958 Bynkershoek
810 2919 884 2959 obs.
916 2918 973 2952 lib.
1006 2923 1079 2952 Ill.
1107 2929 1172 2962 cxp-
1277 2922 1356 2963 (f)
1380 2920 1479 2962 lust-¹
1498 2922 1535 2954 de
1558 2921 1648 2964 publ.
1674 2921 1774 2961 judic.
1804 2923 1835 2964 §.
1859 2923 1938 2955 item
1966 2924 1989 2954 Ι.
2018 2921 2140 2952 Cornel-
2166 2919 2204 2952 dx
2223 2917 2268 2961 [ῖ-

147 2971 199 2992 10.
227 2961 311 3001 quod
338 2971 452 2996 tamen
476 2963 514 2996 de
540 2975 579 2995 eo
607 2975 643 3005 pr
672 2965 766 3005 cipue
792 2965 1016 3006 accipiemus,
1045 2978 1062 2997 a
1089 2965 1180 3001 cuius
1230 2967 1357 3000 curiis.
2200 2991 2204 3000 2

143 3005 282 3037 consilio
308 3016 424 3048 parum
446 3009 587 3042 abfuerit
611 3016 749 3042 eventus
765 3030 774 3043 ,
804 3010 845 3041 fic
875 3032 886 3047 ‚
912 3018 947 3042 ut
971 3022 1046 3054 eum
1072 3011 1177 3043 absol·
1277 3011 1354 3053 [ς’]
1383 3010 1494 3049 Cuiac.
1512 3013 1555 3044 ad
1571 3015 1679 3045 Paule.
1697 3012 1751 3044 ἰώ.
1772 3022 1799 3050 3.
1819 3013 1896 3050 sent.
1919 3010 2048 3046 vitaz-3·

143 3061 258 3082 vamus
276 3073 284 3089 r
313 3052 367 3093 qui
394 3053 560 3085 occidendi
590 3053 726 3096 quidem
751 3053 844 3085 causa
868 3065 942 3087 curn
968 3056 1034 3088 telo
1063 3057 1095 3087 in
1123 3066 1179 3097 pu·
1276 3057 1363 3097 [121¹
1381 3060 1416 3089 L.
1438 3055 1578 3097 ejusdem
1599 3069 1625 3094 3.
1642 3055 1679 3100 ff.
1698 3058 1737 3088 ml
1755 3059 1774 3086 l.
1796 3057 1917 3088 Comel.
1935 3053 2072 3094 cie-ficem

147 3095 270 3128 blicum
296 3098 501 3139 perrexerit,
533 3109 612 3132 mox
639 3106 750 3133 autem
776 3099 973 3141 paenitentia
996 3101 1112 3135 dustus
1130 3111 1180 3134 re·
1273 3102 1327 3142 (i)
1352 3100 1469 3135 Livius
1487 3101 1545 3134 lib.
1567 3105 1596 3133 8.
1626 3109 1691 3142 cap.
1719 3103 1770 3132 18.

1232 2335 1328 2369 dierit
1355 2336 1385 2368 δι’.
1410 2334 1514 2368 telum
1542 2336 1717 2377 projecerit
1746 2359 1754 2368 .
1803 2337 1916 2371 Multo
1950 2338 2061 2371 minus
2101 2338 2134 2370 in
2159 2338 2264 2379 legem

1233 2382 1426 2415 Corneliam
1453 2380 1571 2413 incidit
1599 2405 1610 2420 .,
1652 2383 1708 2424 qui
1747 2382 1803 2414 irae
1828 2384 1924 2415 oestro
1951 2384 2095 2425 percitus
2121 2383 2268 2425 gladium

1229 2425 1360 2469 quidem
1387 2425 1553 2467 arripuit,
1583 2426 1635 2459 sed
1664 2438 1740 2459 mox
1769 2427 1932 2468 seposuit.

1290 2471 1324 2510 c)
1350 2470 1451 2502 Pauli.
1469 2472 1491 2503 t.
1511 2481 1535 2503 c.
1548 2474 1644 2516 l.r.§.
1663 2474 1776 2504 Divus
1790 2471 1827 2515 ff.
1845 2474 1910 2504 eod.
1932 2474 1953 2504 Ι.
1969 2473 2005 2504 in
2019 2474 2089 2514 lege
2104 2485 2134 2513 7.
2157 2471 2269 2516 ffeod.

1230 2515 1342 2553 Cujac.
1357 2516 1487 2556 insent-
1506 2518 1607 2548 Pauli.
1623 2520 1691 2549 loco
1706 2518 1762 2549 cic.
1789 2519 1817 2560 §v
1835 2517 1860 2556 [ἱ
1879 2525 1987 2559 putat·
2013 2526 2064 2556 51.

1274 2560 1376 2601 (Μ’)
1403 2561 1490 2602 Quia
1514 2560 1607 2599 haec,
1634 2570 1669 2595 ut
1698 2571 1776 2593 mox
1807 2562 1975 2604 sequitur,
2004 2573 2069 2594 non
2095 2561 2229 2604 culpam
2255 2583 2267 2601 ‚
