2596 3479
240 76 343 128 152

318 147 564 224 Impubes
629 147 862 201 Praetoris
905 139 1126 198 arbitrio
1166 160 1285 195 ver-

232 232 452 286 ·berator
488 269 505 297 ‚
557 227 836 282 noxiamve
891 218 1136 294 duplione
1202 219 1284 273 de·

239 326 441 364 cernito
468 348 481 361 .

313 389 366 443 Si
421 385 609 455 injuria
653 383 841 438 alienas
897 379 1107 435 arbores
1149 370 1282 430 caeli't

238 465 291 521 in
335 465 547 539 singulas
591 483 718 517 xxv.
762 462 868 515 aeris
911 456 1083 512 luit0.

312 548 445 599 NOX
490 544 513 613 ]
572 578 643 617 pro
685 560 796 604 noua
842 557 971 614 prisce
1001 554 1080 598 dici
1114 551 1279 597 consue-

235 621 329 665 viffe
349 653 360 673 ,
396 621 508 674 supra
539 618 623 670 jam
655 616 928 661 ostendimus.

308 681 488 734 pavire
555 679 575 747 )
642 697 759 741 ferire
802 714 824 740 a
869 695 973 735 ’παίω
999 725 1011 744 5
1061 690 1123 734 Uti
1173 688 1274 732 lei·

232 748 326 800 mus
348 788 360 809 ‚
394 754 633 809 interposito
665 774 694 798 υ
726 754 904 798 consona
935 749 1092 793 saelum
1122 747 1176 791 est
1196 759 1254 802 pa

235 816 302 857 vio
329 846 341 865 ‚
373 813 417 856 ὃς
451 812 542 855 inde
569 824 678 868 pavo
697 844 706 855 .

312 873 573 946 Dupllone
618 867 930 938 decernite)
980 886 1059 929 hoc
1109 883 1162 926 est
1203 883 1274 926 du-

231 948 346 1006 plum
369 964 442 1005 pro
464 963 571 991 noxa
589 979 600 1001 ‚
621 947 699 991 five
723 948 876 990 damno
901 943 1081 1000 praestare
1109 941 1273 993 jubeto.

432 1060 877 1106 CAPUT
997 1058 1068 1101 LI.

463 1178 532 1222 De
558 1177 644 1221 dolo
677 1180 720 1221 in
754 1194 792 1222 re
822 1173 994 1232 depofita
1015 1205 1024 1217 .

227 1293 434 1395 FUrto
482 1293 700 1348 proximus
737 1293 792 1337 est
833 1290 948 1335 dolus
1000 1289 1043 1332 in
1093 1287 1269 1352 deposito

340 1350 553 1394 admissus:
589 1351 695 1406 quod
730 1350 889 1393 crimen
920 1349 1154 1390 Decemviri
1184 1345 1267 1408 .du‘.

225 1408 365 1462 plione
411 1408 658 1463 punierunt:
697 1407 775 1451 hoc
807 1407 861 1449 est
882 1438 893 1457 ,
946 1420 1030 1447 non
1062 1417 1106 1446 ut
1131 1402 1268 1457 'aliqui

222 1466 436 1520 explicant
482 1464 710 1518 duplicibus
761 1464 955 1507 fruetibus
995 1478 1007 1514 3
1051 1461 1111 1503 sed
1156 1460 1267 1522 dupli

227 1521 312 1573 ejus
357 1524 410 1566 rei
447 1521 697 1574 praestatione
720 1553 732 1574 ,
764 1537 890 1577 quarn
923 1518 1012 1574 quis
1045 1518 1249 1560 custodien

228 1580 322 1622 dam
357 1579 598 1632 tradiderat,
631 1579 839 1635 Siquidem
875 1592 964 1620 reus
986 1576 1267 1627 inficiaretur,

228 1651 276 1679 ut
317 1635 512 1688 Cujacius
557 1648 703 1689 putat.
752 1638 816 1687 (a)
849 1636 987 1690 Quam
1021 1632 1265 1676 sententiam

221 1693 287 1737 his
328 1695 499 1745 Jacobus
541 1693 822 1736 Gothofredus
866 1692 1001 1735 verbis
1044 1691 1093 1733 ad
1123 1690 1244 1732 imita

227 1752 387 1794 tionem
422 1750 628 1794 vetustatis
660 1751 870 1806 expressit.

299 1812 352 1864 Si
395 1809 521 1880 quid
563 1809 696 1863 endo
735 1809 968 1881 deposito
1005 1807 1127 1860 dolo
1159 1825 1264 1860 ma-

221 1888 275 1943 lo
318 1881 516 1942 facium
558 1885 718 1957 escit,
762 1886 1005 1959 duplione
1048 1881 1185 1938 luito
1211 1924 1224 1937 .

416 2019 858 2065 CAPUT
976 2019 1072 2061 LII.

280 2138 328 2179 Si
358 2137 584 2193 quadrupes
611 2136 837 2192 pauperiem
861 2131 996 2190 feciffe
1022 2133 1205 2177 dicatur.

222 2221 448 2323 PRaeter
483 2220 685 2276 superiora
715 2222 865 2264 damna
905 2253 916 2274 ‚
949 2235 1037 2277 quae
1069 2217 1176 2262 clam
1220 2217 1261 2260 ἃ

340 2277 525 2323 consulto
571 2279 803 2322 inferuntur
852 2278 994 2332 agris,
1037 2290 1261 2318 occurrunt

221 2351 298 2391 ea,
341 2353 425 2394 qua
470 2351 555 2379 non
598 2335 785 2379 hominis
827 2335 921 2378 dolo
947 2367 960 2389 ,
1011 2348 1140 2388 neque
1171 2334 1261 2376 data

222 2466 331 2478 t———u
796 2465 1147 2476 -—-—--—-———-

221 2498 257 2531 in
299 2498 424 2531 iuribus
463 2497 632 2539 quibusvis
658 2520 666 2529 .
703 2501 850 2539 Apparet
889 2494 1009 2539 simul,
1045 2493 1261 2526 Decemviros

223 2543 355 2584 perinde
400 2553 438 2574 ac
475 2546 658 2577 Germanos
695 2541 814 2575 caedem
849 2540 989 2578 mitius,
1026 2549 1126 2582 quarn
1159 2538 1255 2571 inrer-

221 2587 299 2619 dum
328 2587 452 2620 furtum
481 2588 637 2628 punivisse
655 2609 666 2624 ‚
693 2586 780 2630 quod
804 2584 999 2628 quibusdam
1032 2585 1063 2616 in
1082 2583 1258 2616 Germanis

223 2632 396 2664 barbarum
425 2642 459 2662 ac
475 2632 657 2664 belluinum
680 2631 812 2664 videtur
832 2653 840 2662 .
882 2634 952 2663 Nec
977 2638 1091 2662 tamen
1122 2631 1243 2661 Germa

220 2678 254 2708 ni
285 2675 370 2707 fures
401 2676 472 2707 suos
501 2676 668 2717 suspendio
695 2667 834 2719 §erere
859 2675 950 2708 soliti
977 2673 1132 2706 fuerunt.
1178 2672 1261 2707 ARa

221 2722 364 2762 Lugderi
393 2719 479 2761 apud
510 2720 714 2753 Leibnitium
743 2722 784 2753 T.
806 2722 837 2751 Ι.
867 2727 899 2762 p.
934 2731 985 2760 97.
1014 2717 1176 2750 ferebam
1202 2730 1260 2750 au-

556 2466 680 2478 --——-.

220 2777 284 2799 um
312 2764 504 2808 veracffmi
533 2765 599 2796 viri
626 2766 663 2796 de
691 2766 860 2806 discipulis
884 2764 952 2800 eius
972 2786 981 2799 ,
1015 2763 1097 2804 quod
1122 2764 1259 2804 quodam
1283 2784 1286 2789 .

225 2817 366 2850 tempore
394 2811 435 2841 ad
462 2810 651 2842 comitatum
680 2817 835 2850 porgens,
874 2809 930 2851 qui
957 2807 1052 2851 Haffi
1076 2808 1256 2845 arcuatur,

221 2858 285 2887 iter
313 2865 423 2896 ageret
462 2875 473 2891 ‚
511 2862 564 2894 per
599 2855 758 2885 orationes
785 2852 854 2891 ejus
885 2855 973 2884 homo
1001 2861 1147 2884 mortuus
1171 2854 1252 2883 revi-

224 2901 329 2933 xerse.
369 2900 441 2940 Qu·
463 2899 591 2939 scilicet
630 2905 757 2938 propter
777 2899 933 2940 furatum
965 2895 1127 2929 caballum
1155 2899 1259 2929 Win-

223 2945 322 2980 kindt‘
360 2945 466 2976 Ducis
490 2946 657 2976 saxonum
698 2943 773 2974 huic
810 2944 907 2974 raom'
932 2940 1139 2978 adjudicatus
1160 2943 1257 2984 fun,

223 3001 261 3025 ur
288 2990 323 3021 ia
354 2996 464 3028 eampo
488 2990 530 3020 ad
550 2987 701 3029 stipitem
733 2988 859 3028 ligatus
881 2984 1017 3024 instuit
1045 2987 1081 3017 in
1109 2996 1178 3017 eum
1202 2987 1260 3028 su-

223 3037 317 3068 dibus
347 3035 452 3066 ccutis
479 3033 518 3065 Θ·
543 3032 709 3074 lapidibus
748 3041 913 3063 necaretur
930 3053 938 3061 .
980 3031 1078 3073 Quod
1108 3031 1182 3062 dum
1201 3032 1259 3073 fa-

220 3080 305 3114 &um
327 3077 443 3121 faiffet
460 3100 470 3117 ,
497 3087 604 3119 corpus
631 3077 776 3108 exanimo
813 3077 851 3107 in
875 3082 985 3118 campo
1025 3074 1168 3107 relinqua
1194 3073 1254 3115 est.

266 3124 325 3167 (a)
347 3127 389 3157 L.
408 3130 516 3167 parat.
540 3125 574 3156 C.
589 3120 723 3166 depossc.
765 3120 804 3156 Θ·
828 3121 866 3155 in
889 3122 976 3164 sene.
1003 3119 1109 3154 Paulli
1134 3118 1195 3160 lib.
1228 3117 1255 3154 ι’.

1309 2770 1366 2792 nec
1392 2758 1560 2791 Soleniam

1307 2804 1431 2848 tingitis
1458 2802 1499 2834 ad
1515 2800 1684 2834 laudatum
1711 2800 1815 2832 Paulli
1844 2800 1972 2831 locum.
2004 2798 2134 2832 Mirum
2149 2806 2260 2830 tamen
2277 2797 2348 2832 fue-

1307 2850 1377 2883 rit·
1404 2848 1487 2880 nihil
1515 2850 1627 2879 Romre
1652 2854 1780 2888 quoque
1807 2843 2016 2884 temporibus
2058 2842 2160 2875 Paulli
2191 2842 2231 2875 de
2255 2854 2352 2883 cane.

1306 2893 1444 2926 animali
1469 2892 1547 2933 saepe
1574 2889 1701 2924 homini
1731 2888 1847 2921 infesto
1877 2888 1908 2920 δι
1938 2888 2069 2926 noxio,
2109 2896 2242 2920 cautum
2273 2887 2351 2921 fuis-

1305 2939 1334 2972 se
1352 2963 1359 2971 .
1387 2930 1497 2981 Quare
1511 2935 1728 2969 accedendum
1742 2941 1896 2976 putamus
1912 2932 2032 2966 Illustri
2060 2933 2263 2971 Heinecdo,
2287 2932 2347 2976 qui

1305 3029 1381 3062 dam
1409 3027 1562 3061 Tribuno

634 70 738 123 DE
766 36 971 143 'JURE
1008 52 1464 136 NATURALt,
1504 57 1911 135 GENTmM',

1333 156 1482 198 opera,
1515 141 1577 186 sed
1607 142 1697 187 casu
1731 142 1864 198 potius
1888 140 2108 200 oriuntur-3
2140 143 2270 192 veluti
2290 162 2380 204 quae

1336 199 1511 242 veniunt
1534 216 1556 243 a
1586 201 1938 256 quadrupedibus,
1970 216 1993 244 a
2024 203 2199 260 quibus,
2235 217 2379 260 utpote

1334 255 1504 318 rationis
1535 257 1796 315 expertibus,
1829 257 1980 311 injuria
2012 258 2150 304 nullus
2182 262 2372 307 afficitur.

1334 314 1451 357 Hinc
1481 314 1689 369 Socrates,
1720 315 1828 372 quod
1861 316 1918 359 ira
1950 331 2157 373 correptos
2183 318 2377 365 homines

1334 370 1484 414 mentis
1514 372 1585 434 usu
1616 389 1748 417 carere
1776 374 2071 428 arbitraretur,
2107 375 2310 430 perculsus
2329 378 2379 420 ab

1333 428 1504 473 homine
1547 445 1654 474 irato
1681 463 1693 484 ,
1742 446 1830 474 non
1874 431 1963 487 plus
1996 433 2340 477 commovebatur
2364 466 2380 490 ,

1330 502 1454 542 quam
1487 486 1512 529 fi
1533 519 1546 542 ,
1578 501 1623 532 ut
1656 487 1734 543 ipse
1765 489 1959 543 dicebat,
2005 489 2186 534 calcibus
2218 507 2239 534 a
2274 491 2378 535 bove

1331 557 1564 598 peteretur.
1601 546 1731 602 Igitur
1775 547 2045 601 Decemviri,
2093 560 2135 590 ut
2187 548 2380 592 subveni·

1330 615 1419 644 rent
1461 603 1640 647 dominis
1675 603 1923 647 detrimento
1968 605 2121 648 affeetis
2153 606 2203 649 ab
2240 605 2379 650 aliena

1328 660 1579 716 quadrupede
1602 693 1613 714 ‚
1645 676 1733 717 quae
1766 661 1930 705 lascivia
1950 693 1963 714 ,
1998 661 2134 705 furore
2161 694 2174 716 ‚
2207 677 2279 706 aut
2312 662 2371 707 fe—

1329 717 1448 762 ritate
1497 718 1584 761 aeta
1627 720 1827 761 damnum
1870 718 2034 761 dedisset
2063 750 2075 769 ,
2109 720 2336 763 statuerunt
2360 752 2377 774 ,

1329 788 1370 818 ut
1395 776 1586 819 dominus
1612 775 1877 832 quadrupedis
1905 774 1932 817 fi
1960 776 2096 819 noxiae
2116 808 2128 829 ,
2158 776 2236 819 five
2264 777 2381 820 dam-

1327 833 1369 875 ni
1402 834 1483 876 dati
1511 833 1823 876 aestimationem
1852 831 1978 876 subire
2008 832 2167 886 nollet,
2199 834 2377 890 quadru-

1329 891 1469 944 pedem
1504 906 1620 933 noxae
1655 891 1848 942 dederet,
1882 888 1959 934 hoc
2003 890 2056 934 est
2091 892 2264 934 traderet
2295 891 2330 935 ei
2365 922 2379 945 ‚

1325 948 1394 1003 qui
1426 949 1624 990 damnum
1659 946 1895 1002 accepilset.
1926 949 1991 1000 (b)
2026 948 2122 991 Ideo
2158 949 2264 992 hanc
2303 964 2370 992 reo

1326 1005 1607 1048 conditionem
1661 1004 1900 1047 Decemviri
1942 1004 2128 1049 deferunt
2153 1039 2166 1060 ‚
2210 1019 2254 1050 ut
2299 1019 2368 1049 aut

1325 1063 1522 1105 damnum
1562 1061 1628 1104 suo
1663 1061 1798 1104 sumtu
1830 1062 1969 1104 sarciat
1995 1093 2008 1115 ,
2040 1077 2110 1104 aut
2141 1065 2379 1119 quadrupe-

1324 1121 1415 1163 dem
1441 1121 1593 1163 tradat.
1627 1118 1757 1170 Cujus
1799 1117 1896 1169 juris
1927 1120 2095 1164 exordia
2129 1121 2291 1163 odorari
2316 1119 2370 1162 li-

1325 1192 1387 1221 cet
1415 1179 1457 1222 in
1486 1178 1572 1234 lege
1595 1176 1668 1220 illa
1688 1176 1849 1220 Solonis
1873 1177 1919 1220 de
1940 1193 2066 1231 cane,
2093 1179 2161 1234 qui
2184 1192 2371 1220 momor-

1324 1240 1466 1290 derat,
1486 1252 1609 1292 quem
1634 1248 1810 1292 quatuor
1834 1236 2070 1279 cubitorum
2099 1250 2245 1280 catena
2274 1236 2366 1278 vin-

1321 1293 1434 1337 &um
1459 1309 1575 1336 noxae
1599 1293 1776 1336 dandum
1803 1293 2094 1345 constituerat,
2130 1297 2169 1344 (c
2213 1306 2373 1336 cetera-

1322 1367 1397 1406 que
1422 1352 1468 1393 ad
1495 1352 1729 1406 pauperiem
1757 1351 2005 1397 pertinentia
2031 1366 2080 1393 eit
2110 1352 2254 1394 Attico
2281 1349 2367 1401 jure

1325 1409 1365 1449 in
1396 1410 1633 1451 Romanurn
1658 1406 1809 1450 fluxitle
1830 1408 2075 1450 credendum
2091 1440 2103 1458 ,
2123 1423 2171 1450 ex
2198 1423 2245 1450 eo
2269 1422 2368 1462 prae-

1322 1467 1439 1519 cipue
1461 1498 1474 1517 ,
1506 1466 1612 1522 quod
1638 1464 1697 1515 jus
1724 1465 1902 1507 nostrum
1938 1465 2012 1508 hac
2047 1466 2088 1507 in
2119 1481 2157 1507 re
2187 1465 2373 1507 maxime

1320 1539 1413 1566 cum
1443 1522 1624 1566 Platonis
1645 1523 1732 1577 lege
1757 1523 1981 1565 conveniat
2002 1524 2093 1578 ,qui
2125 1521 2257 1563 forsan
2278 1537 2371 1565 eam

1319 1596 1366 1623 ex
1392 1580 1537 1623 Attico
1563 1578 1649 1630 jure
1676 1579 1869 1632 decerpfit
1890 1611 1899 1620 .
1932 1580 1998 1629 (d)
2029 1583 2087 1622 Ex
2116 1578 2202 1634 lege
2229 1590 2370 1622 autem

1319 1637 1487 1680 Solonia
1519 1638 1567 1679 de
1601 1653 1695 1679 cane
1713 1635 1908 1687 Cujacius
1931 1650 2046 1690 putat
2072 1649 2264 1688 corrupte
2289 1636 2369 1679 dici

1323 1695 1573 1748 Pesblam'am
1593 1695 1650 1745 (Ἴ
1677 1694 1726 1736 de
1761 1710 1854 1735 cane
1878 1711 1886 1734 :
1930 1709 2102 1749 eamque
2131 1709 2214 1736 non
2241 1691 2370 1736 aliam

1318 1753 1540 1796 arbitratur
1566 1751 1698 1807 legem
1715 1783 1728 1804 ,
1743 1766 1867 1806 quam
1895 1750 2003 1793 hanc
2018 1750 2204 1802 Solonis,
2222 1765 2369 1802 perpe-

1319 1825 1403 1851 ram
1431 1808 1680 1865 appellatam
1701 1823 1748 1850 ex
1772 1821 1963 1861 corrupta
1987 1808 2180 1858 scriptura
2207 1807 2366 1859 Pelolo-

1318 1868 1425 1908 niam
1442 1899 1452 1919 ‚
1478 1868 1536 1917 (e)
1563 1865 1828 1908 Democritus
1857 1880 1952 1907 vero
1978 1863 2276 1920 quadrupedem
2304 1862 2365 1905 al-

1317 1925 1390 1968 teri
1417 1924 1588 1967 noxiam
1615 1922 1840 1966 necandam
1868 1922 2045 1965 omnino
2072 1921 2234 1974 jubebat
2255 1952 2264 1963 .
2285 1918 2364 1974 (f)

1485 2039 1528 2082 C
1588 2041 1623 2082 A
1689 2037 1720 2080 P
1780 2035 1825 2078 U
1885 2038 1928 2079 T
2062 2037 2186 2081 LIII.

1625 2156 1691 2199 De
1715 2151 1831 2210 pastu
1857 2153 2006 2211 pecoris
2033 2183 2044 2196 .

1420 2268 1646 2326 Djungitur
1698 2267 1794 2311 huic
1836 2267 1917 2310 alia
1961 2266 2123 2311 noxalis
2171 2267 2277 2311 afflo
2308 2267 2358 2312 de

1449 2327 1560 2383 pastu
1593 2326 1782 2383 pecoris,
1815 2340 1964 2381 nempe
1996 2325 2044 2368 de
2075 2325 2228 2368 damno
2259 2325 2356 2368 dato

2242 2398 2264 2425 a
2290 2398 2357 2438 pe-

1314 2457 1468 2467 ——-.-
2247 2454 2353 2464 —-

1311 2490 1436 2563 εἰμές).
1459 2492 1502 2564 11..
1526 2497 1573 2565 5,-,ΙΔ
1606 2490 1694 2565 §.ML
1722 2484 1760 2538 ff
1787 2487 1824 2539 de
1854 2483 2026 2563 admizrstd
2046 2495 2111 2558 tu?
2147 2484 2356 2534 Paul-apud·

1360 2546 1362 2550 '
1399 2556 1407 2564 η
1526 2558 1533 2564 .
1612 2556 1618 2563 .
1767 2557 1772 2562 .
1841 2554 1848 2563 0
1916 2555 1922 2561 .
2029 2543 2043 2561 e
2162 2554 2171 2562 .

1313 2538 1406 2619 Ab]
1423 2537 1523 2612 cil?
1536 2545 1616 2623 ffeJa'
1635 2534 1937 2619 qugii-arbcpetsnpxlsp.
1962 2539 2083 2618 feeciſjp‘?
2097 2541 2230 2610 :dantur
2245 2594 2258 2606 .

1352 2627 1401 2664 (⁶)
1433 2623 1596 2657 Plutarch.
1629 2624 1665 2655 in
1691 2623 1803 2654 solon.
1831 2630 1906 2664 pag.
1939 2631 1993 2662 91.
2300 2624 2307 2631 ³

1351 2669 1405 2708 (d,¹
1436 2667 1494 2701 lib.
1534 2677 1554 2700 ι
1593 2668 1632 2700 de
1656 2666 1816 2709 legibus.

1351 2715 1407 2754 ς’)
1433 2712 1530 2747 Apud
1558 2713 1706 2745 Paullum
1743 2719 1857 2745 tamen
1883 2710 1982 2749 vulgo
2009 2707 2180 2742 Pesulania
2208 2706 2329 2750 legitur
2345 2731 2357 2744 .

1606 2766 1646 2789 ex
1685 2754 1812 2792 eujacii
1836 2752 2022 2791 coniectura
2059 2752 2211 2786 admittit
2239 2754 2353 2787 Schul-

1470 2985 1509 3015 P.
1537 2984 1589 3014 Π.
1615 2988 1648 3021 ρ.
1677 2990 1750 3019 ²70·
1782 2988 1855 3016 ²71·
1898 2978 2005 3021 legem
2049 2977 2252 3010 Pesulaniam
2277 2977 2346 3012 cui·

1590 3025 1722 3068 piebis,
1750 3023 1933 3064 verulano,
1957 3030 2128 3067 acceptam
2151 3020 2239 3056 fert.

1350 3071 1404 3113 (e)
1430 3073 1472 3104 ad
1506 3072 1561 3103 eit.
1598 3080 1648 3109 15.
1676 3067 1778 3102 Paulli
1799 3069 1887 3109 sent·
1912 3078 1939 3102 1·

1352 3118 1435 3162 (f)
1460 3117 1614 3155 Stoboeus
1633 3115 1728 3158 [εγω.
1762 3122 1836 3155 145.

1310 2985 1424 3026 Amiq.
