2596 3479
332 91 591 193 ἔε4ΜεΠαῙει
637 144 766 193 Coffi·
795 146 943 206 prodiit
985 150 1024 191 S.
1048 149 1101 192 C.
1135 157 1216 207 quo
1242 149 1586 203 eademlParent
1626 155 1742 199 enirn
1787 118 1979 202 l'iomines
2027 144 2149 206 novis
2194 160 2352 220 legibus
2383 165 2484 212 faci-

330 207 579 252 observanda
612 207 844 252 statuuntur
865 239 876 260 ,
911 206 936 250 si
972 206 1110 251 servus
1141 224 1187 252 ac
1221 208 1247 252 si
1283 210 1383 255 liber
1435 207 1544 263 lius,
1575 225 1627 257 ne
1661 213 1800 272 spretis
1834 216 1920 270 iis,
1965 232 2235 265 contemnere
2266 222 2486 269 videantur

325 265 581 331 postuletur.
615 267 701 320 (a)
738 265 1048 329 Ite-m'Senatus
1079 266 1264 322 censuit,
1297 267 1385 325 [b]
1407 293 1412 321 Ι
1434 270 1720 325 magistratum
1763 270 1905 318 earu'm
1941 274 2113 322 latorem
2143 294 2155 320 ε
2202 280 2271 336 qui
2306 278 2485 328 libenter

327 336 374 366 ut
416 324 609 368 criminis
653 322 927 367 abolitionem
963 335 1127 387 petente
1158 325 1340 371 delatore
1370 361 1382 383 ‚
1433 328 1701 384 persequitur¹
1721 331 1942 376 violatores
1974 334 2113 389 legum
2139 367 2152 390 ‚
2197 351 2245 381 ut
2275 337 2483 384 honorem

327 381 437 438 quod
468 383 610 426 errasse
645 381 679 424 se
710 381 818 425 dicat
850 397 861 435 3
910 381 1019 426 idem
1051 382 1170 433 iudex
1205 384 1253 427 de
1284 386 1382 429 abo·
1434 384 1552 429 simul
1599 387 1713 432 suum
1757 389 1975 435 ulciscatur
2006 409 2016 434 ε
2063 395 2168 438 unde
2201 396 2479 442 Macrobius:

322 437 482 484 litionis
513 441 610 492 justa
642 437 757 483 caula
785 440 1002 505 cognoscat
1023 473 1036 494 ‚
1067 456 1251 487 errorem
1279 459 1377 488 con-
1427 441 1498 496 [d
1524 444 1540 497 ]
1584 445 1784 498 Queritur
1817 448 1916 505 saepe
1965 467 2073 495 novae
2123 454 2223 509 legis
2264 454 2479 499 auc‘loritas

320 497 542 562 donaturus
566 497 611 541 &
633 498 807 555 dolum,
840 511 882 543 ut
907 514 951 543 in
978 499 1104 544 causae
1121 500 1378 556 proditorem
1425 502 1659 556 exolescente
1688 518 1792 550 metu
1822 508 1919 565 legis
1949 510 2220 565 antiquioris,
2252 524 2296 555 ut
2314 513 2362 555 de
2379 511 2476 568 ipfis

323 555 609 600 vindicaturus
629 587 639 599 .
1424 559 1580 617 legibus
1609 564 1716 606 XII.
1746 565 1870 609 tabul.
1897 563 2053 620 saelum
2083 567 2168 623 est:
2203 586 2374 624 quarufn
2408 571 2480 614 ubi

557 633 560 635 ·
1423 622 1619 662 contemni
1650 622 1866 667 auehi-itas
1895 626 2010 680 coept'c
2032 656 2045 682 ‚
2089 628 2135 666 in
2174 627 2346 662 orliurmn
2375 624 2478 664 lato-

519 672 561 717 C
621 674 662 717 A
725 672 755 716 P
814 672 858 714 U
919 674 965 717 T
1063 675 1161 720 CX.
1421 692 1506 719 rum
1540 679 1702 722 nomina
1734 680 1949 734 transiere,
1983 678 2099 719 Hinc
2129 673 2189 719 ait
2226 677 2342 720 Plato
2370 710 2384 732 ‚
2417 677 2476 724 le-

956 786 963 794 .
1420 749 1491 790 ges
1548 735 1798 792 piam-arum
1842 734 1967 775 instar
2011 743 2195 788 tempore
2237 734 2468 782 obscuratas

318 787 388 833 De
428 789 532 846 Lege
573 790 751 847 Aquilia
780 788 836 835 (Ὺ
866 791 916 833 de
945 790 1085 833 aedinm
1117 791 1369 837 demolitione
1420 792 1541 836 novis
1572 793 1780 838 coloribus
1812 805 1835 832 a
1868 789 1994 832 novis
2019 790 2282 845 potestatibus
2314 793 2389 838 effe
2422 794 2476 837 il-

533 848 884 907 Senatusconfulto
911 849 1144 905 prohibita.
1415 847 1679 909 luminandas
1706 878 1716 889 .
1762 848 1854 899 Qua
1888 847 2049 891 ratione
2081 847 2302 894 deductum
2336 851 2389 894 est
2421 851 2466 896 in

1414 905 1516 957 legis
1549 903 1730 960 Aquiliae
1762 917 1918 949 nomen
1946 935 1959 956 ‚
2003 905 2198 964 quidquid
2241 907 2285 950 in
2321 910 2472 953 veteri-

308 960 527 1064 CUM‘
556 963 667 1020 leges
686 962 994 1018 exsolverimus,
1026 963 1173 1019 quibus
1192 962 1362 1007 delitio-
1415 961 1486 1004 bus
1517 960 1564 1005 de
1595 961 1750 1005 damno
1780 961 1831 1005 ab
1863 961 2038 1008 homine
2069 995 2082 1019 ,
2129 965 2194 1009 vel
2228 980 2299 1020 per
2331 966 2471 1012 homi-

441 1035 532 1065 rum
552 1021 703 1064 damna
725 1034 967 1065 coercentur
983 1053 995 1074 ,
1016 1033 1199 1064 attexere
1220 1022 1268 1063 ad
1290 1021 1361 1065 has
1411 1034 1509 1062 nem
1529 1019 1650 1062 ‘dato
1693 1019 1979 1065 contineretur
2018 1051 2028 1064 .
2080 1022 2243 1067 Au&or
2274 1023 2378 1081 legis
2410 1025 2463 1069 C.

305 1089 469 1133 oportet
500 1079 627 1124 etiam
661 1079 749 1122 illas
771 1111 782 1132 ‚
826 1079 972 1137 quibus
1005 1077 1156 1122 damna
1192 1095 1275 1138 non
1308 1094 1358 1124 ex
1412 1075 1606 1133 Aquilius
1635 1077 1783 1122 Gallus
1814 1080 2030 1124 Tribunus
2062 1080 2192 1136 plebis
2218 1080 2250 1124 is
2276 1097 2356 1136 ne,
2389 1082 2462 1139 qui

304 1135 453 1180 delicto
474 1169 485 1190 ‚
523 1138 585 1182 sed
619 1138 682 1182 vel
714 1136 867 1194 culpa,
911 1136 974 1181 vel
1000 1136 1089 1180 casu
1115 1136 1255 1193 aliquo
1287 1152 1350 1181 na·
1409 1134 1635 1178 formulam
1667 1136 1717 1180 de
1747 1135 1844 1180 dolo
1875 1136 1989 1182 malo
2020 1140 2215 1195 concepit
2239 1170 2252 1193 ‚
2285 1140 2370 1195 (¹⁶)
2402 1155 2457 1183 an

307 1203 346 1236 ta
373 1196 653 1251 rependuntur
686 1228 695 1239 .
747 1198 812 1240 Ac
839 1196 888 1241 de
913 1195 1079 1240 damnis
1103 1212 1128 1239 a
1151 1195 1282 1239 bestiis
1313 1196 1379 1240 &<
1406 1191 1514 1255 alius
1551 1225 1563 1247 ‚
1598 1208 1683 1236 non
1713 1194 1803 1239 satis
1845 1196 2002 1240 constat
2032 1225 2043 1236 ·
2069 1197 2162 1240 Fuit
2196 1197 2327 1253 igitur
2368 1213 2466 1253 pro-

305 1252 562 1309 quadrupede
596 1254 724 1298 illatis
754 1254 979 1299 'cavebatur
1013 1253 1105 1297 satis
1123 1268 1173 1297 ex
1199 1251 1355 1309 legibus
1405 1260 1496 1305 prie
1528 1249 1593 1296 lex
1628 1250 1699 1296 ista
1734 1252 1998 1298 Plebiscitum
2026 1285 2039 1306 ‚
2095 1257 2114 1308 (
2143 1271 2162 1297 e
2192 1255 2212 1306 )
2255 1270 2336 1312 quo
2369 1255 2453 1310 post

295 1310 401 1353 XII.
436 1312 563 1355 tabul.
595 1327 772 1369 quarum
804 1312 895 1356 vim
930 1310 1105 1364 licimo,
1137 1309 1354 1361 &jurisdi-
1403 1309 1566 1352 itu-{iam
1604 1308 1731 1363 plebis
1764 1311 2057 1356 austoritatem
2091 1312 2263 1367 populus
2289 1313 2457 1356 teneba-

295 1366 434 1411 thone
479 1370 546 1413 sua
582 1372 733 1415 Praetor
765 1370 894 1414 etiarn
927 1369 1153 1421 explicavit
1186 1367 1311 1412 titulo
1343 1386 1352 1411 :
1406 1380 1470 1410 tur
1507 1366 1740 1411 universus.
1775 1369 1912 1415 Hujus
1947 1368 2049 1427 legis
2083 1370 2159 1413 tria
2184 1369 2318 1425 capita
2343 1384 2458 1413 com·

286 1423 327 1479 fi
358 1427 582 1484 quadrupes
610 1430 840 1484 pauperiem
865 1425 1002 1483 fectffe
1034 1428 1221 1470 dicatur.
1257 1429 1351 1482 Quo
1405 1437 1691 1468 memorantur
1715 1457 1724 1467 .
1773 1426 1911 1470 Primo
1944 1428 2077 1482 capite
2109 1441 2278 1471 cavetur
2308 1425 2356 1470 de
2387 1442 2457 1470 oc-

288 1482 499 1528 referenda
531 1486 585 1528 est
617 1487 682 1529 lex
715 1502 760 1530 ea
783 1518 795 1540 ,
826 1484 916 1541 quae
950 1484 1158 1541 aliquibus
1181 1485 1348 1537 scripto·
1402 1482 1506 1526 cifis
1532 1482 1889 1539 qualiterqualiter
1933 1483 2054 1527 servis
2087 1514 2100 1536 ,
2143 1496 2214 1527 aut
2257 1483 2453 1526 animali-

294 1541 404 1584 ribus
450 1542 681 1597 appellatur
713 1544 930 1597 Pesoicmia
961 1544 1010 1586 de
1041 1559 1137 1585 cane
1168 1575 1176 1585 .
1224 1543 1347 1598 Quod
1399 1541 1470 1584 bus
1497 1570 1510 1592 ‚
1542 1556 1631 1596 quae
1661 1541 1865 1596 gregatim
1900 1542 2119 1596 pascuntur
2152 1572 2165 1594 ‚
2214 1538 2293 1593 (f)
2343 1541 2455 1593 (**)

287 1611 461 1653 'putatur
503 1615 745 1657 corruptum
781 1611 936 1646 nornen
968 1617 989 1644 e
1019 1601 1182 1643 Solonio
1209 1633 1220 1654 ,
1268 1600 1346 1645 sive
1398 1610 1441 1641 ut
1472 1597 1577 1655 afflfo
1609 1597 1726 1641 detur
1758 1598 1943 1642 adversus
1974 1613 2071 1643 eum
2105 1630 2117 1652 ,
2147 1596 2217 1654 qui
2250 1597 2452 1642 damnum

290 1655 377 1711 lege
408 1657 564 1702 Solonis
593 1691 605 1711 ‚
636 1675 725 1717 quae
759 1659 917 1704 redaeia
944 1658 1024 1703 fuit
1044 1658 1087 1702 in
1110 1658 1216 1714 leges
1236 1660 1343 1702 XII.
1396 1656 1550 1699 dederit
1583 1653 1733 1707 injuria
1759 1671 1772 1709 3
1804 1671 1892 1713 quae
1925 1671 2004 1699 vox
2039 1656 2104 1700 hic
2132 1671 2205 1710 pro
2227 1666 2451 1699 contume-

293 1713 422 1756 tabul.
456 1717 535 1767 (c)
567 1718 767 1761 Sanxerat
799 1717 914 1762 enim
946 1715 1106 1770 Solon,
1139 1730 1184 1760 ut
1215 1717 1343 1771 canis,
1398 1712 1451 1757 lia
1485 1728 1569 1756 non
1602 1712 1808 1767 accipitur
1847 1731 1856 1756 :
1913 1713 2079 1766 injurias
2121 1712 2238 1756 enim
2282 1727 2348 1756 eas
2382 1711 2447 1756 leit

290 1771 366 1828 qui
401 1775 684 1819 momorderat
706 1808 718 1829 ‚
752 1788 896 1820 catena
930 1773 1089 1818 vinetus
1111 1805 1123 1828 ‚
1155 1774 1343 1819 a'domi-
1394 1770 1594 1814 Cornelia
1627 1771 1751 1824 (ἕν’)
1783 1770 2019 1815 ulciscitur:
2057 1771 2117 1815 sed
2150 1769 2305 1814 facium
2338 1768 2446 1821 inju-

293 1844 350 1872 no
383 1845 502 1873 noxae
532 1833 744 1877 dederetur
769 1866 780 1888 ‚
813 1833 919 1891 quod
952 1833 995 1876 &
1027 1832 1132 1876 libro
1165 1832 1338 1888 superio-
1394 1829 1455 1872 ria
1487 1827 1641 1872 dicitur
1674 1844 1748 1883 pro
1780 1844 1865 1872 non
1898 1828 1984 1881 jure
2015 1829 2065 1872 ab
2095 1844 2145 1873 eo
2176 1828 2336 1879 etiam,
2371 1826 2443 1883 qui

292 1887 326 1929 ri
359 1887 579 1945 attigimus
603 1923 616 1928 -
651 1893 712 1934 De
745 1891 907 1935 damnis
937 1904 1075 1934 autem
1109 1889 1173 1936 vel
1195 1893 1245 1933 ab
1267 1891 1335 1934 ho·
1391 1886 1566 1930 nocendi
1599 1886 1792 1930 animum
1827 1901 1912 1930 non
1947 1886 2137 1930 habuerit
2175 1917 2188 1939 ‚
2239 1884 2437 1940 siquidem

289 1944 473 1988 minibus
500 1978 510 2000 ‚
542 1947 607 1991 vel
641 1964 663 1992 a
695 1949 827 1993 bestiis
858 1949 975 2006 culpa
1008 1949 1051 1992 &
1085 1947 1339 2005 negligentia
1391 1945 1551 1988 ratione
1597 1957 1774 1988 utatur:
1820 1960 1920 1988 nam
1965 1943 2139 1988 furiosus
2180 1942 2224 1985 ὅ(
2256 1940 2394 1985 infans
2425 1973 2437 1996 ,

286 2001 512 2047 hominum
545 2008 724 2062 acceptis
746 2039 757 2057 ,
790 2007 981 2064 quamvis
1014 2007 1217 2051 veteribus
1233 2009 1332 2051 XII.
1388 2018 1567 2059 quorum
1599 2003 1705 2046 ratio
1737 2001 1933 2059 languet,
1968 2001 2138 2058 Aquilia
2172 2014 2257 2043 non
2292 2012 2441 2043 tenen-

290 2059 417 2104 tabul.
455 2061 612 2120 legibus
643 2065 687 2108 8<
719 2064 927 2123 aliquibus
959 2064 1093 2109 forsan
1125 2064 1217 2108 aliis
1251 2064 1334 2120 post
1388 2073 1453 2104 tur
1489 2093 1499 2104 ·
1530 2062 1618 2117 (g)
1663 2059 1778 2105 Hinc
1826 2060 1852 2103 fi
1885 2059 1974 2117 quis
2004 2057 2204 2103 occiderit
2234 2056 2438 2114 aggresso-

284 2133 349 2162 eas
394 2117 485 2164 latis
530 2135 745 2166 caveretur
777 2141 810 2188 ε.
832 2125 927 2181 quia
973 2137 1160 2178 tempore
1194 2135 1333 2167 tamen
1362 2129 1472 2162 'rem
1508 2150 1520 2172 ,
1564 2117 1749 2162 adversus
1781 2134 1906 2174 quem
1943 2118 1978 2162 se
2012 2116 2094 2162 telo
2126 2114 2367 2159 defendebat
2390 2114 2441 2157 &'

282 2175 563 2222 exolescerent
593 2211 605 2233 ,
649 2193 835 2236 oportuit
891 2198 999 2225 nova
1055 2181 1194 2236 aliqua
1245 2181 1334 2237 lege
1383 2175 1490 2228 51]stae
1541 2174 1789 2219 defensionis
1845 2175 2017 2219 modum
2071 2172 2279 2221 excesserit
2316 2204 2329 2226 ‚
2364 2171 2430 2214 ·in

284 2234 373 2277 vim
405 2250 545 2279 earum
581 2238 764 2282 suscitare
794 2271 803 2282 .
851 2241 1022 2284 Veteres
1065 2239 1180 2283 enim
1226 2237 1335 2293 leges
1384 2232 1600 2290 Aquiliam
1651 2249 1734 2277 non
1779 2233 1934 2277 incidet
1972 2250 1981 2274 τ
2040 2231 2137 2288 quia
2171 2245 2279 2274 -non
2323 2228 2433 2289 iniu-

284 2290 542 2337 desuetudine
576 2294 914 2352 languescentes,
970 2296 1087 2341 novis
1133 2312 1331 2340 revocan-
1382 2290 1440 2334 ria
1478 2322 1490 2345 ‚
1535 2290 1611 2333 sed·
1656 2289 1744 2342 jure
1800 2289 1925 2348 illum
1973 2289 2132 2351 occidit·
2161 2305 2177 2329 τ·
2212 2302 2316 2351 nam
2358 2296 2429 2338 'iu-

284 2360 349 2391 tur
391 2350 439 2393 ad
485 2351 633 2408 usum,
671 2354 715 2398 &
749 2355 982 2400 viventium
1018 2354 1330 2410 magistratuum
1380 2365 1421 2393 re
1466 2359 1621 2391 naturae
1665 2347 1771 2391 rec‘te
1817 2348 1906 2392 vim
1950 2345 1997 2389 in
2042 2346 2078 2389 se.
2124 2356 2425 2388 imminentem

289 2406 533 2454 au&0ritate
576 2410 621 2454 in
663 2413 849 2486 pristinas
892 2414 997 2457 vires
1030 2413 1328 2457 restituuntur.
1378 2406 1544 2466 quisque
1587 2404 1794 2462 propulsat
1834 2436 1844 2448 ·
1889 2404 2001 2458 (ha)
2041 2404 2156 2447 cum
2198 2402 2425 2503 quadsdligg}

285 2541 1322 2562 ——ffl—--u—-c--e-——ss-——U
1382 2537 2424 2558 ———--————--———·-—·-——-

266 2622 273 2629 ι
320 2582 379 2622 (a)
405 2586 442 2617 L.
471 2586 526 2620 hos
543 2590 689 2630 accusare
707 2599 758 2622 ιι.
789 2591 819 2633 §.
842 2588 873 2632 fi
895 2565 1012 2630 seriam
1028 2586 1116 2629 fild·
1129 2586 1327 2629 ascusam&
1372 2582 1521 2623 gabant,
1547 2583 1624 2626 qnia
1649 2583 1699 2616 sus
1723 2582 1788 2615 fine
1814 2581 1905 2624 pastu
1930 2578 1974 2613 ali
2001 2578 2093 2622 poffit
2119 2575 2193 2610 faba
2225 2600 2235 2616 ‚
2263 2574 2412 2626 hordeo,

259 2627 414 2664 rnscrtpr.
1373 2626 1492 2661 gianu.
1508 2636 1520 2654 ‚
1550 2630 1585 2647 ιιι
1609 2631 1708 2649 vanu
1723 2630 1753 2647 οι
1769 2616 1957 2649 0-rumella
1972 2624 2107 2649 tracium
2122 2639 2130 2647 .
2160 2626 2243 2651 Eam
2269 2621 2419 2663 (μεριο-

320 2665 375 2709 [b]
406 2668 443 2698 L.
469 2665 571 2710 ¹5⁸3:
588 2668 625 2700 de
637 2666 706 2708 jure
716 2668 790 2711 fise.
1376 2673 1452 2696 nem
1477 2659 1585 2694 denuo
1613 2660 1781 2704 proposuit
1810 2661 1974 2697 Gerardus
2005 2661 2220 2696 Feltmannus
2244 2663 2279 2695 in
2298 2664 2419 2695 trassa-

331 2714 376 2753 [c]
403 2710 513 2748 cujac.
530 2713 668 2752 adsem.
686 2716 797 2749 Pauli.
815 2714 840 2748 Ι.
859 2721 889 2749 ι.
904 2714 960 2748 rit.
981 2722 1031 2754 ις.
1374 2717 1411 2744 tu
1424 2707 1464 2740 de
1478 2705 1650 2754 intrusione
1665 2708 1862 2741 animalium
1878 2730 1888 2740 .
2298 2750 2306 2756 “
2324 2735 2337 2747 ,

327 2759 379 2800 [Δ]
412 2759 549 2788 sotum.
573 2769 584 2790 1
597 2769 621 2790 ι.
638 2759 678 2791 Co·
704 2770 755 2798 13.
869 2757 873 2763 ⁴
1422 2752 1535 2795 [⁴³⁴⁸]
1558 2752 1740 2796 Quomodo
1768 2752 1870 2798 igitur
1896 2752 2006 2787 differt
2021 2751 2179 2791 damnum
2199 2752 2241 2785 ab
2258 2751 2380 2788 iniuria
2397 2754 2411 2786 ?

323 2804 382 2845 ζ’)
413 2805 487 2836 Imo
513 2801 593 2844 legis
617 2805 757 2847 Aquiliae
784 2803 850 2842 iam
874 2804 1101 2839 meminerunt
1126 2808 1168 2847 Q.
1189 2803 1324 2838 Mucius
1373 2801 1542 2839 Damnum
1567 2799 1621 2833 vel
1647 2797 1873 2841 confidet-atui·
1886 2807 1922 2833 ut
1935 2796 2094 2833 delifium
2116 2807 2226 2830 verim
2243 2817 2253 2836 ,
2281 2798 2312 2828 δε
2336 2805 2408 2829 tum

282 2848 427 2886 Scaevola
452 2846 489 2879 in
516 2849 556 2879 L.
573 2857 627 2888 39.
655 2855 704 2891 pr.
731 2851 761 2883 &
789 2851 908 2884 Brutus
933 2850 969 2884 in
995 2853 1031 2883 L.
1062 2861 1116 2891 27.
1146 2853 1176 2894 ς.
1194 2859 1247 2881 22.
1276 2854 1321 2882 D.
1370 2843 1480 2879 differt
1495 2842 1700 2886 abinjurh,
1721 2842 1894 2889 quodhee
1909 2843 2146 2883 contumeliae,
2175 2841 2334 2874 damnum
2348 2852 2410 2874 no-

276 2897 321 2931 ad
349 2896 412 2938 leg.
446 2893 559 2935 Aquil.
589 2903 729 2937 quorum
755 2903 891 2938 uterque
918 2899 954 2930 C.
983 2895 1156 2938 Aquilium
1174 2894 1323 2936 vGallum
1369 2891 1464 2925 cendi
1496 2890 1598 2925 caussa
1623 2889 1790 2929 insertur,
1816 2889 1873 2923 vei
1896 2888 2121 2924 consideratur
2154 2896 2190 2920 ut
2224 2887 2309 2928 quasi
2328 2886 2412 2920 deli-

280 2950 376 2975 aetate
402 2938 566 2972 anteeeffit
581 2962 591 2973 .
616 2943 728 2983 Quare
751 2939 811 2973 alii
836 2939 921 2973 hanc
946 2940 1052 2983 legem
1079 2940 1225 2973 tribuere
1248 2937 1321 2975 ma-
1369 2936 1459 2970 stum
1480 2957 1489 2975 ,
1518 2935 1622 2970 veluti
1649 2935 1780 2980 quando
1793 2936 1865 2979 quis
1879 2946 1919 2968 ex
1938 2933 2108 2977 imperitia
2127 2940 2222 2965 nocet
2241 2956 2252 2973 ,
2278 2932 2308 2965 St
2327 2940 2408 2966 tunc

276 2984 349 3019 lunt
374 2987 410 3017 L.
430 2983 563 3027 Aquilio
588 2985 742 3020 Tribuni>
767 2985 872 3029 plebis
895 2995 984 3018 anno
1007 2985 1141 3020 circiter
1159 2994 1237 3029 572.
1368 2982 1492 3022 injuria
1505 2981 1584 3015 dolo
1597 2993 1615 3014 a
1628 2980 1750 3015 damno
1767 2980 1862 3014 distat
1878 2993 1887 3022 ;
1914 2980 2074 3014 damnum
2089 2976 2287 3029 eni-inculpa
2305 2975 2407 3010 infer-

315 3030 365 3071 (ε)
390 3032 426 3061 1..
449 3040 474 3061 1.
488 3027 525 3072 ff
542 3031 584 3063 ad
597 3033 620 3063 1.
641 3032 754 3076 Aquit.
1369 3038 1448 3067 tur,
1475 3029 1506 3061 δι
1531 3027 1770 3061 detrimentum
1798 3027 1949 3060 continet
1965 3047 1976 3066 ‚
2004 3035 2080 3059 cum
2094 3034 2130 3056 in
2144 3033 2267 3061 iniuria
2284 3029 2406 3058 contu·

309 3076 371 3117 (f)
395 3076 431 3106 L.
450 3085 480 3107 2.
505 3073 543 3118 ff.
560 3076 602 3109 ad
617 3078 638 3110 Ι.
661 3077 777 3120 Aquit.
1368 3073 1469 3110 melia
1484 3073 1563 3107 dolo
1577 3073 1672 3107 illata
1687 3072 1878 3107 vindicetur
1894 3095 1901 3102 -

313 3122 384 3161 θ’)
411 3119 507 3154 Unde
534 3129 610 3154 nata
637 3122 806 3156 veteribus
830 3121 965 3165 quaestio
980 3144 990 3159 ,
1017 3132 1060 3154 an
1084 3120 1155 3154 sues
1185 3129 1316 3164 quoque
1412 3119 1474 3162 (g)
1489 3121 1524 3151 L.
1546 3128 1572 3157 5.
1596 3121 1613 3163 ς
1641 3118 1825 3158 injuriam,
1851 3117 1889 3150 <9¹
1899 3117 1964 3159 seq.
1974 3113 2013 3158 ff-
2032 3115 2075 3148 ad
2087 3116 2111 3148 l.
2128 3114 2242 3158 Aquit.

263 3164 327 3201 sitit
351 3166 386 3200 in
411 3175 554 3201 numero
583 3166 768 3210 pecudum·
801 3171 896 3202 Nam
921 3167 1006 3212 pasci
1031 3177 1085 3202 eas
1113 3165 1249 3211 quidam
1263 3177 1320 3201 ne·
1409 3165 1465 3208 (h)
1490 3165 1705 3216 L-scienriam
1715 3160 2005 3207 45-§4.ffeod·<5
2018 3163 2079 3201 L4·
2097 3160 2135 3195 <9¹
2151 3169 2181 3200 5.
2199 3156 2402 3204 §.nevam
