2524 3479
246 134 316 185 14
674 113 791 169 DE
846 113 1108 169 ORTU
1168 117 1286 171 ET
1342 117 1877 175 PROGREssu

238 193 394 236 sionem
430 189 716 248 appellabatur
759 208 767 233 :
819 192 925 248 quod
968 191 1125 234 ⁴scilicet
1181 208 1265 237 non
1316 194 1423 236 luit:
1460 194 1551 238 vel:
1585 195 1706 248 ,Quod
1734 199 1856 240 veiha
1876 194 1990 249 suffla
2011 198 2112 252 sunt
2135 202 2184 244 dc
2207 202 2341 245 Philo.

238 268 307 294 ore
327 283 338 303 ,
374 249 435 292 led
458 250 625 306 pedibus
649 264 815 292 tantum
847 251 1046 292 sententia
1078 249 1267 306 ferretur,
1308 252 1444 308 sophis
1471 284 1484 306 ‚
1518 252 1573 296 VJ
1610 256 1855 298 Rhetorzbus
1924 256 2146 301 Scribendo
2176 260 2345 305 aderant

238 309 365 365 iisque
380 307 578 359 judicium
606 309 734 350 animi
761 302 1075 363 significaretur.
1095 310 1160 352 Ex
1176 310 1266 364 qui·
1317 326 1401 353 non
1440 326 1586 355 omnes
1611 345 1624 364 ‚
1658 313 1725 368 qui
1764 314 1991 370 probassent
2019 331 2030 369 3
2080 315 2139 359 sed
2175 317 2235 371 ii,
2267 318 2339 375 qui

239 367 312 412 bus
336 366 570 419 conficitur,
586 367 874 420 Tuberonem,
894 367 961 422 qui
985 368 1127 410 omnia
1145 368 1266 421 ‚S.C.
1316 367 1519 419 majorem
1553 369 1765 414 sententiae
1801 373 2039 428 recipiendae
2063 389 2231 430 operam
2272 392 2344 419 na-

241 442 312 481 per
336 425 613 468 discessionem
643 424 728 467 fieri
753 424 944 477 dixerat,
970 425 1147 468 minime
1170 442 1264 469 curn
1317 426 1468 469 valsent
1487 459 1495 468 .
1527 427 1722 472 Formula
1753 430 1867 473 enim
1903 431 2087 488 quredam
2107 433 2229 475 S.C.
2249 450 2337 490 quse

240 484 432 527 Varrone
464 481 754 538 pugnare,qui
781 482 861 525 alia
885 484 921 524 S.
941 484 990 525 C.
1009 498 1076 538 per
1104 482 1263 526 relatio-

242 557 340 585 nem
358 574 369 595 ,
393 540 472 583 alia
501 557 568 595 per
589 539 867 583 disteffionem
895 541 978 583 sieri
1006 543 1264 584 animadver-

237 612 375 651 terat3
405 599 508 654 quod
540 598 691 642 scilicet
719 598 761 641 iu
782 599 985 655 aliquibus
1012 599 1261 643 intervenie-

240 658 308 700 bat
341 656 604 710 discessi0‚‚&
628 655 843 708 recitati03
877 672 918 699 in
942 657 1032 701 aliis
1063 673 1185 712 vero,
1204 674 1262 701 re—

244 714 445 758 citatione
477 714 622 758 omiffa
652 746 665 768 ‚
701 713 781 757 sola
812 714 1015 759 discessio.

1313 497 1427 527 extat
1478 483 1518 526 in
1558 487 1723 540 epistola
1779 488 1906 530 Coelii
1957 489 2004 530 ad
2037 491 2287 534 Ciceronem
2322 524 2335 546 ,

1313 541 1513 594 ostendit,
1536 543 1743 588 scribendo
1771 551 1917 598 paucos
1941 546 2089 589 affuisse
2105 578 2116 599 ,
2135 564 2228 590 curn
2248 548 2339 602 plu-

1315 615 1374 643 res
1402 600 1710 645 consensissent.
1743 605 1809 654 (d)
1837 603 2048 646 Addebatu
2099 605 2142 646 ὅ(
2166 606 2221 646 Τ.
2247 605 2338 650 lite-

1316 673 1474 714 ra‚qua
1504 658 1800 703 sisnificaretur
1827 661 1934 704 idem
1960 661 2233 712 &Tribunos
2252 663 2338 717 ple·

1315 716 1374 759 bis
1397 716 1706 769 censuiffe3s1ve
1733 734 1815 760 non
1832 718 1905 761 esse
1934 719 2336 774 intercessum3ideo·

1258 791 1262 793 ·
1313 790 1390 831 que
1420 775 1459 816 S.
1476 776 1529 817 C.
1566 776 1734 819 firmum
1774 776 1848 819 esse
1876 808 1884 818 .
1914 777 2070 820 Eorum
2091 810 2102 831 ‚
2144 779 2211 834 qui
2243 779 2337 824 ade-

377 830 418 874 C
497 832 537 874 A
618 830 648 873 P
726 831 771 872 U
850 832 894 872 T
1011 833 1051 875 X
1070 833 1123 875 X.

412 920 477 963 De
496 915 608 972 Justo
633 918 866 960 Senatorum
888 917 1063 962 Numero
1078 951 1086 961 .

371 1008 409 1049 E
442 1021 614 1049 numero
651 1007 896 1048 Senatorum
942 1006 989 1047 ad
1033 1005 1072 1048 S.
1098 1005 1151 1047 C.
1202 1004 1261 1047 fa-

389 1064 580 1107 ciendum
629 1062 845 1105 necessario
886 1095 898 1116 ‚
950 1063 1023 1105 nisi
1068 1064 1258 1118 augurari

240 1120 444 1172 velimus,
477 1119 583 1163 nihil
616 1135 665 1163 ex
698 1120 901 1164 veteribus
929 1119 1040 1164 libris
1076 1137 1259 1175 comper-

239 1191 330 1221 tum
365 1179 482 1221 nobis
512 1178 565 1221 est
587 1209 599 1232 ,
631 1181 736 1234 quod
764 1191 875 1222 certo
908 1179 1083 1222 ausimus
1115 1180 1262 1222 confir-

238 1252 377 1280 mare.
411 1238 498 1288 (a)
529 1236 634 1280 Sane
667 1236 803 1279 scribit
842 1235 955 1289 Dio,
991 1237 1221 1290 Augustum
1250 1268 1262 1290 ,

239 1310 335 1338 cum
378 1294 533 1337 videret
561 1293 700 1337 minus
726 1293 957 1349 frequentes
989 1295 1062 1337 esse
1090 1295 1261 1337 Senato-

239 1368 304 1395 res
326 1385 338 1406 ‚
374 1351 543 1394 statuisse
566 1383 579 1405 ,
610 1366 655 1395 ut
687 1351 727 1394 S.
749 1353 802 1393 C.
835 1352 979 1394 fierent
1008 1352 1160 1394 minori
1195 1352 1262 1395 Se-

239 1423 435 1452 natorum
458 1424 631 1452 numero
660 1441 672 1463 ‚
705 1425 826 1466 quam
849 1410 1259 1465 quadringentorum:

241 1483 339 1512 cum
383 1480 503 1511 antea
536 1479 622 1510 rata
673 1482 758 1509 non
789 1467 912 1510 essent
959 1468 997 1510 S.
1023 1470 1074 1510 C.
1119 1468 1263 1523 quibus

240 1523 470 1568 minimum
501 1525 789 1581 quadringenti
823 1526 1035 1568 Senatores
1078 1541 1161 1568 non
1194 1525 1261 1567 ad-

243 1581 439 1626 fuissent.
474 1583 635 1625 Verum
678 1582 915 1626 Prudentius
941 1596 1141 1627 trecentos
1173 1595 1243 1626 tan

243 1651 334 1684 turn
363 1640 512 1692 judicat
541 1639 690 1692 justum
722 1639 837 1684 fuisse
869 1656 1115 1685 numerum.

244 1757 328 1800 Hic
352 1756 526 1811 consulta
545 1757 716 1799 Parrum
739 1755 931 1809 confislere
949 1758 1261 1813 conscriptorum,

243 1815 340 1857 Non
358 1815 479 1856 alite-1·
494 1815 782 1870 licicumprisco
802 1815 879 1868 sub
905 1827 1083 1870 tempore,
1099 1814 1263 1872 quamsi

242 1874 479 1916 Tercentum
494 1870 650 1928 senfiffe
669 1874 789 1915 Senes
809 1875 1022 1930 legerentur
1046 1875 1090 1915 in
1117 1889 1237 1915 unum
1254 1905 1262 1914 .

242 1989 303 2032 At
346 1987 413 2031 hic
455 1988 565 2032 locus
605 1988 735 2044 magis
767 1990 814 2032 ad
848 2005 1067 2033 numerum
1104 1989 1257 2032 senten-

238 2046 394 2089 tiarum
428 2078 439 2099 ,
484 2062 608 2101 quam
652 2048 699 2089 ad
748 2062 966 2091 numerum
1013 2049 1260 2090 Senatorum

242 2105 446 2158 pertinere
479 2105 639 2147 videtur
663 2136 672 2146 .
703 2105 879 2148 Certum
913 2122 1008 2149 vero
1044 2121 1262 2149 numerum

240 2161 353 2204 fuiffe
398 2162 446 2203 ad
477 2162 516 2205 S.
541 2163 593 2204 C.
628 2162 889 2206 neceisariurn
918 2196 928 2214 ,
975 2164 1067 2205 inde
1101 2163 1261 2218 colligi-

244 2230 310 2261 tur
340 2250 351 2269 ,
393 2218 499 2273 quod
532 2235 619 2262 mos
652 2234 739 2262 erat
766 2251 777 2273 ‚
812 2234 854 2263 ut
885 2221 1020 2277 quivis
1053 2221 1226 2263 Senator
1252 2252 1263 2269 ,

242 2276 311 2331 qui
348 2276 386 2317 S.
415 2277 467 2317 C.
503 2275 701 2320 imoedire
741 2277 893 2331 vellet,
925 2279 1058 2322 di.ere
1090 2277 1260 2322 Conluli

245 2332 371 2389 posset
400 2334 488 2387 (b)
519 2333 701 2377 Numera
725 2336 939 2379 Senatum.

404 2450 446 2493 C
506 2451 547 2493 A
608 2450 639 2493 P
700 2453 745 2494 U
805 2453 848 2495 T
963 2454 1087 2497 XXI.

359 2536 424 2580 De
454 2537 744 2592 Conscribendo
772 2538 1117 2594 Senatusconsrzlto
1136 2571 1145 2583 .

367 2622 577 2668 Iscessione
609 2623 712 2669 fasta
734 2659 746 2680 ‚
777 2627 883 2669 S.C.
920 2627 1165 2671 scribebatur
1193 2642 1263 2670 ex-

347 2735 354 2743 .
397 2682 521 2735 presso
557 2684 728 2727 nomine
770 2683 880 2728 illius
904 2717 915 2738 ,
949 2685 991 2728 in
1025 2685 1136 2736 cujus
1181 2685 1263 2728 sen-

250 2747 426 2780 tentiam
458 2739 577 2790 fiebat
602 2771 614 2793 ,
646 2741 905 2797 expositaque
934 2742 1172 2786 summatim
1209 2758 1264 2795 re,

245 2794 292 2837 de
317 2810 395 2850 qua
418 2794 554 2838 fuerat
594 2798 873 2841 consultatum
899 2816 906 2839 τ
941 2813 986 2843 ut
1017 2816 1065 2844 ex
1099 2800 1161 2843 his
1196 2816 1263 2844 ve-

246 2863 377 2894 terum
416 2853 671 2908 Scriptorum
708 2855 976 2907 superstitibus
1023 2857 1222 2911 exemplis
1254 2874 1263 2899 ε

244 2910 325 2962 (c)
356 2910 474 2962 ,Qgtod
505 2912 570 2953 M.
587 2913 807 2955 ,Marcellus
833 2914 925 2964 Cos.
948 2915 1070 2957 verba
1092 2915 1191 2969 fecit
1220 2919 1266 2958 de

248 2967 510 3012 Provinciis:
548 2970 635 3014 vel:
671 2972 839 3014 Marcus
867 2972 1112 3029 Pomponius
1132 2974 1267 3029 consu-

288 3163 344 3204 (δ)
373 3169 442 3202 Lib.
464 3179 515 3210 54.
551 3173 587 3204 in
598 3170 661 3212 fin.

287 3210 346 3251 (⁶)
371 3215 506 3249 Hotom.
538 3219 645 3260 antiq.
661 3218 719 3251 lib.
735 3220 773 3252 de
793 3219 947 3251 senam.
965 3224 1069 3263 παρη.

288 3257 339 3299 (C)
363 3259 501 3297 Hotom.
527 3264 566 3299 de
578 3265 693 3301 senae-
709 3264 804 3300 liba.
821 3266 934 3305 cap-8.

1163 3111 1425 3121 a———o—

1315 846 1403 877 rant
1429 865 1440 885 ,
1476 836 1645 877 nomina
1680 835 1716 876 S.
1745 835 1795 876 C.
1822 834 2150 878 adscribebantur
2179 868 2190 890 ,
2223 837 2334 881 dice·-

1314 892 1574 947 banturque‚
1618 891 1878 935 auPtoritates
1920 892 2190 948 perscriptae:
2238 894 2333 951 quia

1312 948 1515 992 clarorum
1553 950 1739 992 virorum
1771 950 1942 993 nomina
1978 951 2197 1006 perscripta
2241 968 2331 996 ma-

1310 1023 1437 1065 gnam
1469 1009 1508 1050 S.
1530 1007 1585 1050 C.
1619 1008 1844 1052 tribuerent
1877 1008 2189 1053 au&oritatem.

1468 1121 1910 1166 CAPUT
2029 1124 2178 1168 XXII.

1565 1239 1632 1281 Dc
1661 1237 1930 1292 Adservando
1958 1239 2003 1281 S.
2037 1243 2090 1284 C.

1382 1352 1581 1410 Criptum
1604 1354 1642 1396 S.
1661 1354 1714 1397 C.
1740 1353 1865 1398 initio
1889 1354 2055 1410 quidem
2082 1353 2334 1401 deferebatur

1412 1412 1454 1454 in
1478 1412 1602 1455 aedem
1629 1412 1791 1456 Cereris
1818 1428 1830 1465 3
1864 1413 1997 1467 postea
2025 1429 2118 1456 vero
2154 1414 2196 1457 in
2238 1430 2334 1458 aera-

1313 1468 1420 1512 rium
1454 1503 1460 1508 .
1498 1469 1566 1514 ubi
1603 1470 1708 1526 leges
1737 1503 1748 1523 ,
1785 1470 1829 1513 &
1856 1471 2136 1525 pretiofiffima
2167 1487 2334 1528 quaeque

1313 1528 1439 1570 Urbis
1463 1528 1785 1571 asservabantur:
1805 1543 1933 1584 neque
1959 1543 2053 1573 ante
2083 1544 2213 1572 ratum
2229 1542 2333 1584 erat,

1312 1601 1434 1640 quam
1463 1584 1506 1627 iri
1528 1586 1668 1629 aerario
1698 1585 1958 1629 conderetur.
1981 1589 2037 1638 (e)
2054 1587 2133 1641 Qui
2153 1603 2242 1629 mos
2269 1587 2327 1628 as-

1315 1643 1494 1686 servandi
1533 1645 1576 1686 S.
1599 1645 1650 1686 C.
1699 1643 1776 1687 fuit
1806 1643 2015 1687 institutus
2060 1651 2109 1687 ab
2153 1644 2333 1688 Horatio

1318 1700 1565 1757 Valerioque
1597 1701 1706 1744 Coss.
1750 1701 1820 1757 qui
1852 1703 1891 1744 S.
1915 1703 1967 1744 C.
2005 1703 2047 1744 in
2078 1702 2204 1745 aedem
2282 1717 2335 1744 ae-

1313 1762 1409 1802 reris
1441 1759 1583 1802 deferri
1625 1758 1853 1810 jusserunt:
1887 1775 1938 1802 ne
1970 1759 2159 1813 deinceps
2183 1792 2196 1814 ‚
2227 1760 2335 1803 arbi·-

1312 1818 1392 1860 trio
1415 1816 1674 1869 Consulum,
1706 1824 1749 1859 ut
1762 1830 1906 1870 antea,
1940 1831 2300 1870 corrumperentur
2320 1847 2335 1871 ,

1312 1887 1380 1918 aut
1415 1875 1753 1918 subducerentur·
1783 1875 2013 1918 Scribendis
2037 1875 2075 1916 S.
2091 1875 2142 1916 C.
2166 1890 2335 1930 operam

1339 1933 1463 1976 abant
1492 1934 1526 1975 sc
1553 1935 1651 1987 ibae3
1681 1933 1752 1976 nisi
1779 1932 1874 1988 quid
1899 1933 2007 1975 S.C.
2029 1931 2167 1975 inesset
2185 1964 2195 1982 ‚
2226 1932 2336 1988 quod

1315 1990 1472 2046 vulgari
1507 1991 1683 2034 minime
1713 1991 1986 2034 conveniret:
2022 1991 2059 2032 id
2090 1991 2202 2032 enim
2238 2004 2328 2033 tum

1315 2047 1522 2092 Senatoris
1550 2065 1674 2092 manu
1703 2048 1950 2092 scribebatur
1969 2080 1981 2099 ‚
2013 2047 2183 2091 exclusis
2207 2047 2334 2091 etiam

1315 2106 1507 2160 pedariis,
1541 2107 1646 2162 quod
1680 2107 1850 2149 tacitum
1896 2107 1935 2148 S.
1960 2106 2012 2149 C.
2046 2105 2124 2148 fuit
2156 2104 2334 2161 appella-

1315 2178 1431 2218 tum,
1466 2178 1510 2207 ut
1543 2164 1666 2207 tradit
1696 2163 1778 2218 (f)
1808 2163 2100 2221 Capitolinus.

1441 2279 1480 2321 C
1541 2281 1582 2321 A
1643 2279 1675 2321 P
1734 2281 1778 2321 U
1838 2281 1882 2321 T
2001 2281 2042 2322 X
2055 2280 2096 2322 X
2120 2278 2133 2318 I
2152 2279 2171 2320 I
2189 2278 2222 2320 I.

1316 2376 1384 2438 DE
1410 2394 1688 2450 Impedimento
1718 2395 1762 2494 {-
1792 2396 1843 2493 (ἐ
1868 2392 1959 2460 slve
1990 2395 2038 2436 de
2069 2391 2335 2450 Interceffione

1327 2495 1329 2497 .
1766 2469 1797 2494 rt
1829 2469 1921 2495 unz.

1387 2568 1741 2614 Enatusconsultis
1768 2568 2032 2613 conficiendis
2063 2566 2336 2623 impedimen-

1318 2650 1341 2669 ι,
1416 2642 1458 2670 to
1490 2641 1605 2670 erant
1644 2628 1944 2671 intercessiones
1975 2644 2116 2671 eorum
2137 2659 2148 2679 ‚
2180 2623 2332 2682 quivel

1314 2685 1454 2727 eadem
1480 2687 1605 2728 essent
1630 2686 1848 2741 potestate,
1882 2702 1964 2749 ’qua
2005 2687 2031 2728 ii
2058 2718 2070 2740 ,
2103 2684 2170 2740 qui
2215 2688 2254 2723 S.
2281 2682 2335 2723 C.

1316 2741 1444 2786 facere
1479 2743 1632 2786 vellent
1664 2776 1675 2796 ‚
1710 2743 1770 2786 vel
1809 2760 1995 2796 majore:
2033 2742 2136 2784 unde
2169 2738 2346 2782 Consul.

1315 2799 1517 2850 Consuli,
1553 2801 1703 2842 Praetor
1737 2802 1930 2852 Praetori3
1962 2816 2007 2842 ac
2039 2798 2212 2853 denique
2240 2796 2337 2838 Tri-

1317 2858 1414 2901 buni
1449 2857 1574 2913 plebis
1599 2889 1611 2910 ,
1646 2874 1717 2911 pro
1750 2858 1941 2912 potestate
1973 2856 2042 2899 sibi
2071 2857 2218 2900 sacrata
2250 2855 2338 2910 lege

1320 2916 1497 2969 tributa,
1530 2916 1718 2972 quamvis
1749 2930 1797 2957 ex
1833 2915 2064 2969 minoribus
2095 2913 2218 2956 essent
2249 2927 2337 2954 ma-

1316 2973 1543 3032 gistratibus
1582 3005 1595 3027 ‚
1636 2972 1817 3016 obsistere
1869 2984 2058 3029 poterant
2101 2970 2338 3068 omnibusv,

2254 3042 2275 3070 e
2305 3042 2339 3069 ι-

1355 3171 1413 3210 (d)
1441 3172 1578 3203 norom.
1607 3169 1647 3202 de
1675 3166 1861 3201 sen.ls'b.1.
1897 3176 2000 3209 cap.9.
2037 3168 2168 3200 Manut.
2197 3163 2235 3198 de
2259 3163 2339 3196 sen.

1321 3217 1414 3249 Rom.
1435 3223 1492 3257 cap
1521 3217 1583 3248 ule.
1680 3214 1735 3254 (e)
1761 3217 1895 3247 Sveton.
1914 3215 1952 3245 in
1972 3211 2110 3256 August.

1324 3255 1330 3268 ’
1365 3261 1423 3305 (f)
1450 3262 1590 3295 Hotom.
1605 3261 1645 3295 de
1656 3261 1731 3294 sm.
1750 3257 1849 3295 lib-i.
1868 3269 1892 3292 t.
1911 3266 1940 3300 9·
