2596 3479
235 108 339 157 228

899 114 1040 166 DE
1119 113 1729 187 LEGIBUS,

230 181 407 224 minime
442 181 626 228 tenebit:
662 186 755 242 quia
792 187 941 231 sublata
975 188 1061 242 lege
1093 205 1178 233 non
1200 191 1273 236 ho·
1328 191 1541 248 Propterea
1586 182 1648 238 illi
1700 195 1791 238 sunt
1822 192 1997 250 imperio
2027 196 2242 252 aptiores,
2291 201 2362 252 qui

231 253 303 281 mo
331 269 344 291 ,
378 239 438 282 scd
471 240 579 293 fera,
613 258 701 298 quae
734 245 775 287 in
811 245 980 288 homine
1011 246 1275 305 admiscetur,

230 294 491 352 imperabit:
539 301 642 344 unde
675 302 787 345 ficuti
820 303 947 346 homo
980 303 1061 348 sine
1094 305 1179 349 ulla
1212 323 1271 351 ra-

233 353 345 399 tione
390 356 489 399 duce
537 373 606 413 per
650 358 684 401 se
729 361 921 414 corruit3
965 363 1022 405 ita
1053 363 1096 405 δε
1129 364 1271 408 civitas

230 413 376 470 absque
410 413 497 471 lege
527 446 539 468 ‚
590 415 667 459 sive
698 418 858 462 ratione
891 419 1053 475 publica
1085 421 1272 467 dissolve·

231 483 299 514 tur
332 488 342 512 ε
394 472 437 516 8(
479 472 546 528 qui
582 473 795 528 publicum
828 493 954 521 omne
986 479 1035 522 ad
1068 480 1271 536 privatam

231 529 409 572 deflcffit
441 530 709 586 utilitatem-2
749 533 796 576 in
837 535 1057 580 discrimen
1099 538 1271 583 adducet

230 601 452 644 utrumque
485 603 497 641 3
548 601 596 631 ut>
637 590 804 635 summce
837 594 1058 649 prudentiae
1092 595 1272 650 plerum-

232 660 311 700 que
346 645 391 688 sit
424 646 528 689 velle
563 646 670 691 infra
703 665 826 705 quarn
861 654 977 706 poffis
1011 669 1021 694 τ
1075 669 1149 697 uec
1185 655 1274 698 satis

229 718 412 758 unquam
435 702 617 747 laudetur
640 707 839 751 Hesiodus
857 709 1004 753 doeens
1020 742 1031 763 ‚
1053 712 1270 757 dimidium

234 759 323 816 plus
355 760 429 804 esse
449 793 465 815 ,
494 777 618 817 quam
653 776 820 808 toturn:
855 765 1021 824 jureque
1055 785 1267 814 commen-

232 818 349 861 detur
381 820 605 875 Spartanus
638 820 708 865 ille
743 823 1043 880 Theopompus
1064 858 1075 879 ‚
1109 827 1180 883 qui
1212 844 1270 872 re-

231 875 344 931 giam
378 908 390 929 ‚
439 893 563 933 quam
596 879 808 923 obtinebat
833 912 844 934 ‚
890 883 1124 936 potestatem
1158 899 1272 930 exte-

229 933 400 988 nuavit,
432 934 589 986 objeeto
611 937 645 979 ei
669 937 932 992 Ephororum
955 940 1155 996 imperio:
1190 959 1273 1000 quo

229 991 400 1035 consilio
432 1006 633 1047 quantum
669 995 950 1049 posterioribus
980 1000 1138 1054 regibus
1159 1014 1265 1056 pote-

232 1048 341 1092 statis
372 1049 524 1093 ademit
555 1083 567 1103 ,
619 1063 781 1096 tantum
814 1054 1091 1100 dominationi
1124 1074 1271 1102 eorum·

234 1106 457 1150 securitatis
488 1108 633 1159 adjecit
665 1109 708 1153 δε
741 1111 870 1154 vita’.
906 1114 1029 1158 Unde
1062 1117 1111 1158 ab
1144 1133 1270 1161 uxore

231 1177 441 1220 correptus
464 1198 476 1219 ‚
522 1167 628 1222 quod
662 1184 840 1225 regnum
871 1170 957 1214 filio
993 1173 1269 1219 imminutum

234 1222 406 1266 traderet
442 1240 452 1264 ε
506 1225 682 1269 minime
707 1258 719 1281 ,
763 1227 898 1283 inquit
925 1261 937 1281 ‚
970 1231 1118 1275 reddidi
1151 1233 1268 1277 enim

231 1278 464 1324 diuturnius
489 1314 497 1323 .
532 1284 694 1336 Regum
727 1286 845 1329 enim
864 1286 897 1329 is
918 1287 1057 1332 minus
1077 1290 1269 1345 invidiae,

233 1338 484 1394 periculique
519 1339 681 1384 subierit
714 1375 726 1396 ,
776 1345 844 1399 qui
892 1345 925 1387 se
970 1347 1084 1402 supra
1116 1361 1268 1391 ceteros

232 1394 373 1439 minus
404 1397 627 1441 extulerit:
662 1402 815 1456 quique
847 1403 1001 1447 multos
1033 1405 1080 1448 ad
1111 1407 1267 1451 exerci-

235 1453 342 1495 tium
387 1455 559 1509 publicae
605 1459 806 1510 potestatis
838 1460 1085 1516 admiserit,
1138 1465 1269 1519 plures

234 1509 426 1566 adjunget
459 1512 526 1554 sibi
561 1515 707 1569 pedes,
739 1517 781 1560 ἃ
814 1518 954 1562 oculos
977 1552 988 1573 ,
1020 1521 1063 1564 ὅτ.
1097 1538 1266 1565 manus:

236 1566 459 1617 eujusmodi
507 1569 600 1613 sunt
626 1588 651 1614 a
682 1589 775 1629 rege
808 1577 932 1619 creati
967 1578 1223 1634 magistratus
1255 1612 1268 1635 ‚

235 1625 303 1679 qui
351 1625 376 1668 si
421 1626 598 1672 liberum
626 1628 694 1674 fibi
730 1635 804 1675 suae
833 1632 1124 1684 jurisdiffionis
1155 1654 1270 1682 exer-

237 1681 384 1726 citium
418 1685 680 1739 permittatur
705 1719 717 1741 ‚
750 1705 845 1734 cum
882 1692 1004 1737 salute
1038 1696 1144 1752 regis
1176 1712 1269 1751 pro-

237 1740 371 1794 priam
415 1743 705 1790 auetoritatem
747 1750 949 1801 putabunt
989 1752 1064 1796 esse
1097 1753 1272 1805 conjun-

235 1798 341 1840 &am
376 1829 387 1839 .
440 1801 563 1844 Unde
608 1818 692 1846 non
736 1807 842 1863 regis
882 1820 1047 1862 tantum
1080 1842 1091 1863 ‚
1135 1811 1195 1854 sed
1227 1811 1270 1854 δε

234 1855 408 1910 propriae
440 1857 630 1903 utilitatis
662 1863 777 1905 causa
809 1867 1011 1909 curabunt
1038 1868 1207 1922 populos
1228 1869 1271 1912 in

237 1912 312 1955 fide
346 1915 557 1959 continere
588 1948 597 1959 .
649 1921 744 1973 Quo
794 1921 920 1965 studio
953 1924 1128 1970 minime
1161 1940 1274 1970 tene-

236 1970 421 2022 buntur,
454 1972 481 2014 si
514 1974 691 2020 viderint
724 1977 861 2022 minus
893 1996 1036 2025 eorum
1071 1983 1177 2038 reg-is
1208 2000 1270 2027 ar·

236 2027 365 2071 bitrio
417 2029 551 2085 saepius
582 2031 858 2090 interceptum
892 2051 1012 2095 atque
1049 2042 1271 2085 turbatum.

239 2087 336 2139 Quo
368 2089 499 2144 magis
530 2092 759 2136 cavendum
793 2096 1045 2151 principibus
1071 2130 1083 2153 ‚
1128 2116 1180 2143 ne
1212 2112 1274 2143 at-

235 2142 406 2200 tingant
441 2147 759 2204 {magistratuum
791 2154 1076 2200 aussoritatem
1108 2189 1124 2210 ‚
1171 2173 1275 2201 neve

239 2202 497 2257 cognitiones
537 2205 704 2251 illorum
754 2210 803 2252 ad
853 2212 887 2254 se
931 2212 1097 2256 trahant
1138 2231 1155 2255 r
1201 2215 1273 2258 nisi

238 2260 402 2314 quando
434 2277 502 2317 per
533 2264 675 2318 gradus
709 2281 768 2309 res
800 2268 849 2310 ab
878 2283 1024 2313 eorum
1055 2270 1205 2322 judicio
1227 2272 1279 2315 ad·

239 2317 474 2372 supremum
517 2321 715 2377 principis
756 2339 806 2367 ex
850 2328 1154 2380 provocationis
1187 2331 1274 2385 lege

242 2374 486 2419 devolvatur
510 2409 519 2419 .
562 2379 678 2423 Hinc
722 2381 951 2435 plurimum¹
984 2385 1181 2439 profuerit
1215 2386 1274 2430 fu-

245 2444 337 2475 turo
381 2434 463 2490 regi
515 2435 650 2490 plures·
678 2451 798 2482 antea
832 2441 980 2496 gessisse
1012 2443 1194 2486 minores
1234 2444 1277 2487 &

243 2489 418 2541 majores
450 2494 704 2549 magistratus
739 2528 751 2549 ,
801 2497 843 2539 ἃ
877 2498 1082 2551 majorum
1115 2500 1277 2551 jussibus

241 2563 381 2602 parere
412 2549 626 2595 didicisse:
662 2565 706 2596 ut
738 2569 785 2598 ex
821 2557 988 2612 proprio
1018 2559 1276 2612 experimen-

242 2615 284 2647 to
329 2605 484 2651 sensum
534 2609 727 2666 colligere
778 2611 914 2656 valeat
962 2613 1231 2667 subjes'rorurn
1265 2649 1275 2660 .

1324 248 1392 294 diu
1443 265 1581 305 parere
1612 251 1857 297 assueverint
1890 270 1898 294 :
1958 254 2055 309 quia
2085 253 2364 302 tolerabiliurn

1323 306 1366 348 &
1411 306 1738 354 intolerabilium
1779 325 1954 354 onerum
2000 326 2291 367 argumentum
2339 332 2364 360 a

1327 363 1546 419 semetipsis
1576 367 1778 422 capiunt,
1821 369 1864 411 &
1895 385 1917 411 a
1951 369 2230 413 recordatione
2263 389 2363 426 prae-

1322 422 1436 465 teriti
1469 423 1697 478 temporis:
1731 442 1777 468 ac
1810 427 1930 480 probe
1961 426 2124 479 sciunt,
2157 440 2361 483 quantum

1323 478 1503 531 subjeetis
1536 480 1610 524 suis
1641 493 1729 525 tuto
1755 483 1798 525 sit
1821 483 2120 537 imponendum
2143 517 2155 537 ‚
2191 501 2239 528 ne
2261 485 2362 529 alias

1321 536 1367 580 de
1399 552 1447 581 eo
1468 537 1704 592 praedicetur
1719 570 1731 594 ,
1763 541 1870 597 quod
1891 541 1937 585 de
1959 540 2130 585 domino
2153 542 2218 586 suo
2242 543 2364 587 Plau-

1321 595 1432 638 tinus
1460 594 1528 638 ille
1554 597 1660 639 Sosia
1679 614 1693 638 .-

1438 655 1621 708 AEquum
1651 652 1721 710 effe
1745 666 1865 712 putat
1884 687 1896 710 ‚
1928 673 2006 699 non
2034 668 2187 713 reputat
2215 658 2363 703 laboris

1491 712 1592 766 quid
1615 711 1670 762 sit
1695 744 1707 765 ‚

1437 768 1578 824 Neque
1608 786 1756 825 aequun
1783 801 1795 824 ‚
1835 785 1938 812 anne
1979 770 2166 826 iniquum
2196 774 2358 829 imperet

1492 827 1680 882 cogitabit
1700 859 1709 870 .

1521 886 1562 928 C
1623 887 1659 927 A
1724 884 1752 926 P
1813 886 1856 927 U
1918 886 1961 927 T
2052 887 2159 931 ΧΠ.

1610 944 1678 986 De
1710 943 1949 997 tyrannide.
1978 944 2060 995 (⁸)

1451 999 1547 1042 Uod
1590 999 1644 1042 sui
1690 999 1895 1053 taedium,
1935 1013 2059 1057 atqzue
2090 1003 2359 1050 offensionem

1467 1056 1715 1111 populorum
1748 1056 1864 1100 nullo
1897 1058 2016 1113 pasto
2050 1058 2358 1114 suspicabuntur

1468 1114 1524 1166 ii,
1558 1114 1702 1169 quibus
1724 1113 1856 1158 adhuc
1884 1116 2016 1170 pueris
2040 1116 2139 1160 dum
2161 1118 2362 1164 adolesce-

1321 1184 1410 1214 rent
1429 1203 1447 1225 ,
1476 1171 1686 1228 multaque
1710 1171 1827 1215 stulte
1848 1204 1860 1226 ‚
1883 1186 2003 1229 atque
2030 1173 2268 1220 immodeste
2287 1192 2361 1232 ap-

1321 1243 1503 1281 peterent
1530 1261 1541 1282 ,
1583 1229 1728 1274 omn-ia
1756 1230 2103 1282 permittebantur
2129 1249 2151 1276 a
2186 1233 2362 1278 nutrici-

1322 1286 1391 1329 bus
1415 1320 1426 1340 ,
1463 1286 1846 1343 praeceptoribusque
1881 1288 1988 1331 suis:
2021 1291 2091 1346 qui
2119 1290 2363 1348 plerumque

1319 1360 1458 1400 regum
1487 1345 1592 1388 filios
1619 1360 1723 1389 curae
1750 1345 1824 1388 sute
1849 1347 2109 1390 concreditos
2129 1349 2360 1403 adulando,

1317 1402 1359 1445 8<
1387 1402 1630 1446 blandiendo
1655 1419 1676 1446 e
1706 1402 1832 1446 stultis
1858 1403 2030 1446 reddunt
2054 1405 2254 1449 stultiores
2275 1422 2287 1458 ι,
2312 1417 2360 1449 ut

1323 1475 1407 1503 non
1454 1460 1666 1504 immerito
1712 1459 1826 1515 regni
1870 1460 2011 1505 Persici
2046 1462 2209 1506 ruinam
2243 1463 2360 1506 Plato

1322 1517 1562 1562 mulieribus
1610 1518 1808 1562 adscribat
1833 1549 1845 1570 ‚
1893 1518 1936 1560 &
1985 1519 2186 1562 eunuchis
2223 1552 2248 1584 ,-
2286 1520 2360 1576 qui-

1319 1575 1551 1629 Cambysen
1584 1592 1607 1618 a
1640 1591 1788 1630 puer0‚
1820 1575 1918 1617 dum
1949 1575 2087 1629 Cyrus
2110 1585 2251 1631 procul
2272 1576 2363 1620 bel-

1321 1633 1368 1676 lis
1400 1633 1658 1676 distineretur
1678 1664 1690 1686 ,
1723 1631 2204 1688 assiduisdelinimentis,
2237 1647 2363 1690 atque

1319 1690 1659 1735 assentationibus
1693 1705 1782 1732 non
1811 1690 1859 1732 ad
1893 1691 2151 1745 prudentiam
2179 1724 2192 1744 ‚
2240 1692 2274 1736 se
2307 1692 2361 1735 ads

1319 1748 1526 1804 insignem
1558 1747 1787 1792 amentiam
1813 1746 2076 1792 instituerunt
2096 1781 2112 1792 ,ι
2138 1750 2253 1793 Hinc
2274 1764 2361 1793 non

1319 1807 1474 1850 mirum
1499 1838 1511 1861 ‚
1564 1806 1588 1849 fi
1632 1806 1700 1862 qui
1744 1806 1795 1847 ab
1825 1805 1991 1849 ineunte
2021 1820 2138 1850 aetate
2169 1820 2360 1864 appetere

1319 1866 1463 1908 omnia
1491 1895 1503 1918 ‚
1534 1863 1577 1907 &
1608 1863 1750 1906 omnia
1786 1865 1938 1916 pariter
1968 1865 2155 1908 obtinere
2188 1864 2358 1907 consue-

1320 1923 1458 1966 verint
1501 1953 1515 1976 ‚
1559 1921 1714 1977 reliqua
1757 1920 1843 1962 vita
1876 1920 1985 1964 nihil
2019 1921 2089 1965 fibi
2122 1921 2360 1978 negandum

1320 1996 1501 2037 unquam
1531 2011 1543 2032 ‚
1587 1979 1690 2022 nulli
1737 1978 1886 2024 sumtui
1933 1979 1998 2021 sua
2041 1978 2155 2022 causa
2189 1994 2357 2034 parcen-

1321 2038 1418 2081 dum
1443 2070 1456 2092 ‚
1488 2054 1534 2080 ac
1568 2053 1618 2080 ne
1652 2036 1880 2092 pauxillum
1914 2035 2007 2080 aliis
2040 2036 2360 2092 relinquendum

1324 2096 1550 2151 opinentur
1580 2110 1720 2138 eorum
1743 2127 1757 2149 5
1786 2096 1935 2150 quibus
1965 2093 2036 2148 ipsi
2068 2093 2320 2138 delefi'tantur
2348 2124 2359 2136 .

1327 2158 1465 2209 Atque
1498 2152 1560 2195 his
1591 2167 1640 2196 ex
1673 2152 1856 2196 moribus
1888 2151 2051 2195 eveniet
2074 2183 2087 2206 ‚
2118 2151 2226 2208 quod
2257 2166 2358 2216 prae3

1323 2211 1425 2254 dicit
1455 2209 1692 2265 Xenophon
1719 2243 1733 2264 ‚
1781 2211 1888 2262 (a)
1937 2221 1982 2252 ut
2025 2225 2108 2272 non
2153 2224 2243 2251 raro
2285 2223 2357 2264 qni

1323 2267 1533 2321 optimam·
1571 2268 1782 2310 beatarum
1826 2282 1960 2310 rerum
2005 2279 2236 2321 portionem
2271 2264 2359 2320 pos-

1327 2325 1496 2367 siderent
1527 2356 1541 2376 ,
1591 2340 1686 2366 cum
1737 2323 1893 2379 reliqua
1937 2322 2132 2366 invadere
2159 2337 2360 2366 conaren—

1326 2394 1390 2424 tur
1419 2413 1432 2435 ,
1479 2381 1636 2424 suarum
1668 2395 1827 2436 quoque
1862 2394 1994 2423 rerum
2030 2380 2261 2443 possessione
2292 2379 2360 2441 de-

1326 2439 1500 2482 ciderint
1537 2470 1544 2477 .
1601 2437 1717 2481 Adeo
1758 2449 1897 2481 autem
1940 2437 1982 2480 in
2026 2438 2176 2480 animis
2220 2437 2360 2501 horni-

1328 2512 1428 2539 num
1463 2494 1588 2551 pollet
1621 2494 1828 2550 aequalitas
1852 2526 1864 2547 ‚
1915 2506 1960 2536 ut
2003 2493 2117 2536 sicuti
2151 2494 2249 2558 justa
2279 2509 2360 2537 im-

1328 2556 1436 2610 peria
1499 2553 1772 2608 inaequalitate
1838 2551 2124 2595 subvertuntur
2156 2583 2169 2606 ,
2228 2562 2292 2614 lta·
2338 2565 2361 2594 e

1327 2611 1532 2655 contr-ario
1563 2609 1715 2662 injustsae
1746 2609 2050 2653 dominat-iones
2073 2607 2314 2665 aequalitans
2345 2637 2361 2660 ‚

2246 2675 2366 2719 atque

1786 2740 2366 2755 ———-—·-—⁴-

253 2741 1278 2763 -.-.—.——-..—...-..-.--.-.-—..-.-..——.—.
1339 2746 1781 2769 ——···—---—-·—·

292 2802 349 2843 (ῤ’)
375 2802 609 2839 Describuntur
624 2808 685 2841 hoc
700 2811 808 2852 capite
825 2833 834 2849 ,
863 2811 950 2853 quod
984 2813 1116 2857 reliquis
1135 2816 1280 2854 ejusdem
1315 2815 1317 2817 ¹

247 2848 334 2891 pensi
360 2846 455 2880 facile
483 2851 626 2890 palmam
658 2856 803 2897 praeripit
834 2879 844 2895 ‚
873 2857 1081 2891 vividiffimis
1108 2863 1281 2895 coloribus

246 2902 335 2925 artes
350 2901 572 2931 tyrannorum
587 2917 596 2932 ‚
623 2900 730 2940 captis
759 2902 998 2942 experimentis
1029 2916 1068 2937 ex
1087 2906 1141 2939 usu
1159 2908 1282 2940 veteris

249 2940 278 2969 ἃ
294 2937 441 2970 hodierni
457 2940 516 2972 καὶ
532 2964 539 2971 .
570 2941 673 2975 Distat
689 2955 799 2977 autem
817 2947 970 2980 Gravinae
986 2970 996 2988 ‚
1029 2958 1065 2982 ut
1099 2961 1138 2983 ex
1152 2961 1278 2985 antece-

245 2982 341 3014 uenti
356 2983 386 3014 ἃ
403 2983 610 3027 sequentibus
627 2990 791 3027 capi-:ibus
813 2993 935 3025 constat
952 3014 962 3031 ,
992 3002 1156 3034 tyrannus
1175 3008 1193 3029 a
1210 3007 1282 3039 rege

248 3027 284 3058 in
300 3038 338 3059 eo
353 3050 363 3065 ‚
390 3028 477 3069 quod
497 3030 551 3063 ifle
565 3031 689 3074 legibus
707 3058 715 3071 ,
747 3044 823 3076 puta
839 3036 992 3069 humenis
1009 3063 1020 3078 ‚
1050 3039 1172 3073 solutus
1187 3041 1255 3083 agit
1272 3065 1281 3080 ,

251 3072 306 3104 hic
333 3082 448 3105 contra
480 3075 590 3110 {isdem
616 3079 786 3112 adstriehis
815 3082 857 3113 est
877 3105 884 3111 .
913 3082 974 3114 Sed
989 3094 1062 3116 cum
1088 3087 1116 3117 Sc
1136 3087 1284 3128 prinecps

251 3117 375 3155 legibus
401 3119 552 3154 humanis
577 3123 702 3157 solutus
734 3125 811 3163 just:
841 3129 870 3159 ξε
902 3129 1003 3170 proba
1032 3129 1094 3162 suis
1123 3131 1284 3172 imperare

250 3162 341 3207 poffxr
359 3186 367 3204 ἲ
401 3165 421 3197 si
439 3165 477 3200 iis
492 3167 631 3211 impezet
645 3170 686 3206 ad
706 3171 811 3216 legem
832 3173 1044 3218 naturalem,
1080 3174 1287 3211 manifestum

1329 2818 1372 2851 est
1387 2840 1396 2856 ‚
1422 2814 1546 2848 formas
1574 2814 1706 2856 imperii
1722 2812 1886 2845 limitatas
1902 2811 2046 2854 primum
2060 2807 2303 2859 distinguendas
2317 2807 2367 2859 es·

1331 2863 1359 2895 se
1376 2862 1417 2894 ab
1435 2859 1590 2894 absolutis
1605 2881 1615 2897 ,
1642 2858 1739 2896 deii-r,
1771 2859 1804 2888 in
1833 2855 1899 2887 illis
1928 2855 2059 2898 quidem
2075 2864 2256 2904 tyrannum
2273 2852 2335 2885 diei
2351 2871 2363 2889 ς

1330 2908 1384 2950 qui
1410 2907 1495 2948 leges
1528 2904 1645 2944 migret
1679 2901 1827 2934 civitatis
1843 2922 1853 2937 ‚
1887 2900 1920 2932 in
1935 2901 1984 2932 his
1998 2911 2072 2932 eum
2087 2899 2148 2934 hoc
2163 2909 2296 2948 nomine
2313 2909 2368 2932 ve-

1334 2953 1400 2984 nire
1415 2974 1424 2985 ,
1458 2950 1513 2989 qui
1541 2950 1626 2991 leges
1643 2948 1760 2990 migret
1778 2946 1942 2977 naturales
1958 2967 1966 2976 .
1998 2945 2051 2978 Sic
2065 2955 2192 2994 quoque
2208 2943 2368 2994 collinea-

1335 3008 1365 3029 τε
1395 2995 1433 3027 ad
1460 2995 1593 3035 scopum
1626 2993 1716 3024 suurn
1746 2996 1876 3032 poterat
1906 2989 2030 3023 Aucto.-
2044 3013 2053 3027 ‚
2083 2990 2146 3040 qui·
2167 3000 2202 3021 in
2230 2988 2316 3020 libro
2328 2986 2368 3020 de

1339 3039 1483 3082 imperio
1501 3041 1651 3070 Romano
1670 3036 1832 3079 principes
1845 3057 1855 3072 ,
1882 3035 1937 3078 qui
1963 3035 2066 3078 legem
2085 3032 2366 3085 regiarnobseryae

1336 3093 1409 3118 ‚runt
1425 3108 1434 3118 ,
1468 3094 1526 3125 pro
1557 3083 1651 3116 bonis
1667 3080 1869 3124 principibus
1886 3103 1894 3116 ,
1919 3090 1973 3112 eos
1993 3088 2107 3113 contra
2121 3102 2131 3119 ‚
2157 3089 2214 3123 qui
2228 3088 2301 3112 eam
2315 3086 2367 3109 m·-

1335 3133 1426 3165 suoer
1443 3128 1628 3162 habuerunt
1641 3149 1652 3165 ,
1685 3137 1744 3167 pro
1760 3124 2034 3176 tyrannssqhzbet.
2047 3147 2056 3165 2

1376 3169 1462 3217 ι(ιι)
1488 3176 1529 3209 In
1555 3173 1710 3216 &rap-2²1.
1740 3174 1762 3206 s.
1786 3181 1811 3204 ι.
1839 3171 1874 3204 in
1894 3177 1963 3212 sun
1988 3192 1997 3202 .
