2596 3479
626 58 744 120 ET
806 45 1798 119 SENATUSCONSULTIS.

2156 46 2267 112 '329

157 135 272 182 enim
295 133 434 181 licebit
457 140 572 180 vetu's
596 134 789 188 judicium
811 167 825 189 ,
857 131 1185 191 praevaricatione
1232 130 1380 174 Lucius
1399 128 1539 171 Titius
1562 120 1750 184 profi’ffus
1779 116 1831 174 est
1851 148 1863 172 ‚
1903 118 1946 173 se
1974 116 2169 164 Maeviam
2200 120 2281 172 lege

161 195 337 250 sopitum
360 225 372 247 ,
404 209 511 237 nova
534 193 738 237 delatione
764 193 946 237 suscitare
961 223 977 236 .«
992 193 1057 245 (a)
1079 191 1188 233 Item
1227 188 1345 242 julia
1372 187 1419 229 de
1442 183 1649 227 adulteriis
1676 194 1782 223 ream
1807 174 1956 230 deferre
1979 209 1992 231 ,
2023 177 2126 232 quod
2145 175 2272 227 dicat,

161 253 380 296 cavebatur
412 283 424 305 ,
456 263 500 294 ut
528 249 598 305 qui
628 265 741 294 reum
767 249 964 294 detulisset
987 281 998 303 ‚
1052 247 1189 290 locum

160 309 299 352 delieti
329 341 340 363 ‚
375 308 584 363 personam
605 339 617 361 ‚
649 308 693 351 ὃς
718 307 902 351 mensem
931 306 1155 360 designaret
1180 332 1189 344 .

161 368 180 418 (
208 368 230 408 b
256 368 273 416 )
303 367 465 409 Eaedem
499 363 603 418 leges
632 364 826 416 iubebant
863 396 876 419 ‚
923 377 969 408 ut
1000 363 1027 406 fi
1060 362 1191 405 servus

160 423 327 478 capitali
358 419 533 464 crimine
559 421 824 476 postularetur
843 452 856 475 ‚
887 420 1106 472 dominus,
1126 415 1190 459 vel

161 496 258 524 eum
286 479 431 522 fisteret
462 509 474 531 ‚
522 478 588 521 vel
618 478 801 522 satisdato
824 479 1083 535 promitteret
1114 474 1191 517 sive

161 552 233 593 per
265 536 300 579 se
319 567 331 589 ‚
364 535 443 578 five
470 551 539 590 per
561 548 801 580 extraneum
823 568 835 590 ,
874 537 907 579 se
935 534 1056 579 illum
1081 532 1187 575 stitu-

165 608 259 636 rum
281 625 293 646 ,
326 608 419 636 cum
449 593 537 636 usus
559 594 739 649 exegerit
760 609 773 647 3
822 610 867 636 ac
891 593 917 636 fi
948 608 1031 635 non
1056 589 1192 634 defen-

166 650 327 694 deretur
345 649 478 693 servus
499 682 511 704 ,
529 651 597 694 vel
622 666 705 693 non
729 650 785 694 ita
805 650 998 694 sisteretur
1014 682 1025 703 ‚
1046 648 1087 691 in
1108 661 1193 692 car-

167 707 558 770 cerem-conjestusss
590 715 804 764 cogeretur
823 724 872 752 ex
899 705 1077 751 vinculis
1101 719 1192 748 cau-

171 764 254 807 sam
279 765 411 808 dicere
443 796 452 807 .
500 767 592 816 (c)
617 768 708 809 Hoc
737 766 826 810 loco
850 765 975 809 etiam
1002 758 1196 807 recenseri

169 822 342 878 postulat
367 823 406 864 S.
426 823 478 863 C.
503 838 582 878 quo
604 823 822 866 cavebatur
842 854 853 875 ‚
906 837 956 865 ne
985 821 1196 877 quisquam

169 894 310 922 eorum
333 911 346 933 ,
377 895 400 921 a
424 878 566 934 quibus
593 880 688 936 quid
711 881 758 923 ad
781 879 1005 923 utilitatem
1026 877 1106 921 fisci
1132 890 1196 930 pe-

171 948 325 980 teretur
346 968 359 990 ,
390 935 469 979 alia
492 937 765 980 instrumenta
789 936 958 980 delatori
987 967 999 990 ‚
1032 935 1109 977 sive
1133 947 1198 974 ac·

171 993 343 1037 cusatori
370 994 485 1036 edere
509 994 823 1049 compelleretur
843 1027 855 1048 ,
875 1009 999 1049 quarn
1020 1007 1065 1036 ea
1082 1024 1093 1045 ‚
1113 1003 1199 1046 quae

172 1051 423 1107 pertinerent
454 1051 500 1093 ad
528 1053 685 1095 causam
716 1084 729 1106 ,
780 1068 829 1096 ex
856 1067 933 1107 qua
957 1050 1111 1095 delator
1134 1062 1201 1089 ac-

171 1109 307 1152 cuset.
340 1109 405 1170 (d)
439 1108 582 1151 Iisdem
611 1110 764 1165 legibus
783 1141 795 1163 ,
827 1109 896 1151 etsi
923 1107 1038 1151 nullo
1064 1103 1203 1149 au&o-

170 1182 212 1209 re
233 1199 246 1219 ,
279 1165 467 1208 adscribit
492 1166 734 1219 eustonius,
768 1167 873 1222 quod
890 1165 1061 1221 legimus
1086 1162 1128 1206 in
1153 1161 1202 1203 li-

173 1224 257 1266 bris
281 1223 548 1265 rhetoricorum
571 1225 625 1266 ad
650 1225 904 1270 Herennium,
924 1255 936 1276 ,
977 1235 1022 1266 ut
1053 1219 1204 1265 scilicet

177 1281 220 1343 in
248 1280 428 1344 ‘publicis
452 1281 733 1336 quaestionibus
760 1314 771 1335 ‚
794 1297 862 1325 reo
906 1291 1068 1335 petente
1100 1309 1113 1331 ‚
1144 1275 1203 1328 ju-

176 1338 331 1380 ditium
356 1337 402 1379 de
433 1339 662 1382 accusatore
696 1339 765 1381 fiat
786 1355 801 1379 .·
848 1337 966 1381 liceat
999 1336 1061 1379 illi
1086 1349 1203 1382 accu-

176 1392 260 1437 sare
286 1409 360 1436 nec
385 1409 463 1455 ne.
500 1396 613 1438 Cum
640 1408 776 1439 autern
804 1395 948 1439 referat
972 1392 1204 1443 Suetonius3

173 1450 378 1494 Caesarem
405 1451 522 1498 lusce}
539 1451 604 1496 iffe
628 1452 1007 1496 constituendorum
1036 1450 1206 1503 judicio-

174 1524 267 1552 rum
291 1523 430 1551 curam
462 1541 474 1561 ,
522 1525 647 1565 eaque
686 1510 840 1560 rejectis
863 1510 1034 1554 tribunis
1058 1506 1206 1550 aerariis

178 1567 227 1610 ad
279 1566 491 1627 Senatores
534 1567 576 1609 ὃς
630 1568 799 1623 Equites
824 1567 1006 1623 redegisse
1041 1581 1053 1617 3
1102 1563 1205 1606 τεᾶς

176 1638 270 1666 meo
301 1623 452 1674 judicio
485 1623 590 1679 leges
620 1625 680 1668 lure
712 1624 931 1675 judiciariae
955 1621 1103 1678 Caesari
1132 1620 1206 1663 Di-

178 1681 324 1724 &atori
356 1681 406 1722 ab
441 1682 634 1725 Antonio
666 1684 894 1739 Augustino
927 1682 1164 1725 tribuuntur
1198 1708 1206 1718 .

179 1738 254 1780 Sed
279 1739 321 1780 ὃς
355 1737 469 1791 plura
494 1738 572 1781 alia
599 1741 637 1782 S.
669 1742 720 1781 C.
749 1740 907 1795 possunt
931 1738 978 1781 ad
1001 1738 1070 1780 has
1095 1750 1206 1779 revo-

179 1796 262 1838 cari
295 1794 400 1849 leges
425 1826 436 1845 ‚
472 1811 620 1850 nempe
643 1797 742 1840 illud
770 1830 781 1851 ‚
814 1813 894 1851 quo
921 1793 1173 1850 permittitur
1196 1823 1207 1843 ‚

182 1865 227 1915 ut
250 1852 540 1916 „excusationes
561 1855 790 1897 absentium
824 1855 869 1896 in
899 1852 1124 1896 criminum
1148 1848 1207 1901 ju-

179 1910 296 1971 dxcus
321 1908 549 1964 allegentur
581 1928 592 1964 3
635 1912 677 1954 ὃς
709 1928 757 1956 ex
781 1910 877 1963 justa
909 1909 1022 1952 causa
1053 1908 1209 1950 senten-

180 1968 238 2009 tia
261 1966 468 2009 differatur
489 1985 498 2008 :
536 1983 745 2024 propterea
767 1968 874 2024 quod
898 1981 1028 2021 neque
1051 1965 1097 2008 ad
1126 1980 1207 2019 per-

181 2023 428 2079 sequendum
455 2056 466 2077 ‚
501 2041 629 2081 neque
660 2026 707 2068 ad
737 2024 1022 2079 depellendum
1054 2021 1209 2065 crimen

182 2094 422 2136 procurator
449 2083 679 2125 admittitur
714 2115 722 2124 .
767 2084 849 2134 (e)
875 2084 980 2124 Item
1004 2111 1015 2132 ,
1047 2092 1094 2123 ut
1127 2093 1212 2134 per-

182 2138 372 2200 mittatur
411 2138 576 2182 mulieri
609 2140 753 2182 falsum
784 2140 1071 2182 testamentum
1097 2152 1211 2179 accu-

183 2197 262 2238 sare
283 2227 294 2248 ,
318 2196 342 2237 si
368 2195 477 2238 suam
505 2196 569 2239 vel
600 2198 759 2240 suorum
786 2196 979 2248 iniuriam
1006 2194 1210 2249 persequa-

186 2265 249 2315 tur
271 2284 282 2305 ‚
315 2264 356 2295 ut
382 2254 553 2307 exponit
576 2254 768 2305 Cujacius
787 2286 798 2307 ,
842 2253 1032 2309 quamvis
1059 2251 1213 2306 regula-

184 2322 282 2371 riter
318 2310 509 2354 mulieres
544 2328 565 2353 a
605 2311 776 2364 publicis
808 2310 930 2354 causis
956 2323 1171 2353 arceantur
1204 2340 1212 2349 .

182 2367 263 2429 (ᾗ)
289 2369 344 2410 Et
369 2367 511 2411 iisdem
534 2384 582 2413 ex
606 2368 759 2425 legibus
779 2369 951 2411 arbitror
969 2378 1211 2421 conceptam

185 2422 296 2487 fuisse
332 2423 557 2468 formulam
580 2426 857 2481 inscriptionis
884 2423 1118 2468 libellorum
1153 2422 1215 2465 his

184 2480 317 2524 verbls
343 2498 352 2521 :
388 2482 451 2536 (g)
474 2484 599 2537 Apud
623 2486 828 2526 Praetorem
851 2483 917 2524 vel
944 2479 1215 2535 Proconsulem

292 2538 617 2592 JaniGravinae.
648 2542 801 2583 TomJ.

230 2650 283 2690 (al
309 2652 346 2682 L.
365 2659 394 2687 3.
409 2648 450 2692 ff
465 2651 502 2682 de
515 2652 717 2692 prevaricat-

227 2693 286 2735 (b)
312 2698 349 2726 L.
367 2705 396 2733 3.
407 2693 448 2737 ff
464 2696 501 2727 de
514 2697 650 2736 accusat.

230 2739 279 2779 (c)
306 2743 343 2771 L.
361 2750 391 2771 2.
402 2738 443 2782 ff
455 2741 492 2772 de
507 2740 619 2779 custod.
636 2750 758 2774 reorum
773 2764 783 2773 .

229 2784 290 2824 (d)
316 2788 352 2816 L.
371 2795 399 2821 3.
415 2782 455 2828 ff
470 2786 507 2816 de
521 2787 628 2818 edenti.

234 2830 286 2868 (e)
310 2832 347 2861 L.
363 2831 543 2870 accusatore
563 2841 612 2868 13.
624 2829 663 2873 ff.
680 2831 716 2863 cle
731 2830 848 2870 public.
863 2830 964 2869 judie.

233 2874 313 2916 (f)
339 2878 376 2906 L.
396 2885 426 2905 2·
440 2874 477 2917 ff
493 2876 531 2907 de
546 2877 682 2916 accusat.
701 2875 738 2907 Θ*
751 2877 897 2918 inscript.

235 2918 298 2960 (g)
323 2921 359 2950 L.
375 2918 554 2952 libellorum
573 2931 601 2959 3.
619 2922 655 2951 cle
670 2922 772 2961 accus.
788 2921 826 2953 (9⁴
840 2921 989 2961 inscript.

234 2962 295 3001 (h)
320 2963 431 3002 Instit.
448 2966 486 2997 de
498 2965 583 3006 publ.
599 2964 700 3002 judic.
716 2965 773 2997 lib.
788 2977 821 3003 4.
844 2967 897 2999 tir.
918 2969 967 2998 18.
988 2967 1016 3007 §.
1033 2977 1066 3006 7.

235 3007 289 3047 (ἱ)
315 3011 355 3038 In
369 3011 732 3043 enarratoadnhcmn.
747 3011 782 3041 de
793 3012 871 3052 falfi
890 3010 1014 3043 Matth,
1033 3011 1070 3042 de
1086 3006 1212 3040 crimin-

191 3051 247 3103 hqc
274 3053 330 3084 tit.
347 3052 509 3093 Ulpianus
524 3056 609 3096 apud
636 3054 792 3086 auffmm
818 3057 926 3087 collat.
952 3057 1060 3096 legum
1077 3053 1213 3092 Mosaic·

193 3104 249 3130 m-
265 3097 303 3129 de
312 3097 399 3139 falso
414 3097 480 3140 test.
501 3102 531 3132 8.
549 3103 585 3132 L.
606 3101 719 3134 Divus
728 3098 769 3144 ff.
785 3101 827 3133 ad
839 3102 862 3134 l.
881 3101 1004 3134 cornel.
1019 3100 1057 3133 de
1061 3098 1146 3142 fals·
1199 3133 1201 3136 ,

1235 261 1320 288 eam
1344 259 1429 289 cum
1452 241 1604 293 ascio
1630 239 1674 281 in
1698 231 1866 279 civitate
1889 235 1984 291 illa²
2011 235 2119 276 domo
2140 233 2270 285 illius,
2313 234 2319 240 '

1236 301 1362 355 mense
1385 301 1453 344 illo
1471 331 1484 354 ‚
1515 294 1619 354 Coff.
1634 292 1994 349 illis‚adulcerium
2017 286 2239 345 cornmififfe
2257 318 2274 341 ·„

1241 531 1305 575 De
1331 531 1431 584 Lege
1459 527 1647 571 Cornelia
1659 525 1707 568 de
1720 522 1877 578 Falsis,
1908 521 2031 566 &ad
2043 523 2084 565 S.
2103 522 2289 575 C-Libo-

1355 588 1547 638 manum,
1579 585 1756 638 Aliaque
1778 582 1832 624 ad
1855 596 1939 624 eam
1965 580 2159 634 Adjeefz‘a.

1247 701 1324 804 I)
1348 701 1419 744 Ost
1444 699 1552 757 leges
1576 699 1702 752 Julias
1729 697 2032 755 progrediamur
2052 696 2103 744 ad
2126 712 2172 740 ea
2195 697 2279 742 cri⁴

1360 759 1473 803 mina
1494 789 1506 810 ,
1531 773 1618 813 quae
1645 757 1797 811 legibus
1824 756 2088 799 vindicantur
2112 755 2280 798 Corne-

1246 816 1309 859 liis
1338 847 1350 868 ,
1392 814 1605 859 exordium
1629 814 1821 858 ducentes
1845 830 1868 856 a
1894 813 1980 868 lege
2008 811 2206 855 Cornelia
2232 811 2281 855 de

1245 872 1351 916 falsis
1378 904 1390 926 ‚
1421 887 1543 928 quam
1570 871 1682 915 sicuti
1705 871 1748 914 ὃς
1772 869 1946 926 reliquas
1972 869 2067 912 tulit
2095 872 2138 912 L.
2174 869 2287 912 Cor·

1247 931 1379 975 nelius
1400 929 1512 982 Sylla
1538 928 1726 971 Diffiator
1746 959 1758 980 ‚
1781 926 1897 970 simul
1925 942 2020 970 cum
2047 925 2133 982 lege
2160 926 2283 970 testa-

1247 987 1447 1031 mentaria
1479 985 1631 1029 duobus
1654 984 1859 1040 explicata
1884 984 2082 1039 capitibus
2117 999 2128 1024 :
2182 997 2284 1040 quo-

1248 1060 1339 1090 rum
1379 1044 1508 1087 altero
1548 1043 1788 1088 testamenta
1823 1042 2177 1085 confirmabantur
2218 1039 2279 1083 ci·-

1248 1103 1365 1147 vium
1392 1103 1616 1144 Romanor.
1645 1100 1713 1157 qui
1739 1099 1844 1153 apud
1871 1098 1999 1141 hostes
2024 1097 2280 1150 decederent3

1249 1161 1379 1205 altero
1409 1158 1564 1201 fraudes
1596 1156 1911 1212 praecidebautur
1943 1154 2112 1198 illorum
2145 1186 2156 1207 ‚
2206 1154 2281 1208 qui

1250 1219 1489 1262 testamenta
1520 1214 1747 1267 vitiastent‚
1780 1212 1995 1266 delessent,
2027 1210 2288 1264 amovissem,

1251 1273 1574 1320 intervertissent
1590 1303 1601 1324 ,
1635 1271 1894 1326 resignassent
1915 1302 1926 1323 ‚
1959 1268 2193 1313 recitassent
2217 1267 2291 1310 do-

1253 1334 1292 1377 lo
1319 1331 1429 1376 malo
1455 1362 1467 1384 ‚
1501 1329 1771 1383 corrupissent
1795 1359 1808 1381 ‚
1842 1326 2181 1380 intercepissent,
2213 1336 2284 1368 aut

1252 1408 1273 1435 a
1311 1390 1346 1433 se
1381 1388 1484 1432 fasta
1528 1385 1818 1442 supposuissent
1849 1384 2027 1439 imagine
2060 1383 2144 1425 veri
2177 1381 2288 1426 frau-

1251 1448 1342 1490 dem
1375 1444 1660 1489 adumbrantes
1695 1473 1703 1484 .
1746 1441 1866 1497 Quod
1896 1451 2017 1496 caput
2046 1451 2184 1483 ortum
2214 1455 2289 1481 oc-

1253 1504 1411 1548 casione
1454 1502 1787 1545 testamentorum
1817 1531 1828 1552 ,
1872 1496 2183 1553 comprehendit
2225 1508 2292 1539 et-

1254 1562 1336 1605 iam
1369 1559 1465 1603 falsa
1494 1558 1637 1601 omnia
1668 1557 1936 1600 instrumenta
1964 1586 1975 1608 ,
2006 1555 2049 1597 &
2081 1553 2283 1610 quaslibet

1255 1620 1453 1669 vitiatas,
1500 1628 1569 1658 aut
1611 1614 1857 1658 adulterinas
1890 1612 2104 1667 scripturas
2137 1627 2149 1664 3
2200 1611 2288 1654 imo

1255 1673 1594 1730 interpretatione
1629 1672 1853 1726 sapientum
1881 1701 1893 1723 ,
1942 1668 2007 1712 vel
2050 1667 2293 1712 austoritate

1255 1735 1441 1781 Senatus,
1461 1742 1530 1774 aut
1551 1729 1774 1781 Edi&is,&
1788 1726 2164 1770 Constitutionibus
2177 1724 2294 1768 Prin-

1257 1790 1397 1844 cipum
1412 1787 1648 1844 produ&um
1665 1786 1742 1830 fuit
1756 1786 1801 1829 ad
1819 1784 1923 1828 fa&a
1936 1783 2118 1840 distatque
2131 1781 2294 1835 omnia,

1257 1847 1402 1902 quibus
1427 1845 1472 1888 in
1495 1843 1671 1887 aliorum
1696 1841 2012 1887 incommodum
2039 1872 2052 1895 ‚
2101 1853 2172 1884 aut
2200 1839 2290 1882 sub-

1259 1904 1434 1947 trahitur
1456 1902 1604 1946 veritas
1625 1933 1637 1955 ,
1667 1913 1736 1943 aut
1754 1900 1988 1943 obscuratur
2010 1929 2019 1940 .
2051 1896 2295 1952 &EI-lisque

1259 1958 1498 2004 criminibus
1531 1957 1823 2014 cognoscendis
1860 1956 2080 1999 Praetorem
2130 1966 2293 1997 certum

1260 2018 1371 2071 Sylla
1395 2016 1601 2060 constituit
1622 2048 1631 2057 .
1676 2017 1862 2070 Quatuor
1887 2029 1983 2069 Vero
2008 2013 2047 2054 S.
2073 2012 2125 2054 C.
2155 2011 2290 2066 super·

1261 2076 1350 2118 sunt
1375 2105 1386 2126 ‚
1435 2074 1580 2129 quibus
1603 2072 1738 2127 aliqua
1765 2071 1940 2115 crimina
1963 2085 2053 2113 eam
2080 2068 2128 2111 ad
2155 2068 2340 2124 legcmo

1263 2144 1527 2175 revocantur.
1562 2129 1746 2173 Primum
1773 2130 1815 2171 S.
1840 2130 1891 2171 C.
1922 2127 2201 2171 Libonianum
2227 2125 2294 2168 sub

1261 2189 1432 2232 Tiberio
1452 2187 1663 2232 conditum
1690 2185 1853 2229 Statilio
1880 2187 2023 2228 Tauro
2056 2184 2099 2227 δε
2138 2183 2296 2226 Libone

1262 2248 1432 2290 Coss.ut
1457 2262 1505 2289 ex
1529 2245 1716 2299 Ulpiano
1736 2244 1976 2299 comprobat
1999 2241 2192 2292 Cujacius
2210 2272 2221 2294 ‚
2242 2242 2296 2292 (A)

1262 2305 1525 2347 dissentiente
1551 2305 1870 2354 Hottomanno‚
1902 2299 1970 2356 qui
1995 2299 2032 2341 S.
2057 2300 2108 2340 C.
2131 2298 2207 2341 hoc
2238 2313 2298 2339 re-

1263 2373 1382 2405 vocat
1405 2360 1451 2403 ad
1480 2358 1652 2402 Adriani
1680 2370 1889 2413 tempora,
1928 2358 2142 2411 Torquato
2174 2355 2296 2397 &NL

1266 2418 1409 2462 Annio
1438 2416 1595 2460 Libone
1622 2415 1760 2458 Coss:
1795 2414 2025 2470 expressum
2054 2412 2132 2455 suit
2156 2411 2234 2454 hoc
2255 2411 2298 2453 S.

1263 2478 1321 2526 C.,
1340 2491 1388 2519 ex
1414 2473 1543 2518 edisio
1563 2472 1729 2518 Claudii
1751 2471 2005 2570 Nflffinissgs(
2022 2471 2073 2521 ¹⁶)
2096 2467 2300 2531 proposito

2006 2539 2021 2570 t
2254 2540 2300 2568 in

1843 2607 1969 2621 -„.
2190 2602 2299 2615 ,----

1309 2646 1386 2684 (0‘)
1413 2646 1488 2676 Imo
1512 2645 1553 2677 fic
1579 2643 1809 2677 Neronianum
1833 2641 1994 2674 diceretur
2019 2659 2030 2677 2
2057 2639 2215 2680 exemplo
2239 2639 2298 2669 Se-

1266 2689 1497 2722 natusconsulti
1522 2688 1706 2721 Neroniani
1731 2711 1742 2726 ‚
1786 2685 1877 2723 cuius
1918 2684 2044 2720 mentio
2068 2683 2153 2726 apud
2178 2679 2298 2724 Ulpia-

1266 2746 1343 2768 num
1369 2735 1487 2766 XXIV.
1510 2745 1558 2765 11.
1585 2735 1615 2765 8<
1642 2733 1764 2775 Aprilis
1791 2733 1934 2765 Neronei
1961 2731 1991 2763 δι
2020 2734 2131 2763 Romae
2147 2732 2304 2769 Neropo-

1269 2781 1307 2812 lis
1331 2779 1416 2822 apud
1442 2779 1636 2811 Svetonium
1662 2780 1697 2810 in
1721 2780 1848 2810 Nerone
1878 2784 1943 2818 cap.
1983 2784 2035 2814 53.
2064 2778 2166 2807 Porro
2193 2771 2297 2804 Divus

1263 2824 1384 2858 dicitur
1409 2824 1564 2858 Claudius
1579 2845 1591 2862 ‚
1617 2821 1709 2861 cuius
1726 2824 1769 2855 est
1786 2821 1939 2854 Mittunt
1954 2844 1966 2862 ‚
1993 2824 2161 2853 Neronem
2186 2823 2301 2848 autem

1264 2871 1350 2902 inter
1378 2869 1480 2901 Divos
1508 2869 1649 2901 relatum
1675 2868 1735 2901 effe
1754 2878 1820 2900 non
1838 2866 1991 2899 novimus
2006 2885 2016 2903 ,
2049 2864 2170 2896 hostem
2188 2867 2266 2901 puta
2281 2870 2301 2891 a

1265 2916 1386 2947 Senatu
1413 2912 1596 2952 judicatum
1624 2915 1655 2945 &
1670 2913 1838 2956 quaesitum
1853 2911 1893 2943 ad
1913 2909 2106 2952 supplicium
2127 2915 2218 2938 more
2234 2915 2303 2937 rna-

1264 2957 1372 2997 jorum
1399 2981 1409 2999 ‚
1433 2960 1611 3001 quamvis,
1637 2966 1673 2991 ut
1705 2958 1865 2991 memoria
1890 2954 1959 2991 ejus
1989 2953 2175 2990 coleretur,
2200 2960 2219 2981 a
2245 2952 2304 2982 Se-

1263 3013 1342 3036 natu
1367 3004 1575 3036 contenderit
1603 3003 1776 3045 vologesus
1803 3024 1814 3040 ‚
1861 3005 1929 3032 Rex
1960 2996 2158 3029 Parthorum
2179 3017 2186 3026 .
2213 2994 2298 3027 Tri-

1262 3049 1380 3082 buatur
1405 3048 1510 3091 igitur
1533 3047 1595 3082 hoc
1620 3051 1652 3081 S.
1679 3051 1715 3081 C.
1755 3047 1866 3079 Tiber.
1896 3041 2035 3076 claudio
2060 3040 2170 3074 Druso
2193 3037 2297 3072 Caesa-

1262 3094 1289 3128 ri
1315 3115 1326 3137 ,
1355 3103 1452 3137 quem
1488 3092 1560 3126 Diis
1596 3092 1755 3126 insertum
1797 3091 1826 3122 δε
1852 3087 1957 3131 {numi
1982 3087 2013 3120 ἃ
2037 3086 2210 3129 scriptores
2235 3093 2292 3117 ve-

2255 3133 2306 3161 ῐθ·
