2596 3479
542 103 670 155 DE
721 94 1894 152 -SENATUSCONSULTIS.

207 195 292 223 eum
332 177 375 222 hi
395 175 448 232 ff.
480 177 529 219 de
558 173 741 228 transietis.
773 173 811 214 S.
838 171 890 213 C.
941 169 1233 226 comprehensa

208 236 470 280 constitutum
491 233 594 286 fuit,
627 247 676 273 ne
696 229 991 272 alimentorum
1015 227 1232 271 transaffio

204 306 291 336 rata
326 292 446 345 esset,
479 290 554 333 nisi
578 288 739 331 aufiore
775 287 936 329 Pretore
959 287 1101 329 fieret:
1135 284 1230 341 quia

203 349 382 406 plerique
409 380 421 400 ,
473 346 611 400 inopia
641 343 768 388 concii
797 375 809 395 ,
855 359 979 397 pauca
1011 342 1185 396 recipere
1218 374 1229 395 ‚

200 423 324 462 quam
358 404 471 460 plura
504 403 654 456 sperare
680 400 868 444 malunt.
902 403 1136 455 Antequam
1159 415 1227 461 au-

201 475 286 506 tem
316 480 339 505 a
374 459 554 515 negociis
590 459 783 502 vivorum
821 457 1098 507 discedamus,
1131 456 1228 506 adii-

200 520 389 563 ciendum
413 517 467 561 est
487 518 582 559 S.C.
607 516 720 569 super
740 514 1019 557 corruentium
1040 513 1228 556 aedificio-

201 591 291 618 rum
336 574 587 618 restitutione
626 571 838 615 utilissime
874 572 1084 614 conditum
1115 603 1127 624 ,
1159 585 1225 613 eo-

198 633 289 675 dem
337 634 589 684 Imperatore
632 629 818 672 suadente
846 660 856 670 .
889 630 982 682 Quo
1014 629 1054 670 S.
1073 628 1128 670 C.
1158 627 1228 670 do-

198 705 290 732 mus
325 689 530 742 restituta,
562 685 692 730 tacito
723 686 892 741 pignore
917 684 1122 740 obligatur
1141 699 1224 728 cre-

198 746 352 798 ditori,
381 745 494 796 cujus
527 745 662 787 sumtu
696 744 956 794 restituatur,
990 742 1066 785 sive
1100 740 1224 786 credi-

198 816 263 847 tor
296 804 513 857 pecuniam
548 803 591 844 in
627 801 777 843 sumtus
821 799 891 855 ipsi
942 799 1113 842 domino
1144 813 1224 841 tra—

195 861 340 903 diderit
369 892 381 907 ,
415 871 457 902 ut
489 859 595 902 SC.
628 857 759 900 verbis
791 856 1225 911 comprehendebatur,

196 916 274 959 sive
307 915 554 967 redemtori,
589 914 669 956 hoc
699 914 752 956 est
787 913 882 967 illi,
914 913 982 969 qui
1015 914 1184 956 domum
1205 929 1225 955 a

194 973 366 1016 dom-ino
402 971 688 1015 restituendam
723 969 996 1022 conduxerit,
1032 970 1226 1013 seu'acce-

196 1030 299 1086 perit
319 1032 374 1069 τῶ
405 1028 598 1079 ἐργολάΰῳ
614 1060 625 1081 ,
658 1041 702 1070 ut
724 1026 875 1070 habent
895 1027 1059 1070 Basilica
1078 1059 1089 1080 ,
1104 1042 1226 1082 quam

195 1088 242 1130 ad
278 1086 448 1139 speciem
480 1085 519 1126 S.
540 1086 592 1127 C.
628 1084 853 1140 sapientum
886 1085 1227 1139 interpretatione

198 1144 404 1199 profertur
438 1172 447 1184 .
495 1141 567 1183 Sed
601 1141 682 1192 jam
715 1142 762 1184 ad
794 1142 963 1196 negocia
996 1143 1225 1192 veniamus,

194 1217 281 1256 quse
307 1217 328 1243 a
361 1210 492 1242 morte
525 1198 701 1241 aliorum
728 1198 928 1253 existunt,
967 1199 1149 1255 legesque
1181 1198 1227 1241 ad

197 1274 243 1301 ea
267 1257 520 1314 pertinentes
540 1257 777 1300 accedamus
797 1288 806 1298 .

338 1344 378 1385 c
440 1343 478 1384 A
541 1342 571 1384 P
630 1342 674 1381 U
735 1332 778 1384 T
868 1343 1078 1393 LXXIII.

336 1428 402 1471 De
427 1428 506 1484 Iege
530 1428 716 1472 Cornelia
738 1429 785 1470 de
804 1427 1066 1483 Testamentis
1081 1459 1093 1469 .

247 1485 371 1529 Gitur
395 1499 444 1528 ex
473 1484 782 1527 testamentariis
798 1485 976 1535 primum
999 1486 1136 1528 locum
1162 1483 1230 1527 da-

239 1559 243 1563 ·
276 1557 367 1585 mus
393 1541 471 1597 legi
496 1541 729 1595 Corneliae,
760 1543 812 1595 (*
837 1544 854 1593 )
879 1558 968 1598 quse
993 1543 1231 1585 testamenta

195 1599 238 1643 in
273 1600 370 1642 urbe
401 1598 565 1643 condita
593 1600 642 1641 ab
675 1598 748 1650 iis,
780 1599 850 1654 qui
884 1599 986 1653 apud
1013 1600 1140 1642 hostes
1164 1598 1231 1641 de-

195 1656 396 1700 cesserunt
411 1686 426 1709 5
449 1655 612 1711 perinde
639 1656 887 1709 confirmat,
904 1672 950 1699 ac
971 1655 996 1698 fi
1019 1671 1231 1711 nunquam

194 1713 239 1757 in
263 1713 437 1757 hostium
476 1712 711 1768 potestatem
737 1713 1010 1757 devenissent.
1043 1715 1155 1756 Cum
1189 1729 1230 1756 e-

131 1827 135 1830 ·
196 1771 287 1814 nim
317 1770 408 1825 quis
447 1769 623 1812 hostium
658 1769 838 1825 potitur,
871 1770 1039 1813 testandi·
1062 1769 1229 1813 faculta-

199 1841 282 1870 tem
305 1827 491 1879 amittit,
525 1842 655 1881 neque
692 1828 795 1882 apud
822 1827 951 1870 hostes
974 1828 1153 1870 moriens
1174 1826 1230 1870 ci·—

195 1885 260 1927 vis
294 1888 508 1927 Romanus
553 1895 786 1937 reputatur,
817 1883 860 1927 &
891 1884 985 1939 quia
1018 1885 1230 1927 testamen-

197 1953 288 1984 tum
314 1940 415 1984 civis
439 1940 621 1983 Romani
648 1953 782 1984 morte
804 1941 1009 1994 consistitz,
1040 1942 1129 1984 ideo
1149 1940 1232 1993 jure

197 1998 313 2040 civili
342 1997 502 2040 nullum
534 1997 607 2040 esse
634 1998 924 2042 testamentum
952 1998 1163 2043 videbatur
1184 1997 1233 2042 il-

198 2055 300 2107 lius,
332 2054 400 2109 qui
432 2053 515 2108 post
544 2053 645 2096 illud
677 2056 891 2098 conditum
913 2056 955 2098 in
975 2057 1071 2098 urbe
1096 2055 1233 2099 disces-

200 2112 299 2154 serat
336 2113 439 2164 apud
465 2109 615 2153 hostes.
651 2113 752 2165 Quae
775 2113 1037 2166 testamenta,
1070 2128 1121 2156 ne
1143 2128 1230 2167 pro-

202 2181 291 2222 pter
323 2167 604 2209 calamitatem
644 2168 963 2223 interciderent,
997 2172 1041 2212 L.
1073 2172 1233 2213 Corne-

198 2224 276 2267 lius
296 2222 408 2277 Sylla
437 2223 625 2267 Dietator
646 2224 777 2281 legem
801 2226 921 2279 tulit,
957 2228 1019 2279 (a)
1051 2243 1129 2283 qua
1156 2227 1230 2270 ini-

197 2281 303 2324 tium
337 2281 587 2335 captivitatis·
618 2298 688 2336 pro
720 2295 851 2325 morte
885 2283 1106 2327 habebatur
1133 2300 1145 2337 3
1188 2295 1233 2327 ut

198 2353 340 2382 eorum
377 2338 617 2380 testamenta
652 2338 758 2394 quasi
786 2352 1042 2383 mortuorum
1069 2341 1113 2383 in
1137 2342 1233 2384 urbe

197 2393 551 2438 convalescerent:
575 2396 796 2452 omniaque
824 2398 866 2440 in
887 2398 1058 2441 eandem
1075 2398 1233 2440 causam

197 2451 453 2503 reciderent,
485 2452 528 2493 in
563 2468 642 2506 qua
673 2453 824 2506 essent,
859 2454 885 2496 si
919 2469 1131 2508 nunquam
1175 2467 1231 2497 te-

202 2508 325 2549 stator
362 2507 407 2549 in
429 2507 605 2551 hostium
636 2511 873 2564 potestatem
894 2510 1158 2567 pervenisset.
1193 2514 1229 2554 Ι·

420 2635 621 2648 ·—⁴--—0

250 2667 335 2706 (a)
362 2669 471 2707 Quam
496 2678 514 2698 a
541 2670 576 2699 L.
603 2669 758 2701 Cornelio
783 2670 872 2701 Sulla
899 2691 910 2709 ‚
937 2669 1123 2708 dietatore,
1150 2672 1234 2703 circa

201 2721 326 2744 annum
352 2714 532 2744 DCLXXI.
557 2712 660 2744 latam
688 2734 698 2753 ‚
727 2721 821 2756 putat
861 2714 1014 2757 Sigonius
1049 2717 1087 2748 de
1101 2715 1236 2754 judiciis

202 2759 463 2841 11Q23⁰Julian.
498 2803 560 2842 lag.
582 2800 682 2845 rz-ff]
702 2802 760 2846 qui
775 2801 839 2842 test.
852 2804 918 2845 fae·
937 2803 1012 2846 poff.
1045 2803 1102 2837 ubi
1128 2804 1239 2843 Cuiac.

203 2843 264 2877 zib.
282 2855 336 2881 42.
349 2843 389 2887 ff.
406 2847 502 2877 Salv.
516 2848 602 2886 Jul.
617 2848 695 2889 Uip.
711 2846 821 2888 Inssit.
839 2849 894 2880 tit.
910 2858 962 2887 23.
979 2847 1035 2881 ubi
1051 2849 1164 2887 Cujac.
1177 2849 1238 2884 tib.

207 2892 249 2921 28
275 2887 314 2930 ff.
329 2890 367 2921 de
382 2892 473 2932 vulg.
492 2890 530 2922 &
544 2893 688 2933 pupilli.

256 2933 314 2983 (b)
339 2932 450 2971 Cuiac.
472 2936 528 2967 tit.
545 2946 597 2974 23·
616 2938 748 2979 Ulpian-
764 2936 803 2968 Θ·
823 2938 864 2970 ad
876 2941 898 2970 1.
918 2938 1009 2983 28ffi
1030 2940 1069 2972 de
1095 2941 1187 2982 ναῖς.
1206 2939 1244 2971 ἴθ’

214 2978 341 3017 Pupil,
360 2977 428 3017 sive
443 2981 627 3021 acl'Julian.
643 2983 669 3013 l.
684 2986 737 3013 62.
753 2981 794 3026 ff
811 2983 845 3015 in
861 2982 971 3024 Instit.
989 2983 1102 3027 quibus
1128 2997 1190 3017 nem
1205 2982 1246 3021 el}

215 3019 355 3063 permissss
367 3022 469 3062 faeere
485 3023 550 3063 test.
573 3029 600 3070 §.
616 3028 678 3059 ult.

262 3059 353 3104 2³³]
382 3068 557 3107 Optimum
594 3080 705 3103 autem
744 3070 794 3108 jus
831 3072 930 3115 legati
970 3084 1027 3114 per
1063 3073 1245 3107 damnatio.

366 3154 373 3160 ·
395 3132 405 3148 ,
432 3121 505 3161 curn
535 3135 546 3152 ‚
570 3115 645 3156 quia
670 3116 711 3148 sic
738 3116 877 3159 relinqui
903 3118 1030 3157 poffiznt
1065 3130 1113 3151 res
1136 3118 1245 3161 qaaeli-

222 3155 302 3193 bet,
330 3162 432 3188 etiam
457 3156 597 3200 alienae,
624 3160 786 3203 Ulpianus
802 3164 856 3195 xit.
873 3165 996 3204 XXIV,
1014 3162 1041 3204 ξ».
1059 3168 1089 3196 8·
1117 3186 1128 3203 ‚
1153 3172 1248 3197 tum·

215 3120 291 3143 nem
316 3109 360 3140 eft

1251 2018 1269 2744 Ι

1282 181 1400 224 taque
1428 170 1454 212 si
1473 169 1576 225 apud
1604 169 1730 211 hostes
1762 167 1850 223 quis
1875 167 2062 223 decedat,
2096 171 2314 215 testamen-

1282 240 1367 270 tum
1390 239 1484 270 ante
1499 226 1779 282 captivitatem
1796 225 1948 268 faS'tum
1972 226 2078 269 valet
2101 227 2185 281 lege
2204 231 2317 273 Cor-

1283 284 1389 326 nelia
1405 317 1415 336 ,
1434 300 1522 340 quae
1546 283 1829 337 captivitatem
1847 283 2049 326 convertit
2071 284 2113 326 in
2138 288 2312 339 sigmen-

1281 354 1368 383 tum
1395 341 1565 383 mortis:
1601 340 1627 382 si
1652 356 1746 384 vero
1778 341 1963 394 captivus
1992 340 2152 384 redierit
2173 343 2217 385 in
2244 361 2311 386 ur-

1281 399 1370 441 bem
1387 429 1399 451 ,
1433 398 1718 441 testamentum
1744 397 1853 440 illius
1886 397 2036 441 valebit
2061 400 2148 445 jure
2176 400 2313 453 postli-

1279 456 1431 507 minii,
1460 471 1481 497 a
1516 453 1610 505 jurev
1635 455 1822 510 gentium
1857 455 2003 509 ducto,
2035 472 2116 511 quo
2147 456 2207 508 is,
2239 456 2313 513 qui

1276 514 1326 555 ab
1347 511 1523 555 hostibus
1547 512 1595 554 ad
1620 512 1728 555 cives
1752 511 1869 554 rediit
1885 545 1897 565 ,
1931 514 2095 568 perinde
2121 512 2314 566 habetur,

1277 584 1322 612 ac
1361 568 1386 612 si
1431 584 1644 623 nunquam
1691 568 1903 612 civitatem
1934 571 2121 616 amisisset
2146 603 2160 626 ,
2200 570 2311 630 quasi

1279 641 1491 682 nunquam
1516 625 1646 670 fuiffet
1665 627 1770 681 apud
1795 625 1945 670 hostes.
1980 628 2064 680 (b)

1410 713 1450 755 C
1509 714 1549 758 A
1613 713 1641 755 P
1700 714 1745 754 U
1806 713 1848 754 T
1966 714 2172 760 LXXIV,

1448 799 1545 843 SC.
1576 798 1851 842 Neronianum
1881 800 1934 842 de
1959 802 2153 857 Legatis.

1373 857 1481 898 Orro
1513 868 1734 910 antequam
1763 857 1994 911 progrediar
2024 859 2071 901 ad
2107 859 2312 903 uberiores

1393 913 1499 967 leges
1515 945 1527 966 ‚
1559 913 1758 969 defungar
1782 914 2059 967 explicatione
2079 916 2118 957 S.
2139 918 2190 958 C.
2218 918 2311 959 Ne-

1277 969 1440 1013 roniani
1473 972 1521 1013 ad
1556 970 1686 1025 legata
1722 971 1990 1026 pertinentis,
2022 985 2141 1028 atque
2172 974 2225 1016 ob
2252 973 2312 1015 le·-

1278 1043 1368 1069 vem
1386 1060 1398 1081 ‚
1431 1042 1554 1083 quam
1584 1028 1630 1070 de
1657 1043 1704 1070 eo
1730 1028 1992 1071 mentionem
2021 1030 2228 1084 Ulpianus
2249 1030 2316 1072 fa-·

1276 1084 1359 1137 cit,
1392 1101 1413 1126 a
1448 1084 1584 1139 paucis
1612 1085 1832 1127 admodum
1866 1086 2161 1129 animadversi:
2197 1086 2311 1138 cuj'us

1277 1142 1472 1184 sententia
1498 1142 1577 1195 est,
1610 1154 1653 1184 ut
1678 1142 1782 1197 quod
1816 1143 1951 1186 minus
1977 1144 2149 1197 integris
2174 1144 2307 1187 verbis

1277 1200 1458 1250 legatum
1484 1198 1562 1251 est,
1597 1198 1760 1253 perinde
1789 1198 1862 1251 fit,
1894 1216 1938 1242 ac
1973 1201 1997 1241 si
2030 1201 2189 1255 optimo
2223 1201 2308 1251 jure

1276 1256 1352 1308 [⁴*]
1382 1256 1559 1310 legatum
1583 1255 1736 1298 fuisset.
1769 1257 1827 1306 (c)
1859 1258 2031 1300 Laxavit
2058 1258 2183 1313 igitur
2204 1257 2317 1300 seve--

1277 1313 1443 1356 ritatem
1475 1311 1570 1362 juris
1602 1311 1736 1355 civilis
1763 1312 1806 1353 ize
1842 1311 1983 1368 legatis
2008 1346 2020 1367 ,
2052 1330 2141 1370 quae
2172 1313 2308 1358 valere

1278 1368 1422 1420 voluit}
1447 1385 1611 1424 quoquo
1657 1368 1780 1411 modo
1830 1368 2028 1412 sententia
2078 1371 2265 1414 eliciatur
2296 1387 2307 1412 :

1277 1425 1468 1483 quamvis
1502 1426 1635 1469 verbis
1667 1425 1824 1480 prolata
1857 1442 1940 1469 non
1972 1426 2126 1471 fuerint
2166 1444 2186 1470 a
2221 1427 2308 1483 lege

1279 1483 1512 1540 praefinitis.
1546 1485 1781 1526 Occurrunt
1800 1483 1928 1526 etiam
1945 1484 2097 1527 &S.C.
2126 1484 2205 1527 alia
2230 1485 2311 1527 rni-

1279 1557 1355 1584 nus
1381 1553 1504 1593 nota,
1537 1539 1766 1596 nulliusque
1793 1539 1875 1584 fere
1901 1541 2082 1585 nominis
2103 1542 2150 1584 ad
2176 1541 2310 1598 legata

1280 1597 1553 1654 pertinentia3
1587 1597 1705 1651 quale
1737 1596 1835 1640 illud
1868 1597 1989 1642 fuerit
2022 1631 2035 1653 ,
2066 1615 2147 1655 quo
2184 1600 2309 1643 tacita

1281 1655 1502 1698 substitutio
1529 1653 1737 1705 subiicitur
1762 1654 1893 1709 legato
1919 1657 1966 1699 ad
1985 1656 2223 1712 exemplum
2248 1657 2313 1699 in-

1279 1712 1498 1756 stitutionis
1533 1710 1651 1763 hujus
1685 1729 1700 1752 .·
1733 1713 1872 1756 Titius
1901 1713 1956 1757 <5¹
1989 1715 2107 1766 Seius
2129 1746 2142 1767 ,
2174 1726 2314 1757 uterve

1280 1786 1407 1813 eorum
1431 1771 1552 1812 vivat
1571 1801 1583 1821 ,
1615 1769 1720 1812 heres
1744 1771 1845 1812 mihi
1866 1770 1938 1824 esto
1959 1803 1970 1824 ‚
2005 1787 2073 1825 per
2100 1787 2188 1827 quae
2216 1786 2309 1814 ver-

1282 1828 1355 1880 ba,
1392 1827 1416 1870 si
1458 1839 1624 1882 uterque
1657 1827 1795 1879 vivat,
1826 1828 1948 1870 ambo
1981 1828 2143 1871 heredes
2174 1840 2310 1881 erunt3

1281 1885 1408 1928 altero
1438 1898 1624 1937 mortuo,
1659 1883 1775 1927 heres
1798 1884 1875 1928 erit
1903 1885 2112 1940 superstes,
2145 1899 2310 1941 propter

1283 1942 1450 1985 tacitam
1484 1941 1835 1994 substitutionem,
1867 1958 1994 1997 quam·
2018 1945 2187 1986 Senatus
2219 1957 2316 1986 cen-

1283 2000 1358 2042 suit
1384 1997 1503 2041 inesse
1525 1998 1646 2041 simili
1672 1998 1804 2053 legato
1820 2016 1834 2039 .·
1868 2001 1980 2042 Titio
2002 1999 2057 2043 &¹
2075 2002 2165 2054 sajo
2188 2033 2200 2054 ,
2233 2000 2315 2042 utri

1280 2071 1407 2099 eorum
1437 2057 1559 2098 vivat
1589 2057 1694 2099 heres
1720 2072 1827 2099 mem
1857 2070 2008 2099 centum
2039 2058 2131 2100 dato
2153 2089 2162 2099 .
2197 2058 2315 2099 Nam

1281 2114 1307 2157 si
1350 2126 1515 2169 uterque
1544 2112 1680 2167 vivat,
1711 2115 1834 2156 ambo
1871 2114 2050 2169 legatum
2093 2114 2316 2170 accipient3

1280 2171 1408 2214 altero
1441 2186 1537 2214 vero
1569 2183 1760 2223 mortuo,
1795 2170 2001 2226 integrum
2035 2171 2216 2226 legatum
2246 2187 2315 2214 ac-

1281 2229 1405 2283 cipiet
1437 2243 1484 2271 etr
1512 2227 1635 2270 tacita
1665 2227 1944 2272 substitutione
1987 2229 2194 2284 superstes.
2228 2229 2316 2280 (d)

1281 2286 1375 2329 S.C.
1409 2300 1568 2341 quoque
1594 2285 1854 2339 decernitur,
1884 2299 1926 2328 ut
1947 2287 2152 2330 columnis
2179 2285 2242 2329 vel
2265 2286 2318 2328 ti-

1282 2342 1377 2398 gnis
1423 2357 1490 2397 per
1539 2341 1895 2386 fideicommissum
1929 2342 2077 2387 relisus
2103 2375 2115 2397 ,
2149 2359 2194 2386 ea
2227 2357 2322 2385 tan-

1285 2399 1498 2443 tummodo
1530 2399 1763 2462 praestentur
1786 2431 1798 2452 ,
1847 2415 1935 2455 quae
1966 2400 2112 2444 auferri
2147 2400 2317 2454 possent,

1285 2457 1364 2499 sine
1395 2457 1540 2498 domus
1570 2454 1716 2506 injuria
1745 2488 1755 2506 ,
1791 2471 1920 2511 neque
1954 2457 2114 2501 mentio
2145 2457 2320 2500 aestima-

1285 2513 1410 2557 tionis
1442 2511 1666 2556 habeatur-
1699 2515 1756 2566 (e)
1787 2513 1887 2566 [***]

2222 2574 2326 2616 CA-

1288 2674 1361 2715 quia
1395 2672 1471 2705 inde
1486 2672 1578 2705 heres
1605 2674 1752 2706 inficians
1780 2682 1912 2707 tenetur
1938 2676 1974 2708 in
2000 2676 2162 2719 duplum,
2191 2677 2324 2709 Paullus

1287 2717 1471 2751 ,sent-libr.
1493 2719 1564 2749 III.
1581 2720 1639 2750 eit,
1659 2728 1685 2753 9.
1707 2720 1735 2760 §.
1759 2730 1806 2759 17.
1836 2721 1865 2752 8<
1891 2720 1914 2752 fi
1938 2721 2045 2763 plures
2083 2732 2116 2753 re
2154 2720 2325 2757 coniunsti

1290 2770 1512 2803 concurrant,
1542 2763 1694 2795 omnibus
1723 2763 1862 2797 solidum
1886 2764 2069 2803 debeatur,
2099 2765 2261 2807 Ulpianus
2289 2769 2321 2809 §.

1296 2819 1344 2846 13·
1371 2807 1418 2840 ita
1445 2816 1480 2840 ut
1504 2808 1590 2840 alter
1615 2818 1683 2840 rem

1292 2854 1332 2886 iis
1356 2850 1550 2889 disjunctim

1297 2642 1738 2654 -η--ῳ--ρυ-

1714 2829 1723 2844 ‚
1751 2809 1835 2841 alter
1860 2810 2111 2843 aestimationem
2135 2810 2236 2844 ferret
2262 2836 2272 2844 .
2301 2811 2325 2843 ii

1578 2875 1590 2891 ‚
1618 2852 1671 2885 vel>
1694 2851 1822 2886 duabus
1860 2855 2006 2897 pluribus
2042 2856 2325 2898 propositioii²bns

1294 2908 1343 2932 res
1369 2896 1482 2930 :clieta
1505 2897 1580 2930 effet
1607 2918 1619 2937 ‚
1645 2897 1871 2942 Schultingius
1911 2902 1954 2933 ad
1982 2902 2114 2942 Ulpian.
2142 2909 2220 2942 pag.
2248 2904 2326 2939 653.

1293 2949 1388 3028 Μ’[ῗ]
1398 2945 1551 3028 3δῐρῐειιι.
1569 2988 1624 3020 tir·
1639 2988 1677 3020 de
1691 2990 1752 3030 leg.
1769 2990 1795 3031 §.
1814 2996 1869 3030 per
1882 2991 2118 3031 praeceptionem
2146 2990 2200 3022 tit.
2229 3001 2282 3028 24·

1343 3032 1400 3084 [τῇ.
1421 3035 1458 3064 L.
1475 3033 1591 3066 Titius
1605 3032 1643 3064 Θ
1656 3033 1836 3071 sajus-cnm
1855 3034 1976 3066 duabus
1986 3035 2134 3076 sequent.
2172 3033 2214 3079 ff·
2226 3038 2263 3068 de
2278 3037 2328 3068 he-

1296 3075 1462 3162 ndiegngo
1473 3131 1560 3155 nuru
1574 3132 1626 3153 zi.
1638 3118 1679 3167 ff}
1698 3124 1736 3156 de
1749 3124 1850 3164 1:322.
1868 3132 1897 3161 3.

1343 3165 1443 3207 (⁴¹⁴⁸)
1468 3169 1532 3201 Seu
1559 3168 1709 3201 rationes
1736 3167 1833 3210 pretii
1859 3168 2010 3201 ineantur
2026 3190 2037 3200 .
