2596 3479
185 81 296 123 110

172 136 396 196 expunS’tis
461 139 678 184 erroribus
722 172 734 193 ,

177 198 333 242 scholas
377 195 602 242 advocasset
639 231 651 252 ,
706 212 870 241 tanturn
920 198 1025 240 abest
1087 210 1132 241 ut
1175 214 1233 241 re-

174 255 444 313 prehenderet
485 272 497 310 3
549 270 593 299 ut
636 257 765 298 etiarn
811 255 1003 312 exemplo
1051 255 1119 310 ipsi
1168 256 1234 299 suo

174 315 405 358 excitarent
437 346 451 365 ,
505 327 625 368 atque
684 313 871 365 praeirent
907 345 915 354 .
963 313 1074 368 Quid
1115 314 1232 357 enim

180 371 373 416 refertius
433 371 771 428 philoiophorum
825 371 995 414 sensibus
1036 403 1048 424 ,
1107 387 1230 427 quam

177 443 367 473 veterum
403 428 548 484 scripta
579 459 588 474 2
632 429 675 472 δι
707 443 982 472 monumenta
1025 429 1189 472 Patrum
1219 433 1232 471 ?

178 488 291 542 Quid
341 486 490 531 morali
539 489 784 531 Graecorum
845 485 1106 542 philosophia
1156 503 1233 542 prae

176 544 262 589 illis
304 545 626 588 abundantius?
670 543 774 599 Quis
807 544 863 588 eis
908 544 1128 599 impensius
1175 561 1229 587 re-

178 600 349 659 ligionis
391 603 533 645 nostrae
560 619 655 646 cum
681 601 859 645 naturali
892 603 1099 646 honestate
1135 617 1224 644 conr

179 660 339 704 sensum
383 660 543 704 deducit
586 691 596 705 ,
650 674 770 716 atque
824 660 1053 703 declarat?
1119 661 1232 702 Hinc

177 733 265 761 non
296 717 421 761 modo
467 717 688 762 christiana
731 717 931 761 institutio
967 716 1233 772 philosophia?

177 775 391 840 praeceptis
436 775 610 819 mirifice
659 789 870 831 augetur:
918 791 1061 818 verum
1105 775 1231 818 etiam

177 833 300 877 msita
332 832 402 877 illa
434 834 576 877 nostra:
619 833 811 876 dostrina:
851 832 1036 875 severitas
1061 865 1073 885 ,
1107 848 1231 888 quam

107 891 112 897 ’
185 890 314 935 initio
358 891 489 935 animi
532 890 840 943 reformidant,
884 889 1121 941 adjumento
1168 906 1233 933 ra-

177 948 305 992 tionis
347 949 478 993 veluti
527 950 699 1006 quadam
749 960 901 990 naturae
946 947 1140 991 illecebra
1175 948 1230 990 ita

176 1006 432 1050 demulcetur
469 1022 482 1058 ς
526 1019 570 1049 ut
610 1006 679 1061 qui
734 1021 755 1048 e
801 1005 1045 1048 nostratibus
1099 1022 1122 1048 a
1155 1004 1232 1049 stu-

177 1063 256 1107 diis
290 1064 441 1107 fluxere
479 1061 819 1118 philosophorum
842 1094 854 1116 ‚
889 1063 1010 1119 longe
1045 1063 1122 1106 sint
1152 1062 1231 1107 hu-

175 1122 429 1174 maniore33
473 1133 592 1176 atque
645 1120 693 1163 ad
739 1120 1012 1164 lenitudinem
1065 1121 1231 1175 pronio-

177 1194 240 1222 res
282 1178 331 1222 iis
358 1211 370 1231 ,
417 1177 486 1233 qui
537 1176 651 1221 nulla
698 1177 891 1221 doclrinae
937 1178 1190 1230 jucunditate
1219 1211 1231 1232 ,

176 1235 373 1291 nullaque
407 1235 901 1289 rationisper'suasione,
934 1236 994 1278 sed
1036 1235 1115 1280 sola
1144 1236 1230 1278 for-

177 1293 336 1336 midine
368 1325 380 1346 ,
412 1306 535 1347 atque
567 1292 806 1335 auS‘mritate
846 1293 1109 1336 retinentur:
1146 1292 1229 1348 Qui

179 1350 422 1406 plerumque
444 1381 457 1402 ,
489 1362 534 1391 ut
568 1349 613 1391 in
645 1349 851 1403 optimum
897 1350 1084 1405 quodque
1116 1350 1228 1394 insti-

180 1419 319 1451 tutum
346 1407 449 1449 vitia
479 1405 599 1450 fac-ile
622 1419 867 1461 penetrant,
902 1407 1091 1450 simulato
1125 1407 1230 1451 divi-

178 1465 323 1508 nitatis
347 1479 487 1507 amore
510 1496 526 1516 ,
555 1463 863 1508 humani-tatem
883 1464 981 1506 adeo
999 1464 1230 1520 deponunt3

177 1535 224 1567 ut
250 1534 475 1575 mutantes,
495 1521 538 1563 &
568 1520 780 1577 seligentes
805 1522 942 1576 potius
957 1521 1085 1575 vitia,
1102 1538 1229 1579 ‘quam

179 1579 404 1624 resecantes
421 1611 433 1633 ‚
465 1593 550 1621 non
576 1591 664 1621 tarn
690 1578 815 1622 studio
839 1579 940 1632 suae,
970 1591 1090 1636 atque
1125 1580 1230 1624 alie-

179 1653 244 1682 nae
278 1636 451 1689 salutis3
495 1651 618 1691 quam
662 1636 799 1680 ardore
839 1636 1015 1680 nocendi
1048 1669 1060 1690 ‚
1109 1649 1229 1694 atque

179 1694 358 1739 vexandi
390 1693 664 1740 austeritatem
703 1693 795 1736 vitae
822 1695 1090 1749 profiteantur
1109 1727 1118 1737 .
1148 1698 1231 1738 lta-

181 1768 262 1808 que
297 1751 411 1796 ficuti
443 1750 779 1807 Jurisprudentiae
819 1752 1003 1795 maxime
1035 1752 1230 1797 conduci-

182 1810 305 1864 bile;
352 1809 408 1853 ita
442 1823 572 1863 neque
610 1824 637 1851 a
669 1809 872 1865 religione
915 1809 1100 1853 alienum
1144 1809 1229 1854 sore

174 1868 322 1920 ¹duco3
353 1866 379 1910 fi
411 1864 509 1918 juris
539 1864 809 1910 fundamenta
851 1866 893 1909 in
934 1867 1013 1923 ipsa
1048 1867 1230 1911 hominis

178 1936 337 1969 mente·
355 1923 544 1967 locavero
564 1956 583 1978 ,
613 1924 656 1966 δε
692 1939 786 1968 cum
815 1923 977 1967 divino.
999 1923 1085 1975 jure
1111 1937 1230 1969 natu-

177 1981 309 2026 ralem
335 1980 495 2033 justitiae
523 1980 730 2024 rationem
756 1981 1047 2036 composuero:
1079 1994 1126 2024 ut
1158 1983 1228 2039 qui

178 2038 411 2084 christianis
447 2037 641 2081 institutis
664 2039 952 2093 adversantur,
986 2038 1229 2097 intelligant

176 2097 305 2142 etiam
334 2111 431 2140 curn
461 2095 674 2196 naturapse
699 2096 896 2140 dimicare
910 2127 923 2139 -.
954 2097 1013 2149 (³⁵)

178 2212 246 2257 De
279 2211 370 2254 bom·
392 2211 569 2266 malique
592 2223 737 2254 natura
754 2242 769 2264 ,
792 2210 883 2264 five
912 2211 960 2254 de
991 2209 1148 2266 justitia
1175 2210 1231 2256 θ’

493 2266 690 2322 injustitia
723 2269 924 2311 naturali.

298 2324 489 2370 Uoniam
509 2341 604 2369 vero
636 2325 800 2369 confusa
829 2325 1012 2380 quaedarn
1043 2325 1222 2382 aliquan·
1248 2352 1251 2359 ›

329 2384 379 2426 do
407 2415 420 2437 ,
465 2398 539 2426 nec
586 2383 677 2426 satis
706 2383 891 2427 distin&a
937 2383 1036 2439 legis
1068 2397 1224 2427 natura-

346 2440 396 2484 lis
429 2440 548 2483 notio
576 2472 588 2494 ,
633 2453 719 2484 tum
754 2456 774 2484 e
816 2439 1194 2492 jurisconsultorum
1218 2474 1229 2495 ‚

183 2509 275 2544 tum
334 2514 359 2543 e
408 2497 748 2555 philosophorum
802 2497 1017 2555 profertur-
1048 2497 1251 2568 scholis,v

179 2649 308 2660 ---

224 2679 310 2718 (”)
358 2678 495 2711 Dedicat
539 2680 600 2713 hoc
639 2682 745 2724 capite
776 2683 923 2717 Gravina
950 2685 1116 2727 originum
1149 2684 1230 2723 iuris

183 2722 298 2756 civilis
338 2722 461 2755 librum
491 2724 665 2757 secundum
691 2727 860 2760 Clementi
889 2732 951 2761 XI.
970 2729 1122 2763 Pontifici
1156 2732 1231 2762 Ma-

182 2769 300 2802 ximo.
326 2767 459 2800 Differit
485 2777 595 2801 autem
621 2770 659 2802 de
679 2769 777 2803 fonte
807 2782 1043 2815 praeceptorum
1062 2772 1143 2811 iuris
1174 2786 1224 2806 na>

184 2821 269 2846 turae
286 2836 296 2853 ‚
336 2822 440 2854 eaque
481 2823 551 2845 non
591 2816 794 2848 inconcinne
822 2818 925 2859 repeti
952 2816 1042 2855 iubet
1067 2829 1105 2851 ex
1132 2819 1229 2852 hone-

182 2860 267 2892 state
311 2857 481 2896 naturali,
528 2858 654 2892 secutus
694 2861 878 2899 Erotium,
918 2861 1012 2900 cujus
1037 2864 1230 2897 sententiam

186 2915 278 2937 nunc
306 2903 413 2945 passim
441 2904 624 2944 praevalere
652 2905 791 2938 videas:
833 2907 969 2939 Dicet-ur
993 2917 1103 2941 autem
1131 2910 1229 2943 hone-

186 2950 273 2986 ssum
291 2970 301 2988 ,
328 2947 484 2990 quicquid
527 2947 619 2986 juvat
661 2950 827 2984 societatis
855 2951 1006 2984 humanae
1026 2954 1230 2994 commoda,

183 2995 266 3033 eui,
305 3003 377 3035 quae
420 2994 538 3027 obsunt
564 3018 574 3035 ‚
613 3005 649 3026 ea
690 3004 805 3028 contra
831 2997 942 3039 turpia
968 2999 1230 3040 appellabimus.

144 3050 147 3053 ·
185 3039 375 3074 Contendit
401 3037 479 3070 dein
507 3050 630 3083 magrro
655 3040 758 3071 animi
785 3043 927 3074 candore
945 3065 954 3078 .
986 3043 1015 3074 δι
1041 3043 1229 3076 insolitain-

184 3083 293 3127 geniis
321 3082 418 3117 italis
446 3083 605 3121 libertate
629 3106 641 3128 ,
667 3084 915 3131 Philosophiam
937 3097 1072 3122 morum
1089 3089 1232 3124 rationa-

996 2655 1252 2666 .—-—-—-...

1255 1556 1260 1657 l

586 62 691 118 DE
730 63 922 138 JURE
965 63 1383 119 NATURALI
1416 67 1860 135 „GENTIUM
1885 105 1903 136 ‚

802 141 844 184 in
899 140 1230 183 Christianorum
1284 157 1373 197 quae
1418 157 1502 185 non
1541 143 1730 186 homines
1782 143 1905 186 modo
1944 168 1956 190 ‚
2009 138 2071 184 sed
2119 139 2164 184 &
2213 138 2332 184 bruta

1284 201 1411 242 etiarn
1454 200 1750 254 amplectitur,
1795 218 1840 243 ac
1887 196 2069 255 pluribus
2110 214 2160 242 ex
2206 198 2333 253 parti-

1287 258 1357 299 bus
1410 257 1615 300 obnititur
1660 259 1851 301 humanae
1895 256 2084 310 rationi,
2137 270 2227 312 quae
2270 254 2334 298 vi-

1287 314 1405 357 tanda
1445 314 1488 358 &
1519 319 1743 370 expetenda
1785 331 1869 358 non
1903 314 1999 371 fuga
2023 346 2035 368 ‚
2082 312 2127 356 &
2175 312 2334 367 appeti·

1287 372 1398 414 tione
1431 371 1607 416 naturali
1638 405 1650 427 ,
1696 375 1755 417 sed
1788 372 1885 416 boni
1913 405 1927 427 ,
1958 372 2002 415 &
2047 369 2147 414 mali
2190 370 2334 414 defini·

1286 430 1400 472 tione
1444 429 1671 485 disceruit,
1717 432 1833 475 Hinc
1865 430 1988 474 multi
2031 428 2167 484 legem
2213 441 2335 471 natu-

1286 486 1411 530 ralem
1455 503 1477 529 a
1525 488 1604 531 sola
1648 488 1831 532 humana
1873 488 2032 532 ratione
2079 519 2091 541 ,
2134 499 2333 543 tanquam

1283 546 1332 586 ab
1384 544 1515 591 radice
1552 545 1617 589 sua
1647 547 1824 590 efferunt
1860 577 1874 601 ‚
1919 546 2156 599 rectumque
2202 544 2335 587 animi

1285 601 1480 652 judicium
1502 634 1515 655 ,
1549 602 1790 650 inconsultis
1823 617 1976 647 naturae
2008 602 2289 646 affeffionibus
2319 633 2333 654 ,

1283 659 1381 702 adeo
1402 673 1704 716 anteponunt,
1748 673 1792 705 ut
1833 661 1967 704 sensus
2002 659 2206 703 honestati
2234 675 2335 702 con-

1285 717 1465 772 trarios,
1521 718 1670 763 vitium
1726 718 1965 762 existiment
2026 730 2181 760 naturae
2235 715 2334 759 uni-

1283 775 1403 818 versae
1443 807 1455 830 ,
1511 777 1814 833 quodammodo
1868 775 2104 832 aegrotantis
2142 807 2154 829 ,
2214 786 2335 829 atque

1280 833 1332 876 ab
1402 832 1658 878 institutione
1738 835 1802 878 sua
1876 834 2051 890 turpiter
2120 832 2338 877 defletsten·

1279 889 1333 933 tis
1370 922 1381 933 .
1447 892 1609 936 Contra
1671 907 1769 936 vero
1814 891 1884 936 alii
1944 890 2160 935 absurdum
2216 901 2335 934 autu-

1281 961 1437 1002 mant,
1496 963 1653 1005 partern
1698 950 1901 995 anteferre
1939 948 2018 992 toti
2060 980 2073 1004 ‚
2117 948 2336 1005 legemque

1280 1022 1552 1050 communem
1617 1023 1753 1051 rerum
1815 1019 2043 1051 creatarum
2092 1005 2337 1050 contrahere

1280 1063 1328 1106 ad
1362 1076 1481 1106 certae
1511 1095 1523 1117 ,
1573 1080 1620 1108 ac
1665 1063 1882 1119 peculiaris
1937 1076 2092 1107 naturae
2132 1063 2337 1115 sensum3

1278 1120 1323 1164 ὃς
1367 1122 1415 1164 ad
1454 1121 1660 1166 rationem
1697 1121 1926 1165 humanam
1972 1136 2033 1165 res
2075 1119 2136 1163 ita
2184 1134 2340 1175 expen-

1277 1179 1371 1222 dere
1405 1179 1613 1223 universas
1641 1212 1654 1234 ,
1703 1191 1747 1222 ut
1785 1179 1893 1236 quod
1936 1177 2203 1223 homunculis
2239 1191 2341 1221 con·

1280 1235 1420 1279 veniat
1442 1268 1458 1289 <,
1503 1250 1574 1280 aut
1629 1249 1830 1293 repugnet
1856 1269 1870 1291 ,
1914 1237 1954 1281 id
1998 1236 2218 1280 infinitatis
2274 1247 2341 1278 to-

1276 1292 1359 1336 tius
1392 1292 1589 1348 perfeetio
1622 1326 1634 1348 ,
1668 1307 1737 1338 aut
1775 1295 1926 1339 vitium
1960 1294 2159 1338 habeatur
2184 1324 2195 1336 .
2239 1294 2341 1336 Un-

1279 1349 1327 1393 de
1382 1351 1541 1394 nullam
1593 1363 1758 1407 ponunt
1801 1352 1949 1406 boni,
2003 1351 2158 1394 malive
2213 1362 2340 1394 natu-

1281 1422 1367 1450 ram
1394 1440 1409 1462 ,
1452 1408 1570 1465 eique
1621 1409 1823 1453 inhae'rens
1869 1410 1932 1461 jus
1967 1407 2151 1452 naturale
2195 1407 2338 1451 omni-

1281 1480 1335 1507 no
1373 1467 1620 1510 eonvellunt
1648 1499 1664 1520 ,
1710 1482 1761 1511 ne
1805 1467 2030 1510 honestatis
2082 1467 2171 1522 lege
2205 1497 2221 1520 .,
2264 1479 2338 1521 pet

1278 1534 1470 1567 naturam
1504 1524 1724 1569 constituta
1748 1558 1764 1580 ,
1807 1525 1884 1568 ¹suis
1924 1525 2098 1580 ipsamet
2139 1523 2296 1579 legibus
2321 1552 2366 1584 ‚-

1277 1591 1426 1623 natura
1473 1581 1729 1626 damnetur:
1781 1583 1889 1639 quod
1922 1582 2107 1627 eveniret
2133 1613 2145 1634 ‚
2192 1580 2219 1624 fi
2251 1580 2339 1623 vir-

1276 1648 1343 1680 -tus
1384 1653 1464 1682 una
1489 1669 1502 1693 ‚
1551 1640 1594 1684 8<
1633 1640 1783 1684 vitium
1822 1641 1963 1684 eadem
2017 1651 2164 1684 natura
2205 1637 2339 1681 confi-

1279 1695 1462 1740 sterent:
1497 1712 1594 1741 nam
1627 1697 1693 1741 'lex
1726 1699 1892 1741 virtutis
1924 1715 1946 1741 a
1981 1711 2126 1742 natura
2162 1696 2337 1740 veniens

1273 1751 1497 1797 damnaret
1548 1754 1703 1799 vitium
1752 1758 1803 1799 ab
1850 1755 1991 1799 eadem
2042 1768 2188 1799 natura
2239 1769 2337 1809 pro-

1280 1808 1466 1854 feetum.
1508 1813 1563 1855 Et
1599 1813 1689 1856 sane
1726 1813 1816 1868 quis
1851 1827 1992 1856 mente
2033 1813 2097 1856 sua
2127 1845 2138 1866 ‚
2173 1827 2259 1854 non
2288 1827 2337 1855 a·

1280 1866 1389 1911 liena
1421 1881 1541 1913 utens
1579 1901 1591 1923 ‚
1633 1871 1919 1914 definitionem
1961 1869 2082 1914 illam
2110 1901 2123 1924 ‚
2165 1885 2244 1925 qua
2274 1868 2336 1921 jus

1276 1925 1463 1969 naturale
1517 1927 1667 1970 dicitur
1710 1928 1789 1982 id,
1842 1929 1948 1984 quod
1992 1941 2136 1971 natura
2191 1926 2337 1970 omnia

1278 1983 1477 2026 animalia
1511 1984 1650 2027 docuit
1672 2016 1684 2037 ,
1724 2001 1772 2028 eo
1807 1986 1918 2030 sensu
1945 2017 1958 2039 ‚
1986 2002 2072 2042 quo
2103 1983 2233 2039 vulgo
2266 1999 2339 2027 ac-

1274 2039 1430 2094 cipitur
1465 2073 1477 2095 ,
1533 2042 1806 2097 composuerit
1856 2059 1951 2086 cum
2001 2042 2212 2098 praeceptis
2258 2040 2338 2085 ho-

1276 2097 1440 2141 nestatis
1469 2130 1483 2152 ,
1532 2114 1620 2155 quae
1655 2115 1730 2143 nos
1771 2100 2011 2143 abstrahunt
2057 2101 2109 2144 ab
2142 2099 2193 2144 iis
2244 2114 2337 2143 cor-

1280 2157 1387 2210 poris
1429 2155 1756 2212 voluptatibus,
1807 2159 1855 2200 ad
1898 2174 2001 2214 vquas
2052 2169 2199 2200 natura
2248 2155 2336 2212 ipsa

1278 2212 1407 2255 etiam
1451 2213 1736 2258 invehimur?
1782 2217 1870 2258 Aut
1914 2231 1993 2270 qua
2035 2214 2194 2257 ratione
2237 2214 2337 2257 defi-

1281 2269 1386 2312 nitio
1427 2269 1554 2313 altera
1582 2287 1600 2324 3
1644 2287 1733 2326 quae
1773 2270 1834 2322 jus
1877 2272 2062 2314 naturale
2111 2270 2228 2314 docet
2257 2270 2335 2314 effe

1279 2326 1426 2369 daflata
1481 2327 1595 2371 refi’tae
1644 2328 1815 2371 rationis
1845 2359 1857 2381 ‚
1901 2327 2164 2384 quadraverit
2197 2327 2242 2371 in
2275 2327 2336 2371 fe-

1281 2384 1388 2427 rinas
1418 2384 1650 2429 affefi‘tiones
1687 2418 1699 2440 ,
1752 2385 1897 2441 quibus
1957 2384 2141 2428 humana
2204 2384 2335 2429 etiam

1281 2454 1424 2484 natura
1457 2442 1706 2497 corripitur,
1754 2443 1804 2485 ab
1845 2442 1963 2485 omni
2008 2443 2165 2497 prorsus
2209 2442 2336 2485 ratio-

1281 2515 1330 2543 ne
1366 2499 1647 2544 deerrantes?
1702 2501 1803 2556 Quae
1849 2498 2084 2544 affeffiones
2136 2500 2246 2544 inter
2296 2498 2333 2543 se

2202 2571 2333 2613 oppo-

1858 2655 1998 2667 §a

1282 2688 1351 2718 lem
1378 2696 1445 2717 non
1470 2686 1574 2718 obeffe
1601 2686 1705 2718 studio
1735 2686 1924 2727 Theologiae
1950 2685 2102 2718 revelatae
2118 2705 2129 2721 ,
2156 2681 2189 2714 id
2209 2690 2327 2730 tamen

1283 2729 1371 2773 quod
1410 2739 1461 2762 res
1498 2731 1567 2768 est,
1609 2732 1749 2763 minime
1769 2732 1998 2768 .diffimulans‚
2030 2728 2216 2760 naturalem
2243 2727 2334 2764 iusti-

1285 2777 1338 2808 tiae
1363 2775 1529 2808 rationem
1557 2774 1597 2806 ad
1623 2775 1869 2818 impetrandam
1910 2774 2054 2806 salutem
2080 2781 2236 2805 aeternam
2266 2782 2335 2805 non

1286 2818 1455 2853 sufficere.
1489 2820 1689 2852 Occurritur
1714 2820 1756 2852 sie
1782 2819 2013 2862 petulantibus
2042 2817 2256 2858 Phyficorum
2284 2818 2337 2849 in-

1286 2866 1418 2909 geniis,
1443 2865 1565 2907 quibus
1590 2874 1669 2897 aetas
1698 2865 1804 2896 nostra
1829 2863 1976 2897 abundat
1999 2886 2009 2900 ,
2047 2863 2078 2894 8(
2103 2862 2223 2905 quibus
2249 2862 2337 2905 leges

1288 2921 1406 2943 omnes
1430 2909 1616 2943 arbitrariae
1641 2909 1797 2943 videntur
1813 2932 1820 2940 .
1846 2909 2000 2941 Munitur
2019 2907 2084 2950 ipsa
2100 2907 2217 2950 religio
2238 2906 2336 2940 chri-

1290 2957 1391 2988 stiana
1406 2976 1417 2994 ‚
1439 2954 1502 2988 etsi
1528 2955 1610 2987 alias
1636 2954 1689 2987 sua
1712 2954 1792 2987 satis
1815 2953 2015 2987 excellentia
2032 2952 2329 2993 commendabilis,

1289 3000 1422 3044 quando
1460 2999 1666 3040 ostenditur,
1711 3007 1872 3042 praecepta
1895 2997 1966 3037 ejus
1991 3007 2123 3030 morum
2159 2997 2229 3042 ipsa
2250 3006 2333 3040 quo-

1291 3056 1354 3091 que
1379 3044 1544 3090 aptiffime
1568 3045 1746 3080 convenire
1773 3053 1900 3078 naturae
1925 3043 2103 3078 humana.
