2596 3479
183 113 288 163 104
564 90 691 144 DE
746 81 1039 140 ORTU
1101 80 1229 135 ET
1297 81 1925 139 PROGRESSU

176 185 316 217 autern
349 159 427 212 fuit
453 164 495 211 in
522 165 602 210 hoc
629 165 719 208 viro
755 195 765 216 ‚
817 174 860 204 ut
893 173 1022 214 neque
1053 155 1222 201 eruditae
1270 173 1346 215 que
1393 158 1555 214 posteris
1596 159 1819 204 utilitatem
1856 156 2117 204 eruditissimi
2141 159 2275 216 operis
2304 163 2322 214 ‚⁴

177 226 499 285 jurisprudentiae
524 223 649 268 studio
676 240 697 265 a
723 219 867 264 sorensi
896 218 1058 270 labore3
1091 229 1222 271 neque
1272 217 1338 260 cui
1377 216 1624 261 absolvendo
1658 218 1877 262 Brissonius
1902 217 2215 275 haudquaquam
2249 234 2323 274 po-

181 288 260 332 hoc
285 288 334 331 ab
361 285 434 329 illa
458 282 766 327 distraheretur.
794 279 843 320 In
870 274 1090 340 forensibus
1109 275 1224 337 enim
1275 274 1356 337 tuit
1368 273 1566 331 exiguum
1581 276 1680 320 vitae
1696 275 2324 333 spatiumabelluisfflisimma-

182 344 467 390 vacationibus
492 342 538 384 ad
566 340 759 383 severiora
791 334 915 379 studia
940 348 1034 386 JurlS
1049 345 1225 397 antiqui,
1277 331 1398 375 nibus
1423 346 1616 378 exorare,

183 415 383 461 tanquam
421 401 468 444 ad
495 400 680 443 laborum
708 395 896 440 levamen
927 390 1227 455 confugiebam

186 463 373 520 quodque
417 459 509 502 aliis
551 470 741 501 curarum
778 453 944 515 summa·
972 449 1103 493 fuisset
1132 481 1143 502 ‚
1191 447 1227 489 id

186 534 272 567 erat
293 519 456 564 homini
479 514 782 561 laboriosissimo
802 509 1116 570 diverticulum.
1135 508 1229 561 Quo
1294 543 1302 552 ,

186 579 342 624 interea
366 591 548 633 tempore
575 606 588 629 ,
632 586 777 616 omnes
804 567 1135 623 Jurisprudentiae
1170 579 1229 628 re-

188 638 309 682 cessus
337 647 549 692 penetrans
570 664 581 686 ,
616 633 857 674 Romanum
890 626 1025 670 forum
1061 637 1230 678 propriis
1257 668 1261 671 .
1286 623 1380 724 Α
1404 623 1524 679 Tque
1559 624 1708 669 horum
1736 625 1826 669 sane
1854 625 2060 669 laboribus
2084 658 2096 681 ’
2141 627 2185 671 ὅ(
2209 625 2329 682 inge-

188 697 386 740 obrutum
424 691 551 736 ruinis
585 688 784 745 pandebat
809 718 820 739 ,
874 683 1069 738 simulque
1097 693 1230 723 mores
1257 672 1264 714 l
1417 680 1486 724 nio
1525 683 1736 727 excultum
1761 683 1822 734 jus
1844 683 1966 726 civile
1991 683 2069 725 fuit
2102 715 2114 737 ,
2158 699 2327 728 eorum-

189 767 346 798 veteres
375 751 422 796 ad
449 748 694 794 memoriam
719 744 941 788 hominum
975 740 1190 783 revocabat
1219 767 1230 791 ‚
1281 754 1358 795 que
1399 754 1522 795 opera
1568 741 1809 797 Respublica
1850 745 2037 784 Romana
2070 741 2282 784 convaluit
2321 772 2330 782 ,

191 811 373 856 colleffis
404 806 697 865 explicatisque
727 836 739 858 ‚
786 817 870 845 non
908 796 1115 842 vocabulis
1145 812 1233 839 mo·
1284 796 1519 842 Praestiterat
1554 814 1650 842 vero
1688 799 1845 855 aliquid
1870 799 1912 842 &
1939 799 2170 842 Connanus
2202 815 2210 840 :
2258 813 2330 842 ne-

188 871 242 914 do
281 868 397 927 prisci
438 866 534 920 juris
567 898 579 919 ‚
630 863 691 907 led
716 859 902 904 formulis
930 856 1055 900 etiam
1092 856 1234 897 verbo·
1282 871 1359 911 que
1391 857 1696 901 contemnenda
1729 858 1785 900 est
1816 856 2009 900 industria
2037 856 2253 909 Balduini‚
2285 857 2330 900 δε

194 945 287 972 rum
327 926 590 970 sollemnibus
623 936 690 977 per
717 920 847 962 varios
876 915 1091 958 auctorum
1126 912 1235 976 locos
1284 915 1461 957 Revardi
1484 946 1496 969 ‚
1532 915 1639 958 Petri
1672 914 1824 969 Fabri,
1856 915 1897 959 ἃ
1933 915 2081 970 Vigilii
2111 948 2122 970 ‚
2153 916 2195 958 ἃ
2224 915 2332 958 Vul-

194 986 416 1031 latentibus
445 1002 454 1026 :
506 982 651 1039 quibus
682 973 970 1030 distinguendis
991 1004 1003 1025 ‚
1037 986 1121 1014 non
1158 986 1236 1013 mi-
1282 971 1356 1013 teii
1383 1003 1394 1024 ,
1426 973 1470 1015 δε
1497 973 1605 1015 Pacii
1633 1004 1644 1026 ,
1677 973 1721 1015 ὃς
1749 972 1906 1016 Corafii
1930 1003 1942 1025 ‚
1975 972 2236 1029 aliorumque
2265 972 2331 1016 hi,

193 1060 271 1090 nus
307 1058 430 1100 quam
467 1036 717 1096 exponendis
759 1047 859 1088 opus
911 1030 992 1074 fuit
1042 1029 1233 1072 acumine
1259 1028 1569 1080 iscesimilium
1590 1060 1602 1082 ,
1636 1029 1706 1086 qui
1735 1029 1852 1073 flores
1879 1028 2013 1083 potius
2043 1062 2054 1083 ‚
2096 1045 2222 1086 quam
2249 1029 2336 1074 ffu-

194 1103 434 1156 solertiaque
472 1092 702 1142 incredibili
728 1124 738 1135 .
785 1090 902 1135 Adeo
925 1087 1039 1132 enim
1067 1088 1238 1131 interte-
1260 1081 1369 1130 ls‘tus
1393 1087 1624 1130 attulerunt
1651 1103 1662 1128 ε
1714 1087 1821 1143 quod
1855 1087 2048 1130 nostrates
2081 1087 2330 1143 pragmatici

194 1173 274 1205 xtae
301 1158 389 1201 sunt
416 1155 570 1212 scriptis
597 1164 780 1195 veterum
811 1181 823 1203 ,
855 1148 898 1191 δί
926 1145 1102 1191 confusae
1128 1177 1140 1199 ,
1191 1155 1235 1187 ut
1283 1146 1330 1188 de
1360 1144 1549 1189 universo
1573 1144 1827 1189 eruditorum
1853 1144 2236 1196 jurisconsultorum
2263 1159 2335 1201 ge-

1398 447 1438 492 c
1498 449 1539 493 A
1602 434 1631 492 Ρ
1691 451 1736 493 u
1797 452 1842 494 T
1931 451 2203 497 chxxu.

1555 537 1622 581 De
1651 538 1749 582 aliis
1779 540 2000 582 acervatim
2021 571 2030 582 .

196 1220 267 1262 vix
299 1216 465 1271 lynceus
491 1210 783 1258 internosceret
819 1238 832 1259 ‚
881 1218 1002 1261 atque
1039 1204 1238 1247 discerne-
1287 1218 1382 1246 nere
1421 1202 1565 1247 insulse
1606 1203 1830 1246 admodum
1863 1234 1874 1256 ‚
1926 1218 1976 1245 ne
2011 1203 2145 1246 dicam
2172 1202 2288 1246 stulte
2319 1235 2334 1257 ‚

199 1289 260 1321 ret
288 1308 298 1318 .
334 1275 423 1317 Illis
452 1285 589 1316 autem
614 1265 846 1322 expromtis
879 1295 891 1317 ,
922 1275 1078 1306 veteres
1107 1274 1239 1304 mores
1288 1262 1617 1316 pronunciarunt
1643 1292 1651 1302 .
1685 1260 1892 1303 Omnium
1919 1261 2034 1304 enim
2060 1259 2265 1305 fru&uum
2289 1277 2339 1304 o-

202 1345 344 1390 patent
368 1365 379 1385 ‚
411 1331 455 1374 δε
489 1329 594 1371 ratio
626 1340 721 1369 cum
748 1322 908 1378 publica
933 1352 945 1374 ‚
988 1333 1080 1363 tum
1107 1318 1242 1374 priva-

203 1404 244 1435 ta
271 1394 559 1434 Romanorum
586 1400 595 1425 :
648 1397 736 1439 quae
757 1413 770 1435 ‚
803 1378 916 1422 velut
939 1377 1090 1421 cortice
1113 1409 1124 1430 ,
1159 1375 1238 1418 for-

204 1449 415 1494 mularum
446 1437 945 1488 contineturinvolucris:
979 1436 1124 1492 quibus
1151 1449 1241 1490 pro-

204 1507 340 1564 phana
361 1538 373 1559 ‚
418 1504 460 1547 δί
487 1503 608 1545 Sacra
639 1515 651 1552 3
685 1495 848 1553 publica
874 1526 885 1546 ‚
918 1495 960 1537 Sc
986 1495 1142 1549 privata
1173 1508 1241 1555 ne-

205 1566 318 1622 gotia
343 1560 658 1618 expediebantur
686 1587 695 1597 .
743 1554 924 1596 Utinam
958 1568 1051 1595 vero
1088 1550 1164 1592 sola
1196 1549 1244 1591 li-

204 1637 384 1667 terarum
408 1618 537 1676 gloria
569 1625 784 1660 contentus
809 1609 942 1654 suisset
958 1643 969 1663 ,
1006 1625 1079 1652 nec
1102 1608 1136 1651 se
1157 1624 1244 1650 arn-

207 1681 362 1724 bitione
399 1679 442 1721 in
484 1674 720 1732 popularem
753 1670 968 1712 flammam
997 1665 1246 1710 calamitosis

204 1738 286 1783 illis
317 1736 468 1782 Galliae
504 1730 755 1787 temporibus
791 1725 1054 1778 conjecisset!
1108 1724 1247 1767 Parisi-

206 1796 269 1841 nis
305 1796 420 1839 enim
463 1787 810 1835 tumultuantibus
835 1784 1019 1828 adversus
1053 1785 1211 1843 Regem
1235 1810 1247 1831 ,

205 1869 302 1898 cum
328 1852 408 1908 ipse
433 1849 683 1901 collegarum
707 1842 899 1898 exemplo
919 1873 932 1894 ‚
964 1840 1136 1884 abscessu
1164 1842 1248 1892 suo,

205 1913 295 1956 vim
319 1908 521 1954 declinare
552 1903 765 1961 potuisset3
801 1900 984 1956 populari
1013 1912 1152 1941 tamen
1179 1913 1241 1940 au-

208 1985 260 2014 rae
285 1967 456 2013 confisus
482 1983 490 2008 ε
528 1977 694 2007 manere
720 1961 899 2003 decrevit
929 1957 971 1999 in
997 1958 1094 2000 urbe
1121 1972 1129 1997 ε
1168 1954 1251 2010 spe·

207 2028 320 2072 rabat
350 2025 464 2068 enim
499 2022 736 2065 seditionem
765 2017 881 2059 illam
909 2013 1119 2071 praesentia
1149 2045 1159 2066 ‚
1207 2013 1248 2057 ὅ(

207 2082 449 2130 auctoritate
494 2080 556 2123 sua
594 2075 808 2135 repressum
849 2074 932 2116 iri.
979 2076 1018 2115 A
1055 2088 1133 2128 qua
1166 2071 1247 2114 sen-

210 2142 338 2186 tentia
383 2138 509 2183 nullis
539 2138 770 2181 amicorum
803 2131 1154 2175 admonitionibus
1186 2129 1247 2173 de-

214 2200 306 2244 duci
357 2198 522 2253 potuit.
579 2193 862 2249 Quamobrem
908 2188 1036 2243 lapsus
1078 2187 1121 2230 in
1167 2203 1254 2229 ma-

219 2273 294 2302 nus
339 2254 644 2305 inimicorum,
700 2251 823 2305 inque
867 2247 1124 2289 teterrimum
1168 2260 1255 2287 car-

216 2330 352 2360 cerem
386 2310 590 2363 conjectus
623 2341 634 2363 ,
679 2308 775 2350 vitae
813 2304 1086 2348 miserabilem
1118 2303 1256 2345 nacIus

213 2373 268 2419 est
292 2371 483 2417 exitum:
519 2365 764 2421 traditusque
796 2362 977 2409 carnifici
1009 2394 1021 2414 ,
1053 2374 1256 2404 extremas

219 2427 494 2475 contumelias
536 2427 586 2469 ab
630 2421 950 2467 insolentissimis
1001 2420 1045 2462 ὅ(
1083 2419 1256 2462 efferatis

222 2488 400 2533 hostibus
432 2483 623 2529 toleravit
655 2514 663 2524 .
709 2479 909 2524 Carnifex
938 2493 1033 2521 vero
1058 2476 1183 2521 initio
1209 2476 1257 2519 ad

222 2559 386 2590 tantum
429 2543 586 2586 facinus
625 2538 934 2584 exhorrescebat
972 2569 983 2589 ,
1039 2535 1257 2578 clarissime

220 2602 404 2648 'Praesulis
446 2600 692 2656 dignitatem
734 2597 832 2641 adeo
865 2595 1166 2646 reverebatur3
1215 2605 1258 2635 ut

224 2660 422 2706 membris
459 2656 739 2713 expavesceret
774 2687 787 2708 ‚
837 2652 1081 2708 brachiaque
1107 2650 1216 2694 illius
1248 2683 1260 2704 ‚

225 2720 324 2763 dum
356 2731 500 2760 necem
525 2726 730 2757 tentarent
753 2744 764 2766 ,
797 2710 962 2755 insolito
990 2722 1150 2763 torpore
1172 2724 1260 2752 cor-

224 2777 456 2832 riperentur
481 2805 490 2815 .
524 2771 714 2814 Tandem
742 2801 754 2823 ‚
786 2768 1026 2826 urgentibus
1053 2766 1262 2820 inimicis,

226 2835 415 2890 victaque
450 2842 561 2874 metu
592 2827 821 2872 reverentia
848 2859 859 2880 ,
895 2827 933 2867 vi
971 2824 1149 2868 sabaeum
1176 2841 1264 2868 car-

232 2892 346 2937 nifex
381 2887 648 2935 celeberrimo
682 2885 771 2928 viro
802 2885 848 2928 d'e
874 2882 1030 2928 infelici
1060 2883 1168 2926 trabe
1204 2883 1263 2927 su-

231 2949 369 3009 spenso
390 2980 403 3003 ,
435 2945 576 3004 gulam
603 2944 748 3001 laqueo
774 2941 894 2999 fregit
926 2973 939 2995 ,
971 2941 1053 2994 (⁴)
1083 2940 1263 2986 abstulit-

271 3141 355 3184 ζ’)
402 3136 562 3173 Ominose
595 3134 636 3168 ad
663 3131 852 3175 symbolum
877 3125 961 3180 ²ejus
1003 3129 1159 3161 Nondum
1185 3130 1266 3174 effu-

226 3190 337 3234 gimus
360 3187 500 3230 fortuna
526 3187 677 3226 laqueos.
707 3182 772 3213 Res
798 3174 947 3220 pluribus
961 3171 1132 3208 refertura
1152 3175 1284 3223 Th”³·.

1285 2763 1645 2823 {Institutionibus
1689 2778 1804 2818 aptus
1841 2794 1854 2815 ‚

1289 1319 1376 1374 rigo
1408 1319 1492 1373 est,
1524 1319 1595 1374 qui
1622 1318 1777 1362 radices
1808 1320 1978 1362 educat,

1398 1434 1437 1477 C
1498 1435 1539 1477 A
1602 1433 1630 1476 P
1696 1436 1735 1476 U
1797 1434 1840 1476 T
1929 1434 2226 1478 CLXXXIII.

1294 1551 1358 1593 De
1389 1550 1564 1592 Murano
1584 1580 1596 1602 ‚
1628 1547 1881 1602 Gothofredis
1908 1580 1919 1602 ,
1954 1548 2222 1605 Vesembegi0,
2257 1549 2337 1592 Pe-

1352 1609 1455 1651 rezio
1471 1638 1482 1659 ,
1517 1608 1724 1650 Pancirolo
1739 1640 1751 1660 ,
1785 1607 1992 1649 Mol-nacio
2011 1638 2022 1660 ,
2055 1607 2194 1649 an'o
2210 1637 2221 1659 ‚
2242 1607 2346 1650 Gro-

1354 1667 1434 1719 ti0‚
1467 1664 1644 1708 Antonio
1672 1666 1830 1719 fabro,
1862 1666 2047 1722 Gregorio
2077 1664 2274 1719 Tolosano
2293 1696 2302 1707 .

1405 1782 1445 1825 X
1481 1781 1737 1825 eruditorum
1764 1796 1862 1824 vero
1889 1780 2004 1824 turba
2039 1780 2130 1824 sunt
2157 1778 2260 1823 mihi
2290 1779 2350 1824 se-

1426 1840 1598 1882 vocandi
1626 1871 1638 1893 ,
1671 1855 1716 1883 ac
1749 1838 2002 1882 nominatim
2037 1837 2270 1894 appellandi
2299 1854 2344 1880 a-

1300 1897 1463 1951 liquot,
1497 1898 1565 1952 qui
1599 1898 1838 1952 proximum
1864 1914 1886 1940 a
1919 1895 2093 1948 Cujacio
2122 1927 2134 1949 ‚
2186 1912 2232 1939 ac
2259 1911 2346 1938 ma-

1301 1952 1434 2004 jorum
1479 1957 1670 2010 gentium
1707 1954 2009 2006 jurisconsultis
2051 1953 2189 1996 locum
2225 1968 2348 1997 occu-

1301 2025 1398 2066 pant
1421 2029 1429 2052 z
1464 2025 1603 2067 utpote
1630 2027 1724 2056 curn
1753 2029 1836 2056 non
1863 2011 1986 2054 modo
2014 2011 2217 2066 splendida
2243 2042 2255 2063 ,
2302 2009 2347 2053 ὃ(

1300 2069 1475 2121 jucunda
1510 2103 1522 2124 ‚
1577 2070 1637 2114 sed
1663 2070 1786 2113 solida
1813 2070 1996 2113 maxime
2022 2101 2034 2123 ‚
2078 2082 2198 2125 atque
2227 2067 2348 2111 utilia

1302 2141 1391 2171 tum
1418 2129 1461 2171 in
1488 2127 1625 2171 forum
1653 2160 1665 2182 ‚
1697 2141 1788 2172 tum
1814 2128 1856 2171 in
1889 2127 2043 2171 scholas
2070 2128 2345 2179 adduxerint,

1301 2201 1350 2228 ex
1385 2185 1622 2237 Cujacianis
1656 2186 1854 2242 praecipue
1893 2185 2009 2228 libris
2036 2217 2048 2237 ‚
2093 2198 2291 2240 tanquam
2324 2198 2346 2227 e

1303 2243 1633 2298 Jurisprudentiae
1666 2243 1918 2286 latifundio.
1965 2244 2069 2285 unde
2101 2258 2183 2298 quo
2219 2240 2348 2296 magis

1303 2300 1492 2345 effoditur
1516 2333 1528 2355 ‚
1561 2300 1716 2352 majora
1745 2300 2058 2343 summittuntur
2099 2331 2107 2341 .
2160 2300 2217 2341 Hi
2253 2313 2351 2341 vero

1307 2359 1397 2402 sunt
1431 2360 1474 2401 in
1509 2360 1654 2414 primis
1687 2359 1887 2400 Maranus
1920 2355 2083 2408 Cujacii
2117 2356 2352 2413 discipulus,

1306 2416 1568 2460 lucidissimus
1611 2415 1751 2460 auetor
1787 2448 1798 2469 ‚
1853 2413 2134 2459 Gothofredus
2178 2414 2308 2458 senior
2339 2445 2353 2468 ,

1306 2476 1376 2532 qui
1423 2474 1625 2530 perpetuis
1670 2473 1776 2517 notis
1820 2490 1869 2517 ex
1916 2473 2169 2518 eruditorum
2225 2483 2353 2527 poenu

1307 2534 1530 2589 depromtis
1557 2566 1569 2587 ,
1602 2532 1661 2585 jus
1692 2531 1815 2576 civile
1849 2532 2026 2575 ambiit:
2061 2529 2173 2582 cujus
2202 2529 2358 2573 doE’tri-

1310 2607 1370 2634 nae
1415 2593 1658 2634 varietatem
1702 2590 1834 2646 potius
1880 2589 2130 2634 laudaverim
2174 2620 2186 2641 ‚
2227 2602 2354 2642 quam

1309 2664 1521 2702 acumen3
1569 2648 1861 2704 Vesembegius
1898 2679 1909 2699 ,
1966 2659 2106 2702 praeter
2150 2643 2356 2687 forensem

1311 2706 1597 2764 professionem
1629 2707 1809 2750 eruditus
1837 2722 1853 2760 ς
1900 2704 2110 2748 Antonius
2155 2703 2278 2746 Perez
2310 2702 2355 2745 in

1903 2763 1946 2804 ὃς
1989 2759 2230 2804 commodus
2264 2793 2275 2811 ‚
2316 2760 2360 2803 &

1312 2823 1355 2868 in
1398 2822 1552 2866 Codice
1598 2822 1728 2874 uber,
1772 2835 1818 2863 ac
1852 2818 2024 2872 facilis;
2069 2818 2207 2861 Guido
2257 2818 2362 2860 Pan-

1314 2880 1466 2926 cirolus
1500 2878 1654 2922 Italica:
1686 2877 1826 2934 glorice
1859 2877 1902 2920 in
1935 2876 2010 2920 hac
2046 2876 2256 2919 meritoria
2286 2891 2360 2918 no-

1320 2938 1507 2984 stratium
1538 2935 1863 2992 jurisprudentia
1894 2934 2044 2979 vindex
2073 2950 2085 2989 ·‚
2117 2934 2362 3034 Mornapius

2301 3007 2365 3034 ru-

1319 3061 1811 3085 ———·-—2——‚—-·⁰-
2259 3064 2369 3073 —.-.

1315 3138 1358 3161 no
1403 3131 1441 3161 L.
1467 3129 1520 3158 11.
1553 3125 1673 3163 Hister.
1702 3120 1745 3161 ad
1775 3131 1843 3162 An·
1861 3130 1995 3163 Dxcl.
2023 3127 2062 3162 <5
2090 3128 2127 3162 in
2155 3129 2230 3163 vita
2245 3126 2371 3174 Briffo·

1315 3175 1367 3210 nii
1398 3172 1486 3219 apud
1515 3172 1712 3207 Leikherum
1731 3197 1740 3206 .
