2596 3479
238 149 342 200 262
758 197 765 203 .

235 217 470 266 finitionem
499 210 628 259 aetatis
651 218 819 255 maturat
845 201 1001 258 nuptiis
1031 231 1044 253 ‚
1094 198 1110 251 [
1136 200 1157 220 '²
1181 198 1197 252 ]
1232 198 1272 240 in

239 276 425 324 foeminis
451 275 555 318 X11.
590 281 821 316 annorum,
853 262 896 306 in
929 257 1119 303 masculis
1151 257 1276 300 XIV.

238 338 322 393 [a]
349 337 453 379 Sane
483 329 745 375 vetustiorem
770 323 905 377 legem
930 333 1016 361 non
1052 316 1276 367 habemus,

239 397 287 441 ad
312 409 438 452 quam
467 390 549 434 liaec
575 381 763 429 definitio
788 378 893 422 reSte
918 387 1132 420 revocetur
1154 390 1162 415 ε
1188 378 1295 415 tan-'

240 467 330 499 turn
357 452 502 495 scimus
535 478 547 499 ‚
596 440 670 486 else
696 436 972 495 pervetustum
994 464 1006 488 ,
1050 445 1094 476 ut
1128 431 1280 486 nuptiae

244 512 423 566 incipere
461 512 666 559 nequeant
703 510 799 540 ante
827 491 1033 548 utriusque
1061 491 1173 534 sexus
1207 504 1297 543 pu·-

245 572 443 614 bertatem
467 594 476 606 .
504 563 642 616 Quam
668 553 849 600 Cassiani
876 566 959 594 non
985 549 1034 592 ab
1056 560 1197 598 aetate‚
1222 544 1281 588 sed

245 644 294 672 ex
325 624 466 668 habitu
491 615 676 674 corporis
709 611 964 656 aestimabant
996 607 1038 650 in
1064 605 1244 648 maribus
1271 635 1282 655 ,

182 685 187 689 ’
246 698 423 740 quorum
462 693 545 721 non
574 689 722 729 paucos
744 682 839 713 ante
865 667 990 711 XIV.
1026 678 1184 708 annum
1217 676 1284 715 ge-

248 738 453 784 nerationi
486 732 642 778 habiles
666 728 781 772 fuisse
809 725 990 776 constat3
1023 722 1108 774 (b)
1137 721 1286 762 Procu-

249 797 350 843 liani
380 797 430 839 ab
462 806 648 837 extremo
683 787 808 832 XIV.
846 781 945 826 anni
987 795 1080 823 eam
1109 776 1284 832 auspica-

249 858 398 901 bantur
419 886 428 896 .
463 850 614 895 Priscus
641 844 861 898 Javolenus
885 840 928 883 δε
951 851 1081 881 annos
1100 835 1226 881 XIV.
1246 832 1290 876 ἃ

251 912 432 969 eorporis
457 908 697 953 firmitatem
725 897 954 954 requirebat
981 926 991 937 .
1025 891 1288 937 Proculiano-

253 987 344 1015 rum
368 966 567 1014 sententia
595 972 753 1016 recepta
778 956 857 1000 fuit
895 986 907 1008 ‚
958 952 1054 1009 quia
1082 951 1119 994 id
1140 982 1152 1004 ,
1185 947 1290 1004 quod

252 1029 492 1087 plerumque
517 1019 665 1065 accidit
686 1051 698 1071 ‚
732 1012 968 1070 respiciebat
995 1025 1007 1063 τ,
1041 1008 1160 1063 idque
1195 1007 1291 1048 Pro-

250 1085 404 1132 culiani
438 1099 460 1125 a
496 1077 644 1123 Stoicis
679 1076 884 1118 duxerunt
917 1086 927 1110 t
973 1065 1131 1111 etenim
1162 1062 1290 1106 Stoici

256 1143 347 1187 vim
386 1135 608 1192 generandi
658 1133 700 1176 ὅς
727 1129 860 1174 animi
887 1125 1104 1170 consilium
1135 1138 1180 1165 ea
1203 1133 1289 1164 aeta-

256 1213 296 1245 te
322 1197 542 1244 inolescere
568 1191 810 1236 censebant.
841 1187 899 1238 (c)
926 1182 1046 1239 Quod
1072 1193 1212 1224 autem
1238 1179 1291 1222 le-

257 1274 305 1316 ge
348 1254 472 1311 Papia
514 1253 685 1306 Poppaea
722 1247 827 1290 circa
865 1253 1027 1285 aetatem
1066 1236 1295 1294 puellarum

258 1314 509 1373 praefinitum
540 1308 703 1352 videtur
730 1336 742 1359 ,
786 1300 968 1345 moribus
992 1310 1112 1340 antea
1139 1298 1296 1338 Rorna-

259 1387 411 1416 norum
439 1367 675 1412 invaluerat
701 1393 711 1405 .
743 1356 984 1403 Plutarchus
1003 1354 1116 1397 enirn
1140 1354 1183 1395 in
1206 1353 1294 1393 Nu-

260 1447 332 1476 ma
366 1426 501 1472 scribit
528 1456 541 1479 ,
591 1426 804 1465 Romanos
849 1411 1094 1458 consuevisse
1141 1422 1299 1452 teneras

260 1487 483 1533 admodum
517 1479 669 1539 puellas
701 1477 845 1519 ducere
878 1488 886 1513 :
933 1471 1042 1526 quod
1073 1483 1224 1523 magna
1257 1462 1300 1508 sit

268 1545 354 1598 ejus
384 1541 512 1586 aetatis
546 1535 785 1593 simplicitas
815 1563 827 1584 ‚
861 1543 906 1572 ut
942 1528 1008 1570 lub
1042 1523 1301 1568 institutione

265 1602 406 1647 mariti
436 1599 612 1652 suscepta
637 1607 741 1636 uxor
779 1621 791 1643 ,
844 1586 954 1629 illius
978 1598 1110 1626 mores
1141 1580 1302 1624 facilius

265 1659 489 1705 imbiberet
522 1687 534 1709 ,
579 1653 714 1707 itaque
758 1645 924 1703 privatae
967 1657 1026 1685 res
1055 1641 1098 1683 &
1131 1638 1302 1695 publicae

264 1717 389 1762 essent
413 1708 722 1768 tranquilliores
742 1737 750 1747 .
778 1705 940 1746 Contra
962 1698 1301 1742 Lacedaemonum

267 1771 491 1830 respublica
519 1802 530 1823 ,
572 1766 640 1811 ubi
674 1762 819 1819 puellae
852 1757 1013 1802 nonnisi
1040 1758 1186 1798 adultae
1216 1754 1304 1796 viro

265 1832 528 1875 tradebantur
552 1857 564 1879 ,
609 1821 799 1866 muliebri
830 1818 926 1872 saepe
955 1814 1119 1857 licentia
1148 1826 1300 1867 pertur-

264 1890 464 1933 babatur.
499 1889 706 1927 Amorum
738 1877 852 1920 enim
884 1871 1156 1938 yiciffitudine
1182 1901 1194 1923 ,
1227 1884 1306 1924 qua

263 1956 505 1991 exercentur
531 1951 625 1983 ante
652 1946 969 1979 matrimonium
998 1943 1178 1984 virgines
1204 1959 1216 1979 ,
1252 1938 1306 1968 ita

267 2013 525 2049 exacuuntur
549 1998 595 2040 ad
624 1995 804 2038 fraudem
826 2022 838 2043 ‚
890 2001 932 2031 ut
960 1985 1155 2043 quidquid
1182 1984 1307 2038 longo

266 2059 562 2118 amatoriarum
589 2052 742 2095 artium
770 2050 841 2093 usu
870 2046 1098 2088 didicerunt
1121 2074 1133 2096 ‚
1166 2040 1298 2084 confe-

266 2131 361 2162 rant
387 2116 436 2159 ad
463 2111 728 2168 subigendum
759 2139 771 2159 ‚
813 2121 858 2148 ac
887 2102 1211 2157 perdomandum
1248 2099 1307 2140 vi-

269 2192 362 2220 rum
396 2190 407 2227 3
452 2171 557 2216 unde
588 2166 781 2211 converso
815 2162 956 2204 sensim
986 2160 1128 2201 ordine
1154 2156 1303 2200 officio·

268 2249 362 2277 rum
384 2263 396 2283 ‚
430 2230 500 2286 qui
525 2227 716 2270 dominus
741 2240 761 2264 a
789 2221 873 2275 lege
899 2218 1158 2261 constituitur
1185 2246 1197 2266 ,
1247 2212 1304 2255 ul-

271 2304 337 2333 tro
377 2288 450 2331 sese
489 2287 531 2328 in
573 2282 813 2326 servitutem
844 2276 964 2317 tradit
990 2273 1107 2316 uxori
1137 2303 1148 2313 .

269 2346 422 2392 mulier
456 2343 501 2385 in
534 2341 670 2383 virum
693 2369 705 2391 ,
739 2337 801 2378 vir
827 2334 868 2376 in
897 2330 1114 2374 mulierem
1142 2328 1312 2383 turpiter

270 2414 557 2451 commutatur
581 2429 589 2439 .
636 2394 756 2451 Quod
783 2390 940 2435 malum
971 2387 1139 2443 privatis
1166 2387 1210 2427 in
1242 2384 1305 2427 do—

270 2462 408 2507 mibus
434 2468 683 2511 conceptum
716 2484 728 2504 ‚
771 2465 853 2492 non
887 2463 975 2489 raro
1004 2448 1046 2489 in
1079 2460 1163 2486 rem
1183 2457 1310 2495 expe-

271 2521 326 2564 tit
357 2516 562 2573 publicam
586 2545 598 2566 ,
631 2523 675 2554 ut
700 2505 946 2564 impotentia
969 2536 980 2556 ,
1012 2503 1056 2546 ἅ
1074 2502 1224 2545 effrena
1246 2515 1313 2542 cu-

274 2578 444 2635 piditate
483 2570 675 2634 muliebri
712 2599 724 2620 ‚
768 2562 958 2609 civilium
1003 2574 1167 2622 quoque
1198 2558 1315 2621 status

275 2646 542 2690 negociorum
574 2638 753 2685 agitetur
779 2639 792 2676 3
825 2634 1070 2676 magnarum
1102 2631 1218 2660 enim
1250 2630 1332 2665 in·-

277 2752 1311 2783 -—-—————-—-.u---——-————-—-—-—-—---—

326 2808 375 2847 ζ*
391 2805 411 2844 )
437 2807 518 2845 Quae
546 2799 704 2833 sententia
719 2795 812 2829 facile
828 2794 932 2827 vincit
945 2802 1013 2824 eam
1034 2789 1158 2826 Cuiacii
1176 2813 1182 2820 .
1212 2792 1334 2820 Antea,

281 2853 372 2886 enim
407 2858 530 2890 nuptiae
555 2857 572 2876 a
599 2844 715 2886 puellis
734 2839 1014 2874 contrahebantur
1029 2834 1286 2874 viripotentibus
1310 2844 1318 2871 3

281 2894 502 2939 viripotentia
520 2900 632 2924 autem
650 2899 714 2922 non
729 2898 768 2919 ex
789 2886 882 2917 annis
901 2907 910 2921 ,
938 2881 987 2914 sed
1014 2892 1052 2913 cx
1070 2880 1185 2912 habitu
1202 2887 1316 2918 corpo-

282 2943 327 2975 ris
343 2939 589 2974 aestimabatur.
620 2938 661 2966 Et
694 2930 873 2964 verisimile
889 2929 931 2960 est
947 2951 955 2961 ,
985 2927 1019 2958 in
1037 2925 1137 2967 prisea
1155 2929 1318 2957 Romano·
1372 2955 1374 2958 .

283 2997 356 3020 rur-n
372 2985 562 3025 frugalitate
577 3002 586 3019 ‚
617 2981 718 3012 seram
736 2976 825 3008 fuiffe
840 2973 1025 3016 puellarum
1045 2974 1202 3002 Venerem
1220 2991 1227 3000 .
1258 2972 1314 3001 Ra

284 3032 375 3065 tione
405 3030 518 3063 tutelae
549 3035 659 3059 autem
687 3022 724 3054 de
753 3022 925 3062 pubertate
945 3016 1124 3058 puz‘ilaruni
1142 3014 1238 3057 quaeri
1257 3023 1321 3044 non

286 3083 419 3120 poterat
435 3098 445 3109 ,
471 3073 547 3116 quia
578 3073 611 3104 in
643 3068 746 3102 tutela
761 3073 855 3098 erant
871 3070 1029 3106 perpetua
1046 3087 1048 3089 .
1080 3059 1140 3091 Sed
1157 3059 1321 3101 postquam

289 3122 395 3156 tutela
426 3127 581 3162 perpetua
596 3117 630 3148 in
646 3112 891 3163 desuetudinem
912 3109 1002 3141 abire
1018 3106 1117 3146 coepit
1137 3126 1145 3138 ,
1172 3104 1211 3135 ad
1228 3103 1305 3135 serni

289 3178 349 3200 nas
362 3175 490 3209 queque
507 3161 665 3205 pertinuit
682 3159 823 3200 iurgium
841 3163 991 3186 veterum
1007 3172 1018 3189 ,
1046 3150 1178 3183 annisne
1195 3160 1236 3182 an
1251 3158 1318 3181 cor-

291 3212 380 3255 poris
397 3209 514 3243 habitu
528 3205 715 3239 aestimanda
730 3204 805 3236 esset
823 3200 1000 3244 pubertas?

1196 2271 1330 2313 Hinc«

906 126 1047 181 DE
1135 117 1740 194 LEGIBUS,

1328 207 1544 258 crementa
1576 192 1861 256 calamitatum
1887 208 1936 238 ex
1963 192 2094 240 initiis
2121 197 2292 257 surgunt
2317 202 2383 249 sae-

1329 268 1374 306 pe
1406 251 1621 295 leviilimis
1648 253 1962 317 jssingentesque
1991 253 2087 309 saepe
2117 255 2248 302 clades
2273 260 2380 303 exti-

1330 321 1470 372 terunt
1494 324 1546 352 ex
1575 319 1705 366 gratia
1723 342 1739 374 .’
1773 311 1836 355 vel
1863 311 1921 355 ira
1949 312 2172 368 muliebri3
2203 332 2379 372 quarum

1329 367 1556 433 aliquando
1595 367 1802 412 blanditiae
1844 370 1950 425 apud
1976 384 2186 425 magnates
2222 375 2382 426 praeser-

1331 441 1408 469 tim
1448 457 1460 478 ,
1508 425 1758 468 &summos
1787 426 1905 472 duces
1929 460 1941 482 ,
1992 429 2175 474 moribus
2206 430 2249 475 ὃς
2279 429 2382 488 legi-

1335 497 1405 527 bus
1436 496 1580 538 patriis
1605 482 1728 539 longe
1759 485 2029 542 praepollent.

1514 598 1554 641 C
1615 598 1657 641 A
1718 597 1749 641 P
1807 601 1851 641 U
1911 602 1955 643 T
2045 603 2212 646 XLIII.

1550 714 1618 757 De
1644 712 1852 756 Vacatione
1878 714 2132 771 Nupt'iarum
2149 748 2158 759 .

1341 826 1609 930 SEqnitur
1660 825 1778 877 hujus
1818 827 1966 884 capitis
2006 829 2085 873 alia
2134 829 2336 884 particula
2367 861 2383 887 ‚

1437 901 1526 943 quae
1557 884 1688 948 est-de
1722 886 1938 929 vacatione
1972 887 2211 942 nuptiarum
2241 919 2252 941 ‚
2286 904 2387 933 con-

1341 943 1441 988 cessa
1470 942 1658 1007 ⁸foeminis
1691 941 1775 1005 post
1807 955 1985 987 mortem
2017 946 2096 988 viri
2125 977 2137 998 ‚
2197 957 2267 989 aut
2299 945 2384 1000 post

1342 1001 1554 1064 repudium
1579 1015 1591 1053 3
1624 1014 1716 1062 qua¹
1737 1013 1779 1041 in
1808 1000 2008 1055 particula
2040 1003 2386 1056 comprehensum

1342 1058 1421 1102 fuit
1439 1090 1452 1111 ‚
1483 1070 1528 1121 ut
1553 1057 1796 1100 mulieribus
1819 1074 1841 1101 a
1866 1073 2000 1102 morte
2028 1059 2106 1103 viri
2137 1059 2382 1113 biennium,

1342 1134 1365 1160 a
1391 1116 1558 1181 repudio
1583 1130 1681 1178 vero
1706 1129 1865 1158 annum
1897 1147 1909 1169 ‚
1959 1116 2003 1159 ὃς
2033 1116 2094 1160 sex
2124 1117 2280 1161 menses
2309 1133 2390 1161 nu-

1346 1188 1441 1237 ptiis
1469 1187 1612 1235 vacare
1642 1170 1783 1214 liceret
1804 1203 1816 1223 ‚
1861 1188 1958 1216 cum
1991 1172 2079 1228 lege
2108 1174 2217 1225 Julia
2243 1205 2257 1228 ,
2299 1188 2387 1229 quae

1347 1234 1474 1274 lenita
1497 1229 1641 1291 dein-de
1668 1228 1770 1278 fuit,
1789 1230 1832 1273 δι
1857 1231 1901 1273 in
1929 1230 2064 1286 legem
2089 1232 2257 1286 Papiam
2282 1232 2386 1287 Pop-

1346 1304 1476 1345 paeam
1506 1286 1689 1351 comesta
1708 1318 1720 1339 ‚
1737 1302 1840 1350 ,non
1864 1287 1996 1340 major
2025 1288 2186 1332 vacatio
2207 1290 2387 1342 daretur,

1347 1359 1627 1402 quamcunius
1647 1359 1746 1409 anni
1771 1361 1792 1387 a
1818 1359 1950 1388 morte
1978 1345 2056 1388 viri
2095 1362 2108 1399 3
2150 1363 2173 1389 a
2205 1346 2387 1389 divortio

1349 1419 1445 1447 vero
1479 1401 1541 1446 sex
1574 1406 1773 1444 mensium
1803 1433 1815 1453 ‚
1870 1403 1977 1453 (d)
2011 1415 2053 1445 ut
2081 1402 2202 1446 tradit
2238 1401 2388 1458 Ulpia-

1350 1476 1424 1504 nus
1460 1491 1483 1524 ‚·
1521 1459 1826 1521 quemdocum
1869 1459 2161 1502 emendatione
2206 1459 2390 1514 indigere

1350 1517 1505 1562 censult
1531 1518 1724 1567 CuJacius
1749 1516 1827 1579 [e]
1852 1516 2089 1559 admonitus
2115 1534 2137 1559 a
2165 1517 2391 1559 Sveton'm:

1351 1574 1455 1637 [f]¹
1479 1574 1586 1617 unde
1633 1587 1705 1626 pro
1746 1574 1899 1614 biennii
1943 1573 2143 1616 substituit
2180 1573 2344 1616 triennii
2378 1587 2391 1615 τ

1354 1633 1488 1676 nescio
1520 1647 1571 1673 an
1597 1629 1701 1673 reete
1725 1661 1733 1671 .
1781 1629 1923 1673 Aliam
1947 1630 2062 1677 enim
2086 1643 2186 1686 puto
2214 1629 2399 1674 vacatio-

1354 1706 1452 1734 nem
1475 1706 1497 1732 a
1521 1689 1719 1732 Svetonio
1751 1685 1967 1743 significari
1999 1720 2010 1742 ‚
2044 1703 2193 1744 nempe
2213 1687 2400 1731 vacatio-

1356 1764 1474 1813 nem·
1495 1747 1544 1790 ab
1583 1745 1765 1801 Augusto
1789 1746 1925 1788 datam
1952 1763 1976 1788 a
2004 1746 2068 1789 die
2093 1745 2185 1789 latae
2215 1745 2314 1800 legis
2345 1743 2396 1788 ad

1355 1817 1606 1871 paritionem
1622 1834 1633 1853 ‚
1669 1817 1816 1865 nempe
1845 1802 2115 1846 intervallum
2132 1835 2143 1856 ,
2164 1819 2244 1858 quo
2265 1801 2399 1845 adhuc

1355 1879 1464 1927 cives
1498 1862 1582 1916 lege
1618 1860 1739 1913 Papia
1766 1873 1883 1917 erant
1916 1859 2034 1903 soluti
2060 1876 2069 1901 τ
2106 1875 2150 1903 ut
2175 1860 2244 1916 qui
2270 1875 2292 1901 a
2322 1874 2398 1901 nu·

1359 1923 1452 1977 ptiis
1481 1920 1744 1982 abhorrerent
1789 1948 1801 1968 ,
1844 1916 2017 1971 spatium
2056 1916 2256 1960 haberent
2281 1931 2398 1959 com·

1356 1980 1525 2035 parandi
1556 1974 1630 2018 sese
1665 2006 1677 2027 ,
1709 1973 1975 2029 fleetendique
2001 1974 2049 2017 ad
2075 1973 2398 2020 matrimonium

1360 2035 1641 2101 reluctantem.
1659 2033 1848 2074 animum
1886 2047 1895 2072 :
1943 2032 2050 2087 quod
2081 2030 2297 2074 consilium
2326 2027 2400 2073 nisi

1360 2107 1467 2136 intra
1493 2104 1720 2133 triennium
1755 2087 1855 2131 illud
1885 2088 2114 2131 vacationis
2134 2087 2396 2142 capesserent,

1361 2152 1498 2206 legum
1527 2161 1668 2203 poenas
1693 2145 1956 2189 incurrebant
1992 2178 2001 2188 .
2046 2145 2146 2188 Alia
2170 2143 2299 2198 igitur
2331 2159 2402 2186 va-

1360 2224 1467 2252 catio
1491 2208 1545 2269 est
1571 2207 1620 2246 ab
1647 2219 1721 2256 ea,
1753 2218 1841 2260 quae
1866 2203 1951 2259 post
1976 2203 2055 2246 viri
2081 2213 2260 2246 mortem
2286 2226 2298 2247 2
2328 2210 2401 2242 aut

1364 2264 1575 2321 repudium
1600 2263 1717 2304 datur
1733 2292 1746 2302 .

1536 2349 1575 2390 C
1636 2352 1675 2389 A
1736 2347 1767 2388 P
1826 2345 1872 2385 U
1931 2347 1975 2387 T
2064 2345 2225 2389 XLIV.

1579 2407 1644 2448 De
1676 2404 1904 2460 Virginibus
1935 2400 2180 2456 Vestalibus.

1511 2493 1549 2535 Is
1600 2490 1902 2546 adjungendum
1964 2488 2118 2532 censuit
2173 2486 2402 2538 Gothofreq

1525 2550 1595 2592 dus
1649 2560 1770 2603 caput
1813 2548 1859 2591 de
1903 2546 2131 2602 virginibus
2174 2544 2406 2589 Vestalibus

1365 2627 1387 2652 a
1420 2606 1560 2651 Gellio
1593 2606 1674 2663 [g]
1696 2621 1744 2650 ex
1761 2604 1847 2662 lege
1863 2605 1983 2660 Papia
2001 2604 2102 2657 [³¹⁷⁶]
2127 2600 2325 2646 relatum:
2351 2616 2402 2644 ex

2325 2672 2407 2712 (1¹10

1368 2779 1423 2813 lib.
1448 2790 1478 2818 3.
1507 2777 1545 2808 (9⁸
1565 2780 1599 2811 in
1615 2788 1754 2810 enarrat.
1776 2782 1810 2809 C.
1834 2780 1890 2809 tie.
1908 2778 1946 2808 de
1962 2776 2105 2816 sponsal.
2124 2771 2276 2804 Macrob-
2297 2783 2330 2811 7-
2350 2771 2408 2811 sa-

1369 2826 1490 2860 tumul.
1513 2836 1543 2864 7.
1565 2823 1716 2862 &fhmm
1733 2824 1823 2864 Scip.
1848 2833 1872 2852 1.
1894 2824 2032 2853 Sveton.
2055 2819 2090 2849 in
2110 2816 2187 2848 0:33
2206 2828 2223 2846 ν.
2246 2827 2270 2847 c.
2292 2826 2343 2854 34.

1414 2870 1470 2911 (b)
1497 2873 1651 2902 Hortam-
1678 2869 1717 2899 δε
1744 2868 1932 2906 νίωξψιρι.
1952 2861 2062 2902 Inssv't.
2085 2861 2170 2905 quib.
2189 2861 2270 2892 mod.
2291 2869 2356 2892 rut.
2373 2860 2409 2891 in

1372 2918 1471 2951 princ.
1483 2917 1523 2947 L.
1541 2916 1603 2946 ult.
1620 2916 1658 2944 C.
1676 2912 1800 2954 quaudo
1817 2921 1882 2943 rur.
1901 2911 1955 2942 vet
1971 2918 2070 2940 curat,

1414 2965 1432 3001 (
1449 2958 1487 2994 cl
1518 2956 1682 3009 Plutarch.
1698 2955 1753 2988 tib.
1775 2966 1806 2995 5.
1834 2962 1901 2997 cap.
1923 2965 1975 2993 24.
2007 2953 2044 2985 de
2071 2951 2185 2995 placit.
2207 2949 2419 2993 philosopho·

1370 3018 1442 3041 rum
1459 3028 1467 3036 .
1495 3005 1627 3038 Merill.
1642 3003 1704 3041 ons
1722 3000 1780 3032 lib.
1810 3012 1836 3033 1.
1860 3007 1925 3040 cap.
1946 3009 1976 3030 2.

1418 3050 1470 3093 [d]
1499 3052 1573 3082 Tin.
1596 3060 1644 3087 ¹4·
1664 3044 1777 3087 Inftir.
1826 3047 1874 3087 (e)
1904 3044 1957 3077 Ad
1973 3043 2027 3076 eit.
2050 3054 2098 3083 ¹4·
2118 3041 2257 3085 Ulpium.

1416 3096 1496 3138 (f)
1524 3096 1561 3126 ln
1579 3093 1716 3126 oetavio
1734 3102 1790 3137 34.»
1802 3094 1899 3125 Dion.
1916 3087 1977 3123 lib.
1995 3092 2049 3127 56.

1419 3141 1472 3184 [g]
1502 3139 1575 3173 Lib.
1596 3150 1622 3170 1.
1650 3144 1717 3179 cap·
1742 3148 1791 3169 12.

1429 3188 1505 3228 ΟΨ)
1533 3188 1604 3225 Que
1628 3184 1680 3216 lex
1701 3182 1796 3214 Paoia
1814 3182 1915 3225 Papia
1930 3183 2069 3224 Poppaea
2082 3176 2238 3220 antiquet·
2252 3197 2263 3216 ,
2283 3180 2320 3210 ut
2336 3181 2409 3214 pro-

287 3299 290 3302 ,
334 3257 398 3297 (a)
424 3252 545 3292 cujac.
575 3252 618 3285 ad
635 3253 657 3284 l.
680 3261 727 3288 ¹4·
741 3247 781 3293 ff.
799 3248 836 3281 de
846 3245 955 3289 spons.
966 3243 1040 3286 five
1055 3241 1096 3276 ad
1112 3237 1245 3280 Modess.
1262 3235 1336 3282 diff·
1384 3234 1442 3268 bat
1459 3229 1660 3265 Heinnecius
1672 3235 1748 3272 pag.
1764 3231 1794 3260 6.
1810 3239 1843 3271 7,
