2524 3479
280 133 308 185 8
669 128 786 187 DE
853 126 1091 184 ORTU
1155 128 1274 187 ET
1334 129 1876 191 PROGRESSU

276 208 326 252 ab
361 202 498 264 Appio
530 205 736 261 Claudio,
768 205 838 263 qui
868 222 960 249 earn
993 207 1035 250 in
1067 206 1220 251 tribum
1255 206 1291 252 se

279 265 565 322 familiamque
602 271 709 308 luam
742 264 971 316 conjecerat
1007 296 1015 306 .
1047 264 1129 319 [a]
1163 264 1292 309 Sicuti
1547 269 1588 313 C
1650 269 1689 314 A
1751 270 1782 313 P
1841 269 1887 312 U
1954 269 1999 312 T
2088 270 2142 315 X.

282 324 520 368 duodecima
555 324 750 374 AEmilia,
782 339 803 365 a
835 323 1099 367 celeberrima
1126 323 1295 367 AEmilia

279 396 428 440 gente:
464 382 506 425 ὅ(
539 381 697 424 decima
730 380 853 425 tertia
884 380 1112 435 Cornelia,
1144 383 1193 425 ab
1225 396 1298 424 an·
1701 386 1769 430 De
1799 385 1962 431 Curiis.

279 441 507 496 ⁴tiquissima
540 453 659 496 gente
693 438 924 492 Cornelia,
956 440 1299 496 &decimaquar-

285 507 325 541 ta
371 514 392 541 a
426 497 557 541 Fabiis
585 530 596 551 ‚
640 497 796 540 Fabia.
846 497 1014 540 Decima
1048 499 1218 554 quinta,
1251 498 1299 540 ab
1448 500 1539 545 Um
1588 500 1787 557 populum
1830 514 2003 544 omnem
2051 501 2256 545 Romulus
2301 499 2347 546 in

282 556 493 600 Horatiis.
528 558 702 599 Horatia
732 588 740 597 .
775 557 947 598 Decima
982 557 1116 610 sexta,
1148 574 1170 599 a
1206 557 1296 598 Me-
1459 570 1569 612 τῖες,
1602 573 1645 602 ut
1666 561 1871 612 diximus,
1905 559 2036 602 tribus
2056 558 2343 616 descripfiffet,

280 614 441 668 neniis,
476 614 700 657 Menenia.
736 614 911 657 Decima
945 613 1139 669 septima,
1172 630 1194 656 a
1231 614 1297 655 Pa·
1325 614 1488 659 easdem
1536 617 1660 660 tribus
1700 617 1833 660 divisit
1865 619 1907 660 in
1941 617 2087 660 Curias
2120 620 2292 675 triginta
2326 633 2341 671 3

281 671 422 727 piriis‚
458 671 639 727 Papiria.
675 672 850 714 Decima
876 671 1046 725 oetava,
1080 689 1100 714 a
1121 671 1298 726 Sergiis,
1326 684 1370 717 ut
1415 675 1539 718 tribus
1583 690 1664 717 una
1707 675 1847 717 decem
1882 675 2222 728 complee'teretur
2253 675 2348 718 Cu-

281 730 455 784 Sergia.
493 730 666 772 Decima
699 745 834 780 nona,
866 745 888 771 a
922 729 1131 780 Veturiis‚
1170 731 1298 771 Vetu-
1327 732 1403 774 rias
1437 764 1445 774 .
1488 733 1574 784 (d)
1618 734 1778 775 Harum
1812 746 1949 775 autem
1986 733 2152 789 lingulis
2183 747 2345 777 certum

282 779 1537 863 ria.Hisadje&aefueruntann0V.C.CCLV111.100nfflsu1t
1572 805 1791 847 numerum
1825 822 1836 843 ‚
1871 802 2060 846 certaque
2092 792 2213 834 Sacra
2246 805 2346 845 prae-

280 861 305 888 a
347 843 611 887 Clustumina
657 844 733 888 five
766 844 1032 888 Crustumina
1065 843 1479 904 Tuscorum=scripsit
1502 879 1514 899 ‚
1545 848 1722 903 aedesque
1755 848 1967 891 destinavit
2001 880 2012 901 ‚
2060 848 2103 892 in
2135 864 2233 904 quas
2265 848 2346 891 sm-

279 903 423 955 Urbe,
458 902 724 945 Crustumina
757 902 884 945 tribus
917 901 1132 953 vicesim33
1165 901 1208 944 ὃς
1237 883 1427 960 vi-lgulae
1460 906 1596 949 Curiae
1629 906 1675 948 ad
1709 906 1954 949 communia
1984 907 2104 950 Sacra
2124 909 2345 963 (*)pera-

281 960 429 1003 cesima
464 960 620 1015 prima,
652 977 674 1003 a
707 960 823 1003 Veiis
854 975 1028 1014 agroque
1051 958 1452 1018 Veientium'genda
1486 994 1498 1016 ,
1556 964 1772 1019 epulasque
1815 963 1998 1019 publicas
2045 969 2200 1008 summa
2246 979 2344 1008 cum

281 1017 532 1069 Veientina.
567 1020 621 1061 Et
652 1033 761 1060 anno
790 1019 843 1060 V.
860 1019 911 1059 C.
927 1017 1307 1060 CCCLVl.vice-³
1325 1021 1532 1064 hilaritate
1565 1021 1834 1064 celebrandas.
1855 1023 2129 1065 convenirent
2158 1039 2167 1064 :
2203 1037 2246 1065 ut
2281 1022 2343 1078 his

279 1075 380 1118 sima
413 1075 581 1119 secunda
613 1074 829 1117 Stellatina
861 1105 873 1126 ‚
916 1091 939 1117 a
972 1090 1118 1130 campo
1150 1074 1296 1118 Stella-
1323 1078 1452 1134 epulis
1477 1109 1490 1131 ,
1515 1089 1656 1134 'eaque
1691 1083 1894 1122 sacrorum
1928 1080 2225 1123 communione
2253 1080 2346 1122 ani-

278 1144 319 1176 te
352 1148 436 1176 non
468 1148 545 1186 eo,
577 1132 646 1188 qui
679 1132 733 1175 est
765 1133 808 1175 in
836 1133 1071 1187 Campania
1094 1132 1200 1187 ,·sed
1219 1148 1294 1186 eo,
1325 1151 1488 1179 morum
1533 1136 1752 1178 concordia
1795 1136 2034 1180 coalesceret
2079 1169 2087 1180 .
2140 1140 2202 1180 Ad
2239 1138 2346 1180 sacra

278 1190 349 1246 qui
381 1190 430 1233 ad
463 1190 647 1245 primum
682 1189 861 1245 lapidem
892 1190 997 1233 abest
1029 1206 1052 1232 a
1083 1202 1199 1245 porta
1213 1175 1420 1269 Ca-lvero
1452 1196 1669 1249 pecuniam
1701 1193 1892 1236 attribuit
1920 1209 1968 1237 ex
1991 1194 2156 1238 aerario:
2191 1196 2343 1251 quique

279 1263 385 1305 pena
411 1279 424 1301 ,
468 1247 519 1291 sic
564 1263 587 1291 a
635 1247 783 1291 Tuscis
813 1247 1018 1304 appellato
1044 1279 1053 1289 .
1088 1248 1295 1291 Vicesima
1324 1264 1411 1294 tum
1445 1251 1600 1303 Sacris,
1633 1263 1722 1294 tucn
1756 1253 1903 1294 aelibus
1929 1283 1941 1304 ,
1973 1253 2016 1295 ὃς
2051 1252 2216 1308 singulis
2249 1253 2341 1295 Cu-

278 1304 400 1348 tertia
441 1305 724 1348 Tromentina
755 1336 767 1359 ‚
811 1321 835 1348 a
865 1305 1098 1348 Tuscorum
1130 1307 1294 1362 Campo
1322 1310 1392 1352 riis
1421 1321 1645 1364 praeerant,
1678 1311 1885 1352 Curiones
1917 1310 2108 1365 appellati
2147 1342 2155 1351 .
2189 1311 2343 1367 Singu-

277 1364 518 1406 Tromento
544 1394 552 1405 .
598 1362 804 1406 Vicefima
846 1375 988 1419 quarta
1019 1363 1241 1415 Sabatina,
1273 1380 1295 1406 a
1324 1367 1370 1410 lae
1402 1381 1498 1410 vero
1530 1367 1697 1420 Curiae,
1733 1367 1795 1410 vel
1828 1383 1850 1409 a
1884 1367 2042 1410 Sabinis
2070 1367 2344 1421 mulieribus,

278 1418 371 1464 lacu
405 1420 547 1464 Sabate
569 1451 578 1461 .
631 1420 840 1464 Vicefima
871 1422 1015 1476 quinta
1048 1421 1258 1464 Arniensis
1280 1452 1292 1474 ,
1323 1423 1386 1468 vel
1419 1441 1442 1467 a
1473 1423 1574 1467 locis
1606 1439 1761 1468 traxere
1795 1439 1948 1467 nomen
2012 1425 2101 1478 vel,
2137 1439 2179 1468 ut
2203 1427 2341 1468 Varro

278 1493 302 1521 a
334 1476 472 1521 Tusco
503 1476 675 1521 flumine
709 1480 825 1520 Arno
854 1508 865 1531 ‚
897 1491 940 1520 ut
959 1478 1199 1534 Sigonius&
1236 1480 1289 1520 O·
1326 1482 1488 1525 tradidit
1509 1514 1521 1535 ‚
1554 1498 1575 1524 a
1610 1483 1795 1526 Ducibus
1824 1515 1836 1536 ,
1867 1483 1910 1525 ὃ(
1945 1485 2144 1526 veteribus
2172 1515 2183 1536 ,
2234 1483 2342 1526 unde

280 1534 482 1591 nuphrius
514 1546 685 1591 putant·
718 1536 872 1578 Rursus
903 1537 1292 1579 annoCCCXCV-
1325 1540 1495 1596 populus
1542 1539 1754 1583 decesserat
1787 1572 1799 1594 ,
1845 1540 1943 1582 locis
1970 1572 1978 1582 .
2026 1540 2167 1583 Αιιὲὶις
2211 1541 2345 1583 tribu-

278 1593 413 1636 addita
444 1593 498 1636 est
531 1593 657 1635 tribus
691 1593 882 1636 vicesima
917 1593 1023 1635 sexta
1046 1593 1293 1648 Pomptina,
1324 1599 1393 1641 bus
1419 1629 1430 1651 ‚
1481 1609 1594 1640 vetus
1627 1612 1766 1640 tamen
1800 1598 2024 1640 Cunarum
2061 1614 2253 1641 numerus
2286 1597 2342 1641 est

278 1651 330 1693 ab
362 1652 479 1706 Agro
513 1650 734 1707 Pomptino
762 1667 771 1692 τ
823 1651 867 1693 &
899 1651 1089 1693 vicesima
1124 1650 1294 1706 septima
1325 1667 1502 1699 retentus
1535 1671 1543 1696 τ
1591 1671 1637 1697 ac
1683 1668 1846 1711 propter
1897 1655 2209 1699 multitudinem
2240 1668 2343 1699 tan-

279 1707 481 1762 Popillia3
513 1723 600 1763 quae
634 1708 818 1751 scribitur
849 1708 975 1751 etiam
1010 1708 1182 1763 Poplilia
1209 1741 1219 1760 ,
1251 1709 1293 1751 ἃ
1324 1727 1410 1756 tum
1445 1713 1642 1757 attributa
1675 1712 1763 1755 sunt
1797 1713 1996 1766 ampliora
2033 1713 2149 1765 loca,
2183 1713 2229 1755 ad
2254 1727 2342 1769 quae

278 1764 482 1818 Poblilia,
514 1766 556 1808 ἃ
591 1765 768 1808 Pulilia:
804 1765 921 1821 idque
940 1781 1094 1809 nomen
1116 1766 1293 1821 Scaliger
1327 1770 1495 1827 populus
1539 1786 1560 1813 e
1607 1771 1809 1814 veteribus
1858 1771 1998 1813 Curiis
2045 1771 2342 1826 angustioribus

276 1822 327 1866 ad
358 1823 517 1865 Festum
547 1822 707 1866 deducit
738 1840 760 1865 a
792 1822 951 1878 Popilia
983 1823 1157 1867 foemina
1187 1839 1199 1875 3
1233 1825 1290 1865 O·
1321 1841 1559 1871 evocaretur
1591 1844 1603 1881 3
1651 1827 1801 1870 reliffis
1844 1839 2005 1870 tantuin
2056 1844 2218 1884 propter
2248 1828 2343 1871 reli·-

281 1879 482 1934 nuphrius
515 1896 536 1922 a
571 1879 661 1923 loco
691 1913 700 1922 .
733 1880 795 1934 [b)
828 1882 956 1924 Anno
987 1894 1125 1924 autem
1159 1883 1213 1924 V.
1241 1883 1291 1923 C.
1321 1886 1488 1942 gionem
1522 1886 1566 1927 in
1598 1885 1777 1941 antiquis
1810 1884 1908 1928 locis
1941 1899 2115 1939 quatum
2147 1887 2287 1928 Curiis
2320 1900 2334 1939 3

279 1937 490 1981 CDXXI.
523 1936 675 1988 adje&a
706 1939 759 1981 est
792 1938 980 1981 vicefima
1011 1938 1292 1982 oetavatribus
1323 1959 1468 1998 nempe
1504 1942 1678 1986 Forienfi
1702 1974 1714 1995 ‚
1751 1947 1881 1997 Rapta
1902 1974 1913 1995 ‚
1951 1941 2131 1985 Vellenfi
2159 1974 2171 1995 ‚
2223 1942 2344 1986 Veli-

278 1995 459 2048 Maecia‚
490 2010 512 2037 a
543 1994 687 2038 Castro
718 1995 899 2048 Maeci03
930 1996 973 2039 &
1009 1996 1195 2039 vicesima
1218 2011 1290 2038 no·
1324 2001 1377 2044 tia
1399 2033 1408 2042 .
1442 2001 1555 2043 Curn
1588 2014 1727 2043 autem
1761 2000 1900 2042 Curiae
1933 1999 2047 2043 simul
2084 2016 2178 2042 cun
2212 2000 2341 2044 tribu·

279 2067 333 2094 na
375 2052 538 2105 Scaptia
563 2083 576 2106 ‚
620 2053 670 2095 ab
716 2054 831 2096 Urbe
863 2052 1025 2107 Scaptia
1051 2085 1060 2095 .
1094 2053 1151 2097 Et
1182 2069 1292 2097 anno
1323 2059 1392 2101 bus
1423 2057 1548 2101 auetae
1583 2058 1756 2100 minime
1791 2056 1979 2110 fuerint3
2015 2058 2154 2101 evenit
2179 2089 2190 2109 ‚
2224 2071 2268 2100 ut
2298 2058 2343 2101 8<

278 2109 551 2154 CDXXXV·
601 2110 733 2153 tribus
776 2110 976 2154 tricefima
1011 2110 1187 2155 Ufentia
1213 2143 1225 2165 ‚
1271 2128 1290 2153 a
1322 2116 1458 2159 Curiae
1492 2115 1665 2159 Rusticae
1698 2114 1820 2158 nullae
1851 2114 1974 2158 essent
2002 2132 2016 2155 .·
2050 2115 2094 2158 ὃς
2125 2115 2192 2170 qui
2225 2126 2342 2158 erant

280 2166 408 2209 fluvio
440 2167 599 2210 Ufente
626 2184 634 2207 ε
670 2167 712 2210 &
744 2168 943 2211 tricesima
976 2168 1108 2223 prima
1140 2169 1290 2212 Faleri-
1322 2190 1371 2216 ex
1432 2172 1677 2230 municipiis
1710 2205 1722 2225 ‚
1768 2188 1863 2215 cum
1923 2172 2052 2216 trihus
2102 2173 2296 2215 haberent
2329 2202 2343 2226 ,

279 2237 334 2265 na
355 2254 368 2276 ,
401 2224 450 2266 ab
481 2240 581 2279 agro
602 2224 799 2267 Falerno.
836 2226 1222 2268 Accesseruntanno
1245 2228 1293 2268 ab
1323 2245 1406 2273 non
1450 2242 1591 2273 tamen
1632 2230 1857 2273 Curiarum
1908 2230 2031 2273 essent
2077 2229 2291 2284 participes
2324 2261 2334 2272 .

279 2281 337 2322 V.
371 2281 423 2322 C.
458 2281 636 2324 CDLV.
669 2282 869 2325 tricesima
896 2283 1062 2325 secunda
1080 2282 1292 2337 Aniensis,
1327 2291 1461 2343 Atque
1495 2287 1570 2330 hae
1601 2287 1761 2331 ratione
1794 2286 1995 2343 populum
2029 2286 2236 2342 descripsit·
2257 2288 2344 2329 Ro.

282 2337 333 2381 ab
347 2353 469 2383 amne
491 2339 678 2383 Aniene:
713 2339 1113 2383 &tricesima-tertia
1134 2343 1283 2383 Teren
1326 2346 1488 2389 mulus.
1654 2349 1657 2351 ’

285 2394 375 2439 tina
401 2425 412 2445 ‚
456 2412 478 2439 a
523 2395 614 2440 loco
646 2398 819 2452 quodam
854 2398 897 2440 in
929 2413 1074 2453 campo
1108 2399 1293 2451 Martio,

280 2453 347 2496 cui
381 2469 535 2496 nomen
568 2455 870 2498 Terentinum.
904 2456 958 2498 Et
987 2471 1097 2498 anno
1113 2457 1299 2500 DXII.a,
1525 2461 1566 2504 C
1627 2460 1666 2504 A
1728 2459 1759 2503 P
1818 2460 1861 2502 U
1924 2461 1968 2503 T
2056 2460 2140 2504 XI.

283 2510 530 2561 Sabinorum
562 2510 651 2555 lacu
685 2512 841 2556 Velino
861 2544 873 2566 ‚
908 2514 1058 2556 Velina
1074 2512 1204 2556 tribus
1225 2514 1288 2556 tri-

281 2567 427 2612 cesima
458 2580 600 2625 quarta
628 2586 637 2610 τ
672 2568 713 2612 &
747 2570 947 2613 tricesima
978 2570 1123 2626 quinta
1157 2570 1293 2627 Quiri·
1510 2576 1577 2621 De
1608 2574 1809 2633 Claffibus
1840 2574 1895 2620 θ’
1926 2576 2158 2620 Centuriis.

286 2639 341 2667 na
373 2641 395 2667 a
425 2626 672 2670 Curensibus
705 2627 898 2681 Sabinis,
931 2642 976 2670 ut
1010 2629 1140 2673 Festus
1175 2630 1286 2683 luspi-
1488 2682 1490 2685 ,

276 2694 420 2725 tatur.
453 2683 508 2735 [c]
540 2684 743 2738 Quamvis
774 2699 909 2728 autern
944 2698 1086 2739 praeter
1117 2686 1201 2729 baec
1217 2687 1295 2729 alia
1446 2689 1517 2734 Lia
1561 2691 1614 2735 est
1656 2703 1793 2736 autem
1834 2709 1856 2737 a
1887 2690 2032 2736 Servio
2065 2689 2212 2734 Tullio
2243 2704 2340 2732 cen-

284 2738 479 2795 supersint
517 2741 700 2784 tribuum
736 2743 906 2785 nomina
941 2742 985 2785 in
1017 2742 1290 2798 inscriptioni·
1462 2748 1521 2791 sus
1563 2749 1723 2793 aue'tore
1766 2762 1854 2794 orta
1896 2749 2036 2793 divisio
2068 2747 2110 2790 in
2145 2748 2206 2789 sex
2242 2746 2343 2790 clas-

283 2795 356 2839 bus
385 2827 398 2850 ‚
427 2796 472 2839 ὅ(
506 2809 688 2840 veterum
724 2798 834 2841 libris
862 2816 871 2840 ε
919 2811 1057 2843 tamen
1092 2816 1174 2842 non
1200 2801 1298 2845 alias
1328 2804 1381 2847 ses
1413 2835 1425 2857 ‚
1474 2805 1517 2848 ὃς
1549 2819 1717 2849 centum
1752 2818 1831 2850 tres
1857 2838 1868 2858 ,
1911 2806 1955 2848 δί
1988 2805 2217 2860 nonaginta
2251 2819 2348 2846 cen-

286 2853 415 2896 tribus
457 2852 560 2897 forte
604 2855 818 2911 designant
845 2887 857 2909 ‚
902 2873 1026 2912 quam
1059 2857 1297 2914 descriptas,
1327 2861 1451 2906 turias
1485 2878 1495 2903 :
1542 2876 1661 2918 atque
1712 2862 1757 2906 in
1789 2863 1974 2906 classibus
2002 2894 2014 2916 ,
2067 2862 2109 2904 ὅς
2152 2861 2350 2905 centuriis

286 2911 434 2968 quibus
465 2910 581 2968 plura
614 2911 710 2968 saepe
741 2913 870 2956 indita
903 2913 1012 2958 fuere
1045 2916 1239 2960 nomina.
1329 2919 1617 2964 constituendis
1651 2936 1736 2964 non
1767 2937 1791 2965 a
1823 2919 1923 2964 locis
1949 2952 1962 2974 ,
2009 2932 2078 2963 aut
2111 2919 2351 2963 communi-

2275 2978 2348 3020 bus

294 3042 405 3054 —·—
517 3044 1300 3063 ——t——w——t———u—
1332 3053 1439 3062 ——-
1559 3050 1779 3062 -—-·—-——-
2226 3049 2354 3062 ⁶¹⁸-

328 3073 392 3114 (Β)
420 3073 489 3106 Liv,
515 3073 606 3107 lib-2·
625 3085 652 3113 ἰ»
679 3080 734 3106 ¹6·
753 3074 1003 3115 HaliCM-libS·
1328 3082 1497 3125 appellant
1526 3105 1536 3121 ‚
1576 3084 1738 3122 originem
1764 3083 1854 3115 vocis
1883 3084 1963 3114 Cur&
1987 3093 2004 3113 a
2030 3082 2167 3113 curione
2194 3087 2347 3120 repeten-

329 3117 384 3161 (b)
411 3118 546 3150 Liv.1‹b
565 3122 594 3150 8.
617 3131 641 3151 c-
663 3130 711 3162 ¹7·
1330 3137 1381 3162 tes
1411 3151 1419 3160 .
1460 3127 1582 3170 Quodsi
1624 3128 1674 3160 cui
1703 3127 1804 3162 nimia
1831 3129 1861 3160 ξ’(
1889 3127 2003 3160 misera
2028 3125 2182 3158 videatur
2207 3123 2349 3166 diligen-

332 3163 382 3203 (τ)
410 3167 484 3196 Voce
513 3165 662 3208 ‚Quirina
684 3173 718 3206 P·
739 3175 814 3206 199·
1331 3172 1402 3210 tia,
1428 3182 1490 3215 qux
1517 3173 1605 3205 urbis
1632 3173 1728 3205 curiae
1756 3173 1786 3206 δι
1813 3173 1918 3206 ιι·“ιὶ)ιι;
1947 3195 1956 3210 ,
1999 3180 2070 3204 tam
2098 3171 2218 3204 rusticae
2247 3178 2347 3211 quam

328 3210 391 3249 (d)
418 3209 555 3250 Dionys·
572 3209 667 3243 lib-2·
1331 3218 1462 3251 urbanae
1488 3218 1578 3250 inter
1605 3216 1684 3254 iuris
1710 3227 1803 3262 ortus
1831 3219 1861 3250 δι
1890 3216 2070 3261 progressus
2097 3213 2307 3248 recensentur
2338 3234 2350 3253 ,

331 3256 393 3295 (Ὃ
421 3256 493 3297 Qua
535 3265 626 3297 parte
665 3256 786 3290 ssmiles
828 3257 878 3292 hae
914 3256 997 3291 aedes
1036 3258 1152 3292 nostris
1188 3256 1300 3293 Bafili-
1330 3262 1475 3296 dandum
1513 3262 1637 3305 aliquid
1663 3265 1777 3296 animo
1805 3264 1946 3299 Romani
1972 3258 2190 3298 Antecesseris
2216 3259 2251 3292 in
2278 3262 2351 3292 Ro·

293 3301 344 3335 tis
381 3309 475 3334 erant
500 3323 510 3336 ,
551 3303 704 3335 curiones
740 3311 852 3338 autem
891 3303 1011 3337 ssmiles
1046 3305 1162 3339 nostris
1205 3309 1302 3337 Paro·
1332 3319 1431 3344 mano
1456 3308 1758 3354 Archigymnafio.

294 3345 369 3383 this
397 3366 408 3380 -
446 3346 544 3382 Unde
581 3347 672 3382 Galli
708 3349 813 3385 etlam
849 3348 1012 3385 rarochos
1049 3350 1121 3385 suos
1155 3350 1306 3386 curiones
