2596 3479
609 108 735 162 ET
813 97 1280 159 SENATUS

218 195 306 238 quae
337 180 501 227 Paullus
522 183 587 235 (a)
617 183 664 226 ad
689 180 877 224 heredem
904 178 1088 233 legatarii
1113 176 1255 220 transi-

219 254 264 282 re
297 240 434 284 scribit
469 273 478 283 .
513 241 706 283 Praeterea
738 236 882 280 omissa
905 268 917 289 ‚
951 236 1015 279 vel
1051 236 1257 291 repudiata

218 295 419 341 hereditas
440 330 452 352 ‚
482 298 525 341 ὃ(
558 298 738 352 legatum
773 294 866 337 fisco
900 294 1131 336 vacabant:
1168 307 1258 347 par-

220 364 387 410 temque
422 370 504 398 non
537 352 737 409 capientis
768 353 964 395 caducam
996 351 1099 404 esse,
1130 350 1259 392 bona-

220 426 298 465 que
334 413 444 456 illius
463 443 477 464 ‚
509 411 577 465 qui
611 410 671 462 jus
694 409 831 452 omisit
854 409 994 460 suum,
1029 408 1180 464 populo
1206 421 1257 450 ex

223 467 314 525 lege
346 469 554 512 caducaria
587 466 732 510 deferri
760 498 773 518 ‚
816 465 1026 520 Ulpianus
1052 465 1215 508 tradidit
1248 494 1257 504 .

220 527 284 577 (b)
311 525 512 580 Quamvis
529 524 644 567 enim
666 522 869 566 hereditas
899 523 942 565 ἂ
971 523 1101 579 legata
1126 554 1139 575 ‚
1170 536 1259 577 quae

219 593 291 624 aut
325 582 587 638 repudiantur
609 614 621 634 ,
653 593 722 625 aut
750 579 954 635 supersunt
977 580 1059 635 post
1080 592 1257 622 mortem

221 637 335 682 illius
355 671 367 692 ‚
399 640 467 695 qui
492 638 654 682 decessit
677 649 772 681 ante
797 637 949 680 aditam
978 637 1259 688 hereditatem,

225 697 468 752 agnitumve
493 695 672 752 legatum
704 727 718 750 ‚
763 695 924 750 proprie
952 694 1026 737 sint
1055 695 1161 737 bona
1189 709 1255 735 va—

222 753 360 796 cantia
381 785 394 807 ,
418 753 734 809 distinetumque
760 767 913 795 nornen
939 751 1069 794 ferant
1094 768 1115 794 a
1140 750 1257 794 cadu-

227 809 284 853 cis
317 827 326 852 :
363 810 588 865 promiscue
621 822 759 853 tamen
794 809 878 853 haec
908 808 1128 864 aliquando
1154 808 1257 851 acci·

226 867 396 922 piuntur
413 898 422 910 .
457 869 516 920 (c)
536 867 744 922 Ulpianus
768 866 881 910 enim
911 866 1149 922 simpliciter
1169 881 1258 920 par-

226 936 309 968 tem
345 939 428 966 non
456 924 683 979 capientis,
714 937 783 967 aut
812 939 896 966 non
921 924 1106 967 adeuntis
1130 923 1187 966 ait
1206 922 1262 965 es-

229 980 264 1024 se
291 981 508 1024 caducam.
541 983 606 1032 (d)
633 983 693 1024 Ea
721 982 810 1024 sunt
827 982 951 1025 etiam
972 982 1146 1034 caduca,
1177 994 1264 1035 quae

227 1036 327 1093 legis
352 1039 482 1092 Papiae
505 1039 674 1082 modum
699 1039 926 1091 excedunt,
948 1051 1043 1092 puta
1070 1038 1094 1080 si
1118 1035 1261 1088 conju-

227 1094 268 1150 gi
313 1094 501 1138 relietum
546 1094 593 1138 sit
637 1095 727 1150 plus
768 1112 892 1152 quam
925 1095 1013 1151 lege
1043 1093 1265 1138 decimaria

231 1151 329 1195 licet
350 1183 363 1205 ,
393 1152 458 1196 vel
493 1151 519 1194 si
550 1153 645 1208 quid
668 1153 848 1209 legatum
871 1153 916 1195 sit
934 1151 1075 1195 coelibi
1097 1183 1109 1204 ‚
1142 1151 1264 1194 aliive

230 1208 419 1253 relifium
453 1209 498 1252 sit
521 1241 534 1263 ‚
565 1210 709 1265 quibus
742 1212 828 1267 lege
854 1211 976 1262 Papia
997 1209 1184 1265 capiendi
1205 1207 1266 1250 fa-

230 1266 431 1310 cultatem
463 1267 668 1310 ademtam
704 1267 778 1311 esse
801 1267 1047 1310 ostendimus
1074 1282 1085 1320 3
1117 1267 1176 1317 (e)
1193 1281 1266 1308 nec

231 1323 365 1386 legata
398 1324 522 1366 modo
536 1356 556 1377 ,,
590 1324 651 1367 sed
681 1325 723 1367 δε
758 1324 903 1367 mortis
934 1324 1049 1367 causa
1081 1323 1268 1365 donatio-

229 1394 300 1423 nes
330 1380 463 1423 eidem
496 1380 573 1432 juri
609 1381 752 1424 subesse
775 1413 786 1432 ,
837 1381 1026 1424 discimus
1057 1383 1116 1423 ex*
1140 1381 1180 1422 S.
1213 1381 1265 1423 C.

229 1436 277 1480 ad
309 1449 429 1492 caput
464 1436 541 1481 hoc
575 1437 674 1494 legis
705 1437 874 1481 condito
900 1470 909 1481 .
942 1434 1035 1490 (f)

426 1495 467 1537 C
527 1497 566 1538 A
630 1496 658 1538 P
720 1497 760 1538 U
823 1496 867 1536 T
959 1496 1070 1538 LXI.

511 1554 575 1595 De
605 1554 690 1605 jure
720 1552 990 1605 adcrescendi.

345 1609 388 1649 T
417 1609 616 1664 quoniam
648 1609 799 1664 duplici
835 1610 990 1652 ratione
1025 1608 1138 1650 fiscus
1158 1622 1265 1650 arce-

309 1685 324 1708 ι
359 1666 475 1721 batur
506 1683 527 1708 a
558 1666 721 1709 caducis
756 1698 768 1719 ‚
819 1664 903 1716 jure
949 1665 1100 1708 seilicet
1131 1665 1264 1707 adcre-

235 1721 420 1775 scendi'‚
468 1723 509 1766 &
554 1723 638 1775 jure
684 1723 972 1766 substitutionis
1005 1726 1020 1773 (
1056 1738 1150 1764 nam
1184 1722 1268 1773 jure

233 1778 484 1842 adcrescendi
518 1781 650 1836 portio
680 1781 870 1824 deficiens
889 1780 1073 1824 veniebat
1098 1781 1144 1821 ad
1170 1795 1267 1824 con-

234 1836 420 1888 ‚unctum
455 1853 496 1880 re
526 1838 570 1887 ὃς
603 1838 733 1881 verbis
757 1869 768 1889 ‚
804 1838 866 1881 vel
901 1854 941 1881 re
976 1849 1136 1880 tantum
1160 1869 1172 1889 ‚
1205 1835 1269 1879 vel

237 1892 460 1950 aliquando
506 1895 552 1938 ad
597 1894 861 1947 conjunRum
908 1895 997 1938 solis
1028 1894 1197 1946 verbis,
1245 1894 1268 1936 si

234 1965 446 2005 appareret
485 1983 496 2005 ,
542 1953 771 1995 testatorem
816 1954 901 2008 (g)
935 1951 1271 2002 conjunctionem

233 2008 455 2069 affe&asse,
487 2010 568 2060 (¹¹³)
601 2025 651 2052 ne
684 2012 805 2053 inane
840 2011 884 2052 sit
916 2009 1087 2053 studium
1122 2008 1231 2051 illius
1258 2025 1266 2049 ε

236 2079 322 2114 Jure
367 2078 503 2108 autem
538 2066 832 2110 substitutionis
864 2067 994 2121 portio
1026 2066 1217 2108 deficiens
1250 2081 1271 2107 a

239 2120 448 2164 substituto
479 2124 752 2177 occupabatur
783 2126 826 2177 );
861 2124 925 2166 lex
954 2123 1075 2177 Papia
1100 2121 1158 2173 jus
1182 2123 1267 2179 qui·

241 2178 334 2220 dem
360 2179 647 2223 substitutionis
676 2181 838 2235 reliquit
864 2180 1098 2235 integrum3
1132 2179 1189 2229 jus
1206 2195 1271 2223 ve-

240 2250 285 2277 ro
318 2236 569 2279 adcrescendi
602 2253 650 2280 ex
686 2251 796 2293 parte
831 2238 1015 2292 proecidit
1046 2254 1056 2278 τ
1103 2238 1166 2288 (h)
1199 2253 1272 2281 nec

238 2294 394 2348 prorsus
437 2293 520 2344 ejus
552 2293 649 2344 juris
680 2295 900 2338 commodo
933 2294 1123 2348 spoliavit
1158 2295 1272 2338 here-

237 2349 328 2393 des.
364 2351 436 2393 Ait
469 2352 582 2393 enim
616 2352 821 2407 Ulpianus
850 2385 862 2405 ,
893 2354 969 2406 (i)
1000 2353 1036 2395 ei
1064 2384 1076 2404 ,
1109 2352 1175 2407 qui
1210 2365 1266 2394 to-

238 2418 322 2449 tam
357 2407 621 2452 hereditatem
645 2441 657 2462 ,
690 2423 760 2453 aut
793 2423 949 2465 partem
985 2408 1052 2451 fibi
1087 2409 1270 2453 relictam

241 2463 286 2506 s1t
321 2465 522 2508 restituere
554 2479 718 2522 rogatus
757 2499 770 2520 ,
810 2466 917 2510 nihil
951 2466 1176 2510 adcrescere
1206 2467 1268 2510 de-

239 2520 332 2565 bere
357 2536 370 2574 ;
415 2537 499 2564 non
529 2523 625 2579 quia
656 2539 744 2579 pars
775 2523 965 2568 deficiens
996 2524 1091 2568 fisco
1122 2522 1270 2568 infera-

1281 1042 1295 1242 l

241 2654 345 2665 *—

559 2657 697 2669 *—--

287 2690 347 2730 (a)
373 2690 443 2723 Lib.
463 2701 491 2730 3.
507 2693 596 2732 sent.
614 2693 669 2725 tit.
686 2696 767 2737 6.*§.
784 2703 841 2738 per
853 2694 977 2727 vindic.
997 2693 1055 2726 ubi
1068 2691 1180 2731 eujac.

286 2734 345 2775 (b)
374 2739 446 2770 Tit.
465 2741 517 2770 28.
538 2740 565 2780 ξ.
583 2736 750 2777 intestati.

285 2780 335 2819 (τ’)
360 2785 399 2815 L.
420 2786 472 2819 96-
490 2783 517 2822 §.
541 2794 565 2814 1.
579 2781 618 2826 ff
633 2784 671 2815 de
684 2786 746 2825 leg.
770 2795 796 2815 ι.
811 2784 918 2817 Tacit·
936 2783 992 2816 lib.
1011 2794 1039 2823 3·
1055 2785 1167 2816 annal.

288 2826 344 2863 'd)
370 2827 506 2868 Ulpian.
528 2828 585 2861 tie.
607 2837 658 2868 24.
677 2831 705 2873 ᾗ.
727 2840 778 2862 11.
804 2831 861 2862 rit.
884 2839 910 2861 1.
934 2829 1203 2873 §.intermedias
1221 2838 1271 2869 19.

241 2868 280 2903 (9·
295 2871 350 2904 tit.
369 2875 418 2904 28
440 2874 513 2914 §.7.

286 2916 334 2956 (ε)
366 2918 400 2947 L.
426 2927 476 2956 55.
490 2917 529 2962 ff.
546 2918 584 2950 de
597 2921 659 2962 leg.
678 2929 704 2951 2⁷
723 2919 762 2952 Θ·
783 2919 860 2962 Ulp.
878 2920 932 2952 tit.
952 2930 1002 2961 17.

288 2961 365 3001 (f)
391 2966 426 2994 L.
446 2973 498 3002 35.
514 2963 553 3007 ff
571 2965 606 2996 de
623 2966 735 2998 mortis
749 2967 843 3004 causa
855 2966 964 2997 donat.

290 3005 310 3044 (
324 3009 376 3045 g)
402 3007 512 3044 Cuiac.
529 3010 571 3042 ad
582 3011 607 3042 l·
625 3009 809 3053 tripliciff.
824 3011 861 3042 de
877 3013 910 3042 V.
925 3012 968 3041 ὃ.

263 3091 270 3099 .
293 3050 351 3100 1.·
381 3053 390 3087 1
428 3051 541 3085 Eidem
578 3054 746 3087 sententiae
774 3065 873 3097 prope
900 3053 1026 3088 accedit
1050 3057 1130 3088 Ant.
1156 3052 1272 3088 Schul-

245 3099 369 3136 tmgrus
395 3096 434 3127 ad
461 3099 634 3137 thianum
661 3101 716 3132 εἰς.
734 3111 785 3138 24.
816 3103 844 3142 §.
868 3110 916 3138 13.
944 3112 1032 3132 num.
1050 3110 1103 3138 34·
1121 3103 1245 3133 (ΣΟΠΠΒ
1261 3121 1272 3138 ⁷
1309 3092 1311 3105 ἒ

244 3136 309 3176 juri
351 3138 555 3174 adcrescendi
593 3142 679 3176 inter
716 3145 828 3178 verbis
852 3142 1045 3181 conjunstos
1071 3145 1196 3185 semper
1223 3143 1267 3175 lo-

244 3193 320 3218 cum
345 3185 432 3227 effe,
455 3186 660 3220 contendunt
686 3199 750 3223 van
775 3187 1013 3229 Bynkershoek
1036 3188 1094 3224 lib.
1115 3192 1167 3222 Il.
1199 3187 1274 3232 obs.

1303 92 1942 156 CONSULTIS.
2243 92 2348 159 283

1306 188 1372 220 tur
1399 207 1411 229 ‚
1457 173 1516 217 sed
1557 171 1651 229 quia
1699 169 1813 212 heres
1845 164 2220 210 totum'restituere
2252 181 2352 209 coa·-

1304 234 1390 277 &us
1409 244 1542 276 careat
1562 246 1629 282 re,
1662 228 1727 272 cui
1756 225 1891 281 portio
1913 223 2108 267 deficiens
2138 223 2256 279 possit
2282 222 2353 265 ad-

1305 290 1479 334 crescere
1503 321 1512 333 .
1545 287 1614 330 Est
1644 286 1692 329 &
1719 284 1822 329 alius
1854 280 2031 337 Ulpiani
2067 280 2178 324 locus
2214 312 2227 335 ‚
2281 278 2353 324 ubi

1306 348 1441 392 heredi
1486 345 1631 400 scripto
1676 342 1809 399 portio
1854 338 2090 383 hereditatis
2122 369 2135 390 ,
2180 337 2347 393 perinde

1304 416 1425 460 atque
1457 404 1659 446 bonorum
1695 400 1873 455 possessio
1904 396 2096 442 adcrescit
2119 426 2128 438 .
2173 397 2263 447 (k)
2294 397 2352 439 Ee

1306 462 1449 506 Celsus
1479 460 1564 512 ait,
1597 458 1731 502 filium
1764 456 1986 509 heredem,
2015 454 2082 499 cui
2119 467 2207 508 pars
2235 451 2348 504 ejus,

1305 537 1328 563 a
1357 536 1439 576 quo
1472 517 1593 561 suerit
1625 515 1807 571 legatum
1829 545 1841 567 ,
1873 511 2101 563 adcrescat3
2136 523 2221 551 non
2253 523 2351 572 prae-

1307 579 1404 620 stare
1436 575 1618 631 legatum
1645 604 1657 625 ,
1701 571 1808 628 quod
1849 569 1936 614 iure
1979 568 2153 623 antiquo
2186 578 2299 621 capit
2332 598 2344 609 .

1307 634 1585 692 Quandonam
1619 629 1744 684 igitur
1774 628 1818 671 in
1852 638 2011 682 partem
2041 624 2251 671 coheredis
2283 623 2357 667 de·-

1310 693 1517 736 ficientem
1564 687 1678 732 fiscus
1721 702 1769 729 ex
1804 685 1891 741 lege
1926 683 2047 740 Papia
2077 681 2352 727 vocabatur?

1311 753 1457 805 Neque
1509 744 1624 790 enim
1679 741 1958 796 jurisconsulti
2005 739 2054 785 ad
2097 740 2236 796 legem
2280 740 2355 784 Pa-

1310 809 1421 864 piam
1465 805 1681 847 scribentes
1725 801 1771 844 de
1815 800 2010 844 heredum
2055 795 2351 849 conjunf’tione

1312 862 1541 907 tra&assent
1566 892 1579 914 ‚
1624 874 1753 915 neque
1795 857 2047 910 Justiniarrus*
2075 854 2226 899 caduca
2258 853 2358 897 fun-

1310 923 1417 966 ditus
1471 918 1622 961 tollens
1675 915 1865 972 attigisset
1919 914 2049 958 etiarn
2104 911 2354 976 coheredum

1312 978 1518 1035 portiones
1544 1007 1556 1029 ‚
1588 975 1663 1027 (l)
1693 975 1835 1029 easque
1867 972 1915 1015 ad
1948 969 2122 1025 priscam
2154 983 2252 1020 ,uris
2280 968 2360 1010 ob·-

1314 1034 1587 1079 servationem
1623 1030 1875 1084 revocasset3
1918 1028 1993 1071 nisi
2024 1028 2071 1070 ad
2106 1026 2248 1073 fiscum
2274 1025 2357 1069 illae

1313 1091 1534 1149 aliquando
1581 1087 1863 1144 pertinuissent
1897 1117 1907 1129 .
1961 1085 2246 1141 Quamobrem
2293 1084 2364 1136 Ja-

1313 1152 1436 1194 cobus
1480 1145 1760 1191 Gothofredus
1804 1144 1853 1188 ad
1885 1143 1964 1187 hoc
1995 1154 2117 1197 caput
2143 1173 2156 1196 ‚
2202 1141 2247 1186 δε
2278 1139 2365 1196 post

1313 1222 1409 1251 eum
1441 1203 1757 1258 Iurisconsultus
1790 1201 1994 1246 recentior
2026 1199 2312 1243 existimarunt
2343 1226 2358 1250 ‚

1313 1267 1393 1316 (m
1420 1265 1436 1315 )
1481 1262 1566 1318 lege
1612 1259 1737 1314 Papia
1768 1258 1972 1304 sublatum
2002 1254 2063 1308 jus
2094 1254 2352 1300 adcrescendi

1316 1323 1424 1364 inter
1456 1319 1619 1362 heredes
1651 1318 1817 1371 scriptos
1847 1346 1858 1368 ,
1899 1315 2062 1371 quando
2095 1326 2227 1369 partes
2258 1312 2358 1356 defi-

1315 1379 1476 1422 ciebant
1517 1377 1613 1420 vivo
1657 1374 1841 1417 testatore
1875 1403 1887 1426 ,
1943 1383 2014 1414 aut
2055 1382 2151 1413 ante
2194 1381 2359 1425 apertas

1318 1435 1508 1478 tabulas:
1543 1433 1642 1486 (n)
1673 1444 1713 1475 at
1745 1430 1896 1486 apertis
1927 1426 2100 1481 tabulis,
2133 1438 2254 1482 atque
2287 1426 2364 1470 he,-

1318 1493 1488 1536 reditate
1531 1490 1789 1533 adita-inter
1831 1485 1995 1532 heredes
2027 1484 2088 1536 jus
2120 1483 2356 1528 adcrescen-

1294 1551 1352 1592 'di
1388 1547 1568 1591 mansisse
1590 1564 1605 1588 :
1637 1546 1736 1589 adeo
1768 1557 1813 1588 ut
1845 1542 2053 1595 conjuncti
2077 1541 2170 1585 fisco
2195 1540 2359 1597 praefer-

1319 1618 1458 1649 rentur
1488 1637 1496 1646 .
1541 1605 1654 1648 Cum
1698 1615 1836 1646 autern
1882 1600 2039 1645 heredis
2070 1599 2205 1654 portio
2237 1614 2359 1654 repu-

1316 1665 1424 1706 diata
1468 1662 1710 1704 adcresceret
1743 1659 1902 1712 alteri,
1952 1657 2215 1700 dubitabatur
2243 1687 2256 1710 ‚
2302 1671 2359 1701 an,

1319 1720 1433 1764 simul
1477 1735 1573 1762 cum
1604 1733 1726 1761 onere
1761 1717 1828 1761 suo
1859 1714 2145 1760 transferretur
2175 1716 2189 1758 ἓ
2232 1713 2355 1771 Quod

1316 1779 1503 1829 Julianus
1535 1788 1753 1831 negaverat
1780 1806 1789 1817 .
1838 1773 2048 1828 Ulpianus
2093 1786 2189 1815 vero
2223 1782 2356 1815 trans-

1317 1835 1411 1879 ferri
1467 1834 1617 1889 scripsit
1667 1833 1749 1888 post
1800 1831 2036 1886 rescriptum
2078 1827 2255 1882 Severi,
2303 1842 2356 1873 ex

1317 1910 1398 1948 quo
1441 1893 1490 1934 ab
1534 1891 1722 1935 instituto
1755 1889 1893 1932 relicta
1925 1903 2049 1931 onera
2080 1886 2297 1932 censentur
2328 1901 2353 1928 a.

1319 1950 1526 1994 substituto
1559 1948 1764 2003 repetita.
1807 1946 1930 1989 Unde
1979 1943 2185 1999 Ulpianus
2227 1942 2361 1988 colle·

1317 2009 1377 2062 git
1411 2007 1494 2061 pari
1528 2007 1684 2050 ratione
1716 2006 1766 2048 ab
1797 2004 1926 2047 altero
1959 2001 2146 2057 collega,
2179 2001 2243 2045 cui
2267 2016 2361 2055 por-

1319 2067 1376 2107 tio
1407 2064 1587 2108 adcrevit
1612 2095 1624 2117 ,
1656 2077 1758 2105 onus
1791 2061 1918 2104 videri
1951 2059 2170 2114 repetitum
2201 2090 2210 2100 .
2255 2060 2272 2111 (
2300 2072 2316 2096 o
2346 2060 2364 2109 )

1321 2124 1435 2165 Inter
1489 2121 1702 2176 legatarios
1754 2132 1891 2162 autem
1948 2116 2106 2173 prorsus
2158 2115 2361 2159 sublatum

1318 2179 1432 2222 fuisse
1476 2182 1535 2227 jus
1580 2176 1831 2220 adcrescendi
1875 2190 1944 2229 per
1986 2174 2122 2230 legem
2157 2173 2323 2226 Papiam
2352 2203 2367 2226 ‚

1319 2251 1463 2292 praeter
1494 2235 1770 2287 Justinianum
1798 2265 1810 2286 ,
1842 2231 2170 2286 [deocuerunt
2193 2230 2235 2272 δε
2265 2230 2365 2281 JCti

1319 2294 1537 2348 praesertim
1572 2291 1781 2346 Ulpianus
1809 2323 1818 2333 .
1862 2289 1950 2346 [q]
1995 2288 2358 2333 Substitutionibus

1319 2365 1480 2394 tantum
1516 2350 1580 2394 lex
1615 2350 1735 2404 Papia
1769 2347 1947 2404 pepercit
1976 2378 1987 2399 ‚
2032 2360 2243 2400 unumque
2277 2344 2358 2387 hoc

1317 2410 1516 2464 effugium
1550 2407 1718 2462 patuisse
1751 2405 2007 2448 testatoribus
2036 2436 2047 2455 ‚
2099 2418 2180 2458 quo
2225 2401 2362 2457 legem

1319 2467 1614 2518 declinarent,
1659 2463 1909 2515 justinianus
1942 2461 2066 2503 tradit
2092 2491 2102 2500 .
2152 2458 2230 2511 [r]
2280 2460 2364 2500 lta-

1318 2540 1393 2580 que
1425 2522 1524 2574 JCti
1545 2553 1557 2577 ‚
1589 2522 1657 2579 qui
1691 2522 1957 2618 Ρτίνειῑοτμτῖῐὲ
1978 2515 2230 2562 testamentis
2245 2515 2363 2616 adtljxi-

1973 2590 1998 2618 ὓ
2061 2589 2083 2619 2
2320 2587 2364 2617 e·

1321 2659 1428 2668 --
1798 2655 1901 2664 —-———
2010 2649 2359 2668 —“.,-——————-u

1321 2705 1347 2726 c.
1377 2702 1405 2731 3.
1446 2693 1476 2725 δε
1520 2691 1714 2725 Hcineccius
1750 2691 1792 2724 ad
1830 2692 1936 2732 legem
1961 2687 2102 2731 Juliam
2138 2684 2178 2719 Θ·
2217 2685 2363 2728 Papiam

1344 2760 1352 2770 .
1379 2747 1456 2777 432.

1319 2746 1340 2780 p
1365 2784 1425 2823 (h)
1451 2781 1555 2818 Goth.
1582 2783 1618 2815 in
1632 2791 1701 2815 not.
1715 2787 1794 2824 pag.
1813 2788 1889 2821 μ’»
1905 2779 1947 2812 ad
1963 2781 2041 2811 hanc
2054 2774 2157 2820 ἰθείης
2171 2798 2182 2810 .

1365 2829 1407 2868 (ἰ
1428 2828 1447 2867 )
1473 2831 1508 2861 L<
1523 2828 1549 2867 [ἱ
1563 2838 1668 2861 totum
1689 2838 1736 2866 ¹3·
1755 2825 1792 2870 ff.
1807 2827 1845 2858 de
1861 2826 1988 2867 acquir.
2009 2823 2112 2856 hored.

1365 2873 1427 2914 (k)
1453 2877 1490 2906 L.
1508 2884 1536 2905 2.
1557 2875 1585 2917 §.
1597 2871 1626 2914 si
1638 2873 1699 2906 duo
1712 2872 1748 2915 ff]
1764 2872 1802 2905 de
1816 2870 1885 2903 bon.
1900 2867 2026 2913 paffeff.
2042 2866 2173 2910 secund.
2193 2863 2297 2899 cabul.

1364 2920 1409 2960 (Ι
1428 2921 1436 2953 )
1464 2921 1498 2950 C.
1519 2919 1555 2951 de
1569 2919 1674 2952 cadue.
1694 2920 1767 2951 toll·
1786 2919 1814 2961 ᾗ.
1834 2918 1883 2948 his
1896 2917 1948 2948 ita
1963 2939 1971 2946 .

1363 2963 1432 3003 (m)
1458 2963 1626 2997 Mei-illius
1640 2962 1694 2997 tib.
1721 2972 1747 3002 5.
1767 2962 1830 3004 obs:
1850 2973 1881 3001 4.
1897 2960 1935 2993 (9·
1950 2967 2018 3001 cap.
2045 2969 2094 2991 12.
2113 2954 2226 2998 infime
2240 2978 2251 2990 ψ

1367 3010 1431 3050 (n)
1457 3012 1495 3042 L.
1514 3011 1610 3042 unica
1626 3010 1652 3051 §.
1670 3019 1699 3047 3.
1720 3008 1759 3041 (3·
1775 3019 1807 3048 4.
1825 3011 1859 3039 C.
1875 3007 1914 3039 de
1929 3005 2036 3038 caduc.
2054 3003 2129 3036 toll·

1367 3054 1424 3095 (o)
1451 3057 1489 3087 L.
1506 3059 1559 3086 ἀι.
1579 3053 1615 3098 ff
1632 3055 1669 3086 de
1682 3056 1783 3097 legat.
1801 3064 1831 3086 2.

1366 3099 1429 3141 (p)
1453 3100 1490 3130 L.
1509 3101 1599 3132 unic.
1616 3104 1650 3133 C.
1668 3100 1706 3132 de
1719 3099 1825 3132 caduc.
1847 3097 1918 3130 toll.

1373 3149 1384 3184 ι
1404 3144 1450 3187 q]
1477 3143 1589 3185 Iuſsit.
1606 3147 1663 3178 tit.
1678 3154 1730 3183 34-
1748 3146 1775 3187 §-
1792 3143 1954 3180 optimum
1966 3147 2079 3175 aurem
2093 3160 2107 3174 .

1367 3189 1387 3230 ξ
1398 3190 1445 3230 ν)
1473 3192 1513 3223 L.
1529 3190 1623 3225 unica
1639 3191 1677 3223 s'n
1691 3189 1796 3231 princ.
1812 3189 1846 3220 C.
1864 3185 1933 3218 eod.

2208 3050 2229 3063 ’δ
