2596 3479
639 76 691 129 E
732 71 788 126 T
865 68 993 122 XII.

344 151 388 197 c
439 140 488 194 'A
549 149 581 194 Ρ
638 151 684 192 U
743 147 787 189 T
903 142 1131 187 xxviii.

262 268 332 312 De
354 257 452 320 sure
479 266 706 320 coniugum
724 290 741 314 ,
785 257 841 303 Θ*
873 258 1172 304 connubiorum
1193 289 1203 299 .

210 390 213 396 ’
291 379 354 423 Ed
391 379 472 431 iam
506 378 558 421 acl
583 375 820 433 potestatem
862 373 1047 417 virorum
1091 372 1133 417 in
1159 388 1258 416 uxo-

311 452 370 479 res
399 466 413 488 ‚
455 437 497 478 &
530 434 578 477 ad
619 432 928 484 conjunffiories
962 431 1223 486 personarum
1246 463 1257 482 ,

207 508 309 550 quas
348 493 477 536 adhuc
512 490 723 546 separatim
756 488 1101 532 consideravimus
1123 520 1133 538 ‚
1181 488 1258 529 sive

206 550 260 595 ad
294 549 561 593 matrimonia
589 546 897 603 progrediamur
916 577 927 598 ‚
961 545 1006 588 de
1033 545 1180 608 quibus
1203 545 1255 587 le-

211 622 306 662 gem
350 605 586 649 Decemviri
624 604 895 648 condiderunt
918 634 928 653 ,
969 618 1048 657 qua
1082 602 1259 657 patribus

212 679 310 707 cum
355 662 504 718 plebeis
535 661 742 707 connubia
774 659 1155 703 interdicebantur:
1208 674 1257 701 ne

211 720 343 777 plebei
370 735 465 763 cum
491 719 673 776 patribus
695 733 764 771 per
784 716 1055 760 matrimonia
1076 731 1257 771 unquam

211 778 515 821 convenirent.
547 776 668 832 Quod
692 774 770 819 fuit
795 774 1039 827 consilium,
1072 788 1118 816 ut
1145 787 1259 827 puto,

211 834 343 890 Appii
382 833 550 877 Claudii
570 865 589 887 Ἴ
622 833 724 885 (a)
758 831 870 884 cujus
909 831 954 874 in
986 844 1107 885 caput
1140 829 1260 873 vertit

211 890 411 934 acerbitas
452 890 575 946 Regis.
608 889 768 945 Appius
809 889 923 934 enirn
955 888 1142 951 accensus
1176 887 1257 942 ple-

212 945 302 998 beia
324 947 485 1003 virgine
507 978 519 1000 ‚
550 962 648 991 curn
678 945 797 991 omni
831 947 896 1002 spe
925 945 1121 989 connubii
1151 960 1258 988 care-

209 1016 306 1057 ret,
339 1003 548 1048 fraudibus
587 1016 683 1048 ante
718 1002 960 1058 pudicitiam
992 1001 1138 1066 puellae
1171 1014 1259 1045 ten-

209 1062 344 1115 tavit3
379 1061 509 1112 postea
542 1060 583 1104 vi
623 1061 669 1104 δε
700 1059 860 1112 injuriis
892 1076 905 1113 3
936 1060 1080 1115 quibus
1116 1074 1259 1114 parens

211 1116 328 1161 illius
371 1116 590 1173 Virginius
629 1116 884 1162 exulceratus
926 1115 1108 1172 puellam
1152 1116 1258 1161 ferro

212 1173 450 1226 transfixit,
482 1186 528 1218 ut
564 1174 649 1218 vita
685 1174 802 1218 illam
823 1173 944 1217 simul
992 1174 1036 1217 &
1072 1173 1257 1229 ignomi-

216 1231 289 1274 riia
320 1231 522 1275 eximeret
542 1262 552 1274 .
597 1233 662 1274 De
681 1232 843 1286 privata
876 1247 972 1273 vero
1005 1230 1258 1273 contumelia

209 1301 307 1333 *orta
338 1301 504 1343 repente
561 1287 795 1343 indignatio
837 1287 997 1341 publica
1046 1286 1256 1329 intollera-

215 1344 298 1388 bile
321 1344 403 1395 jam
433 1344 778 1388 Decemvirorum
799 1343 1000 1387 convellit
1018 1342 1255 1398 imperium.

213 1403 279 1454 (b)
306 1400 403 1443 Alia
425 1399 551 1444 etiam
576 1399 737 1444 ratione
763 1401 891 1444 vetita
910 1412 1028 1444 erant
1050 1400 1256 1443 connubia

211 1457 324 1503 inter
366 1457 559 1514 patricios
581 1489 594 1513 ‚
629 1457 673 1501 δε
718 1456 898 1513 plebeios
920 1489 934 1512 ,
968 1456 1167 1500 nimirum
1206 1473 1256 1500 rie

199 1514 387 1569 auspicia
428 1515 725 1569 turbarentur,
771 1514 930 1559 etenim
971 1513 1126 1570 nuptiae
1174 1514 1255 1558 sine

209 1570 399 1627 auspiciis
423 1572 598 1616 minime
623 1572 954 1616 celebrabantur:
981 1571 1158 1626 auspicia
1185 1587 1255 1615 ve-

213 1644 261 1673 ro
285 1628 400 1671 nulla
427 1641 558 1684 patres
578 1629 817 1673 communia
842 1645 937 1673 cum
963 1628 1112 1684 plebeis
1134 1628 1256 1672 habe-

214 1685 314 1729 bant
329 1716 339 1728 .
372 1686 494 1741 Quod
523 1686 613 1730 sane
635 1687 748 1731 inter
768 1702 837 1730 eos
860 1686 1079 1730 discrimen
1103 1685 1148 1729 in
1172 1701 1256 1729 cre-

213 1742 303 1788 bras
367 1743 410 1786 &
442 1743 682 1797 periculosas
721 1742 937 1787 discordias
981 1744 1255 1797 erumpebat,

215 1800 346 1843 donec
370 1800 542 1844 instante
565 1801 842 1844 finitimorum
868 1799 1004 1854 bello,
1033 1800 1077 1843 ἃ
1096 1801 1252 1844 Tribu-

216 1857 281 1900 nis
317 1856 444 1913 plebis
469 1857 662 1901 dileemm
688 1858 1034 1914 impedientibus,
1066 1873 1170 1901 unus
1205 1874 1254 1901 ex

214 1914 273 1960 eis
293 1913 657 1959 turbulentiffimus
675 1915 900 1967 Canuleius
914 1946 927 1969 ,
948 1913 1138 1959 seditiosis
1156 1931 1254 1959 con-

213 1970 427 2024 cionibus,
460 1972 660 2026 pervicit,
691 1985 736 2016 ut
772 1988 818 2016 ea
851 1972 917 2015 lex
956 1973 1219 2027 abrogaretur
1242 2003 1256 2025 ‚

217 2027 263 2070 &
288 2043 338 2070 ex
353 2027 566 2070 Plebiscito
587 2029 839 2082 promiscuus
858 2027 1147 2084 conjugiorum
1168 2028 1258 2071 usus

216 2085 328 2127 inter
359 2097 518 2139 patres,
553 2084 803 2141 plebeiosque
834 2085 1168 2141 permitteretur.
1199 2088 1256 2138 (c)

218 2141 322 2184 Erat
344 2141 388 2183 ἃ
416 2140 508 2194 lex,
535 2157 613 2197 qua
639 2143 826 2199 usucapio
850 2142 1131 2186 instituebatur
1155 2159 1251 2186 uxo—

215 2212 334 2241 rum:
362 2197 426 2250 [d]
450 2214 546 2240 nam
575 2199 600 2240 si
621 2215 666 2242 ea
692 2200 755 2242 vir
776 2215 933 2242 annum
953 2200 1160 2254 integrum
1185 2216 1256 2255 pro

215 2268 344 2297 uxore
365 2267 546 2297 uteretur
565 2287 578 2309 ,
610 2256 653 2298 in
675 2255 752 2299 viri
778 2273 979 2310 manum,
1012 2272 1058 2300 ac
1086 2257 1251 2312 potesta-

215 2323 306 2355 tem·
329 2311 518 2355 veniebat
540 2329 549 2354 :
584 2312 657 2355 nisi
683 2313 923 2357 trinoe’tium
952 2314 1061 2357 intra
1087 2314 1128 2357 id
1152 2327 1256 2357 tem-

215 2383 289 2423 pus
330 2369 380 2410 ab
421 2384 470 2411 eo
510 2368 659 2413 mulier
700 2370 923 2415 abfuisset:

216 2426 590 2479 interrumpebatur
630 2427 849 2484 usucapio:
894 2443 981 2483 quae
1012 2428 1256 2482 interruptio

213 2498 238 2525 a
264 2481 465 2524 veteribus
490 2483 694 2536 usurpatio
714 2485 942 2529 dicebatur.
975 2485 1032 2536 (e)
1058 2486 1158 2527 Haec
1184 2500 1252 2527 au-

332 2538 435 2591 ]ani
464 2540 655 2583 Gravinae
685 2544 803 2584 Tom.
824 2544 857 2584 Ι.

227 2612 338 2624 ——-

975 2371 1136 2415 etenim
1167 2384 1254 2414 tum

341 2612 1254 2628 m———u—..u-——a

262 2640 322 2681 (a)
351 2640 487 2681 Dionys.
503 2640 618 2673 lib.10.
636 2642 671 2674 in
681 2642 751 2683 fine
765 2665 775 2675 .

213 2693 216 2712 ῑ
259 2685 320 2725 (b)
349 2685 487 2725 Livius,
516 2686 652 2727 Dionys.
671 2686 790 2720 libai.

259 2730 317 2771 (c)
344 2730 456 2763 Livius
484 2729 576 2770 lib.4.
595 2735 700 2774 cap.6.

257 2775 318 2815 (d)
344 2775 431 2806 Gell.
447 2773 542 2814 tib.3.
559 2785 618 2818 cap
635 2787 670 2808 2.

256 2820 312 2860 (e)
338 2819 449 2862 sigon.
466 2821 502 2852 de
515 2819 580 2858 jur·
598 2822 659 2854 civ.
685 2824 821 2856 Roman.
835 2821 894 2855 tib.
910 2832 937 2856 ι.
958 2834 983 2857 c.
1007 2835 1040 2865 9.
1066 2827 1183 2858 Petrus
1201 2824 1261 2856 Fa-

223 2861 290 2896 ber.
306 2865 500 2896 Hortoman.
520 2866 670 2899 Raevard.
684 2868 726 2900 ad
739 2870 894 2910 legXII.
912 2869 1015 2903 tahal.
1032 2878 1160 2912 cap.:·.1.

262 2907 311 2947 [⁴‘J
322 2950 328 2955 .
340 2910 413 2940 Imo
426 2909 521 2941 finito
535 2911 590 2943 usn
605 2911 672 2944 haec
687 2911 789 2945 etiam
805 2912 1058 2947 materfamilias
1075 2914 1258 2947 dicebatur.

217 2951 396 3000 Marcilius
409 2960 519 2994 p-253.
540 2957 579 2987 in
595 2957 786 2996 potestatem
802 2965 914 2991 autem
932 2969 997 2991 non
1013 2959 1111 2992 transi
1119 2960 1172 2992 bat
1189 2970 1259 3002 quae

218 2995 350 3037 singulis
375 2997 468 3029 annis
481 2998 640 3032 trinoctio
656 3012 675 3033 a
692 3003 816 3034 marito
833 3001 981 3036 abfuisset
1003 3024 1015 3042 ‚
1042 3005 1072 3035 8(
1090 3005 1132 3037 sic
1147 3004 1257 3036 usuca-

216 3041 352 3082 pionem
368 3039 539 3082 usurpasset
552 3065 566 3082 ‚
588 3044 712 3078 malens
728 3047 764 3079 in
779 3057 877 3079 manu
894 3058 1025 3081 manere
1048 3049 1152 3090 patris
1166 3072 1176 3090 ‚
1205 3049 1256 3081 vel

169 3097 177 3109 ·
223 3085 329 3119 tutela
345 3092 539 3130 agnatorum
562 3097 662 3130 quam
678 3091 726 3132 ,in
739 3091 935 3134 potestatem
961 3093 1141 3129 concedere
1156 3094 1257 3128 maxi-

1071 58 1923 129 TABUL‘A‘RUM.

1315 151 1400 185 tem
1427 142 1589 197 proprie
1624 140 1832 185 dicebatur
1858 145 1997 194 uxor,
2027 155 2114 198 quae
2141 158 2225 188 non
2251 92 2367 193 tranq

1316 198 1411 242 [ibat
1439 200 1483 242 in
1507 198 1645 243 mariti
1677 198 1881 242 familiam
1907 230 1920 252 ,
1953 213 2027 241 nec
2058 200 2142 251 jure
2168 204 2275 248 ΧΠ.
2302 219 2365 251 ta.

1316 257 1395 300 bul.
1435 258 1481 299 ad
1515 257 1626 300 illius
1663 255 1933 299 hereditatem
1972 257 2221 302 vocabatur:
2254 265 2364 310 unde

1316 313 1438 370 longe
1469 314 1678 357 differebat
1709 331 1732 356 a
1763 312 2107 368 matrefamilias,
2140 316 2218 359 five
2261 336 2362 366 con-

1312 370 1402 425 juge
1427 369 1500 413 illa
1518 402 1529 423 ‚
1560 386 1648 426 quae
1674 386 1757 413 non
1786 371 1856 413 usu
1877 403 1889 424 ,
1921 371 1977 424 [Ἴ
2005 372 2065 415 sed
2092 373 2362 422 solemnitati-

1314 429 1384 470 bus
1421 427 1674 481 nuptialibus
1717 427 1762 470 in
1805 430 2040 478 potestatem
2083 429 2127 473 ὃς
2153 430 2361 481 familiam

1314 484 1388 526 viri
1422 484 1664 537 transierat,
1697 485 1865 540 ideoque
1896 486 1944 527 ad
1981 489 2268 534 successionem
2300 504 2363 535 et-

1312 541 1393 584 iam
1427 541 1538 585 illius
1558 574 1571 595 ,
1599 553 1800 597 tanquam
1849 555 1997 597 agnata
2030 546 2223 590 veniebat
2255 580 2267 601 ,
2312 551 2360 595 de

1310 615 1387 655 qua
1427 599 1471 643 in
1505 601 1547 642 S.
1562 600 1646 642 Cto
1680 598 1947 643 Tertulliano
1975 632 1984 643 .
2035 604 2122 646 Has
2144 604 2360 660 excipiunt

1309 656 1397 699 aliae
1439 656 1571 712 leges,
1602 672 1652 699 ex
1697 656 1819 712 regiis
1851 657 1933 701 fere
1970 657 2125 715 legibus
2168 662 2213 705 in
2249 665 2356 709 XII„

1310 713 1433 756 tabul.
1467 730 1489 756 a
1521 715 1781 757 Decemviris
1829 715 2004 758 adduS’tae
2031 748 2043 770 ‚
2077 732 2122 761 ut
2173 719 2356 777 plerique

1309 771 1508 825 credunt,
1540 784 1793 827 repugnante
1837 771 2044 826 Cujacio,
2085 774 2166 829 (f)
2210 779 2355 834 quibus

1309 828 1487 872 atrocior
1512 830 1757 872 maritorum
1777 830 1822 872 in
1850 830 2044 874 mulieres
2065 834 2233 886 potestas
2252 851 2354 880 con-

1310 886 1509 938 stituitur,
1542 886 1672 941 qualis
1711 887 1764 930 est
1796 886 1868 929 illa
1892 918 1905 940 ,
1954 903 2043 943 quae
2087 890 2225 935 uxoris
2259 909 2353 948 pro-

1310 944 1454 996 brum,
1487 945 1565 987 five
1591 942 1840 988 adulterium
1867 945 2068 999 permittit
2086 949 2237 992 marito
2257 951 2351 994 vin-2

1307 1000 1525 1044 dicandum
1550 1032 1562 1052 ,
1607 1001 1686 1044 sive
1722 1002 1959 1045 convocatis
1995 1005 2264 1061 propinquiS,
2304 1009 2350 1053 ὃς

1307 1058 1492 1114 cognatis
1514 1059 1562 1100 ad
1588 1074 1756 1113 poenam
1779 1075 1829 1103 ex
1855 1075 1999 1104 eorum
2033 1061 2231 1107 sententia
2258 1081 2352 1109 mo-

1306 1130 1346 1157 re
1383 1114 1592 1166 majorum
1627 1116 1920 1172 imponendam
1942 1150 1955 1172 ,
2000 1117 2027 1161 si
2061 1119 2125 1162 vir
2166 1121 2353 1167 mulieris·

1305 1171 1510 1227 flagiti-um
1546 1173 1684 1227 aliquo
1715 1189 1959 1230 argumento
1990 1177 2270 1233 comperisset,
2303 1179 2352 1222 si-

1307 1244 1354 1270 ve
1390 1229 1471 1272 fine
1495 1230 1666 1272 consilio
1704 1243 1866 1274 tantum
1891 1248 1941 1275 ex
1969 1233 2140 1278 arbitrio
2165 1236 2306 1280 mariti
2334 1252 2350 1291 ς

1304 1284 1368 1327 cui
1400 1286 1447 1328 ad
1480 1286 1628 1329 caedem
1661 1287 1782 1343 usque
1813 1290 1949 1332 uxoris
1983 1289 2128 1334 licebat
2159 1308 2351 1337 excurre-

1305 1357 1379 1395 re,
1412 1342 1438 1385 si
1470 1358 1566 1385 cum
1599 1343 1682 1397 ipso
1714 1344 1898 1388 adultero
1941 1361 2032 1389 eam
2064 1348 2351 1403 deprehendis-

1304 1398 1360 1442 set
1384 1430 1397 1452 ,
1428 1398 1607 1454 justoque
1649 1399 1780 1444 dolori
1814 1401 1882 1445 suo
1934 1416 2054 1458 atque
2088 1406 2157 1448 irae
2182 1437 2195 1460 ,
2229 1407 2271 1450 in
2306 1423 2348 1452 re

1304 1455 1434 1499 calida
1460 1456 1711 1511 indulfiffet3
1743 1459 1790 1502 de
1824 1475 1905 1514 quo
1938 1461 1987 1503 ad
2030 1461 2162 1518 legem
2191 1464 2349 1515 §uliam

1303 1513 1350 1557 de
1381 1512 1591 1557 adulteriis
1622 1514 1743 1558 latius
1768 1547 1778 1558 .
1810 1518 1904 1573 Quo
1935 1530 2073 1562 autem
2102 1521 2259 1565 castitas
2284 1522 2346 1567 fa-
2376 1551 2383 1558 ·

1305 1569 1425 1613 cilius
1469 1570 1692 1616 servaretur
1743 1573 1830 1616 vini
1864 1574 1953 1618 usus
1997 1575 2184 1620 foeminis
2215 1579 2345 1623 inter«

1303 1627 1509 1671 dicebatur
1530 1661 1542 1671 .
1586 1631 1668 1673 Fax
1699 1631 1814 1674 enim
1857 1631 2038 1676 libidinis
2071 1634 2240 1690 vinum,
2274 1652 2347 1680 ne-

1304 1700 1381 1740 que
1403 1685 1454 1728 ad
1476 1701 1567 1729 eam
1591 1688 1814 1743 quidquam
1853 1689 2095 1734 temulentia
2137 1696 2304 1748 pronius
2327 1711 2344 1736 .-

1304 1754 1444 1797 utpote
1470 1758 1558 1798 quae
1582 1760 1725 1799 corpus
1749 1746 1901 1801 agitet,
1932 1748 1975 1790 ἃ
2001 1748 2134 1792 lucem
2162 1750 2349 1806 rationis,

1304 1815 1383 1854 qua
1420 1800 1647 1855 petulantia
1697 1816 1906 1847 coercetur
1928 1835 1940 1858 ,
1970 1806 2187 1851 obumbret
2219 1840 2229 1850 .
2261 1810 2348 1864 (g)

1305 1858 1588 1919 Quamobrem
1622 1859 1743 1917 longe
1777 1874 1872 1904 ante
1906 1863 2137 1908 Romulum
2170 1864 2349 1909 faeminis

1305 1915 1393 1956 vini
1428 1914 1514 1957 usus
1545 1913 1866 1961 interdicebatur
1887 1950 1896 1960 .
1930 1921 2081 1963 Ferunt
2109 1923 2225 1966 enim
2248 1925 2352 1966 fau-

1305 1986 1402 2013 nam
1439 2003 1453 2024 ,
1501 1973 1631 2016 Fauni
1681 1974 1854 2018 sororem
1909 1977 2078 2020 eandem
2121 1980 2164 2021 ὃς
2207 1979 2352 2031 conju-

1303 2043 1428 2082 gem,
1460 2029 1567 2083 quod
1611 2030 1756 2074 vinum
1801 2045 1941 2087 praeter
1983 2050 2143 2077 morem
2187 2038 2350 2092 regium

1305 2085 1485 2138 bibiiset,
1517 2102 1541 2128 a
1574 2086 1664 2131 viro
1694 2088 1790 2131 dum
1823 2091 2070 2145 caederetur,
2113 2091 2222 2136 inter
2267 2094 2354 2137 vir-

1304 2157 1372 2204 gas
1421 2142 1550 2186 vitam
1596 2143 1786 2200 liquisse.
1833 2147 2038 2190 Criminis
2086 2162 2224 2194 autem
2274 2151 2352 2194 hu-

1304 2214 1364 2250 ius
1396 2199 1499 2253 apud
1533 2214 1683 2245 veteres
1717 2203 1887 2247 maritus
1921 2206 2067 2248 vindex
2102 2206 2207 2250 idem
2249 2224 2350 2251 con-

1305 2257 1539 2300 stituebatur
1587 2260 1630 2302 δε
1687 2258 1804 2311 judex
1845 2293 1853 2303 .
1930 2264 2101 2305 Etenim
2176 2265 2348 2319 Egnatii

1308 2315 1521 2376 Mecennii
1584 2331 1688 2360 uxor
1716 2349 1729 2370 ,
1778 2319 1883 2374 quod
1944 2321 2089 2363 vinum
2158 2321 2349 2376 bibisset,

1304 2370 1435 2413 occisa
1478 2372 1557 2415 fuit
1588 2389 1611 2415 a
1644 2376 1794 2417 marito
1836 2377 2046 2429 impune:
2093 2377 2196 2420 haud
2247 2395 2350 2435 aegre

1309 2428 1345 2470 id
1378 2428 1560 2482 patiente
1592 2430 1774 2473 Romulo
1805 2463 1813 2473 .
1846 2433 1907 2486 [h]
1940 2435 1995 2476 Et
2027 2447 2213 2476 matrona
2244 2451 2352 2491 quae-

1306 2485 1398 2527 darn
1433 2499 1446 2537 3
1488 2486 1595 2541 quod
1642 2503 1664 2529 e
1713 2487 1856 2531 loculis
1899 2490 2010 2532 cella:
2051 2491 2219 2533 vinariae
2268 2492 2351 2536 cla-

1911 2548 1939 2588 S
2285 2567 2353 2595 ves

1316 2615 1420 2624 ᾑ-
1869 2620 1977 2627 .—

1536 2615 1643 2625 ..--

1310 2643 1334 2674 ti
1367 2665 1375 2673 .
1397 2647 1495 2677 Uxor
1519 2653 1630 2679 autem
1655 2648 1776 2681 dicitur
1800 2655 1958 2691 tanquam
1983 2660 2094 2683 unxor
2126 2673 2134 2688 ,
2164 2653 2205 2684 ab
2230 2663 2356 2696 ungen-

1311 2687 1375 2726 tio,
1399 2689 1475 2731 quia
1499 2700 1573 2723 cum
1600 2691 1739 2725 domum
1765 2693 1910 2734 primum
1935 2695 2110 2728 duceretur
2139 2716 2149 2734 ‚
2180 2698 2282 2738 postes
2307 2710 2350 2731 ae-

1309 2732 1402 2765 dium
1429 2734 1532 2776 sponsi
1556 2735 1652 2778 adipe
1679 2738 1792 2775 lupino
1819 2761 1831 2778 ‚
1870 2739 1921 2771 vel
1944 2738 2040 2772 suillo
2080 2742 2224 2783 ungebat
2247 2765 2258 2782 ‚
2287 2744 2351 2776 eli-

1310 2779 1383 2811 nius
1410 2778 1493 2818 Hift.
1513 2782 1597 2813 Nat.
1616 2783 1786 2815 XXVIII.
1825 2796 1856 2823 9.
1886 2785 2134 2818 averruncandae
2162 2783 2354 2821 fascinatio-

1311 2822 1360 2855 nis
1385 2824 1504 2863 causa,
1532 2837 1571 2859 ne
1598 2828 1765 2869 postquam
1792 2828 1961 2869 cingulum
1989 2839 2032 2862 ex
2060 2831 2164 2871 prisco
2192 2843 2282 2864 more
2304 2843 2354 2865 tau

1309 2869 1377 2917 ‚vira
1401 2869 1432 2900 ἃ
1460 2870 1644 2903 taciturnus
1670 2873 1809 2906 sozv³sset
1837 2875 1976 2907 maritus
1995 2897 2006 2915 ,
2035 2875 2204 2907 confestim
2233 2876 2285 2917 spe
2301 2878 2354 2911 sua

1309 2911 1473 2946 excideret
1494 2936 1504 2953 ,
1532 2926 1632 2959 neque
1659 2919 1830 2959 voluptate
1854 2931 1894 2951 ex
1920 2928 2000 2952 voto
2029 2918 2149 2962 perfrui
2178 2921 2304 2962 posset.

1354 2958 1415 2999 (f)
1443 2957 1570 3000 Observ.
1591 2960 1707 2995 tub-18.
1736 2966 1863 3005 ‘dP-38·

1356 3003 1409 3043 [g]
1436 3004 1535 3038 Dion.
1557 3008 1619 3038 l-z-
1638 3007 1741 3046 Cic.4.
1761 3009 1798 3040 de
1814 3016 1878 3051 rep.
1897 3009 1984 3050 apud
1999 3010 2146 3041 Nonium
2160 3030 2172 3042 .

1307 3048 1407 3135 Pl[h]
1433 3049 1529 3084 Ptin.
1556 3049 1677 3092 lib014·
1706 3060 1774 3096 cap,
1795 3063 1845 3095 ¹3·
1870 3053 1926 3088 ubi
1948 3056 2044 3097 plura
2066 3055 2102 3088 ia
2125 3065 2227 3098 g-nus
2252 3065 2349 3090 exem

1344 3103 1388 3127 a·
