2596 3479
651 68 698 118 E
740 67 794 118 T
877 64 1003 116 XII.

213 144 312 187 sium
337 140 517 185 instituta
535 170 545 189 ,
579 139 772 196 migravit
796 137 921 181 etiam
951 138 992 180 in
1018 139 1241 185 Romanas,

213 214 305 242 ante
337 197 518 241 conditas
550 199 654 240 XII.
692 195 874 238 tabula-s.
911 195 1078 238 Etenim
1108 198 1246 236 Ancus

209 255 390 299 Martius
427 256 601 297 Lucium
631 252 908 308 Tarquinium
949 252 1043 295 filiis
1068 265 1243 294 tutorem

209 311 317 354 dedit
344 343 352 353 .
405 313 503 354 Haec
535 310 678 354 deinde
703 310 873 363 potestas
901 310 1054 352 redaS’ffl
1081 310 1123 351 in
1156 324 1245 352 earn

209 371 318 413 XII.
349 369 606 411 Tabularum
640 366 772 422 legem
807 365 884 409 fuit
911 397 931 420 9
971 383 1048 421 qua
1081 365 1244 409 testandi

209 425 381 470 facultas
413 425 725 481 permittebatur
752 456 761 466 .
796 429 854 467 At
881 423 906 466 fi
935 423 1096 467 nullum
1126 424 1248 477 patris

209 484 495 527 testamentum
514 481 734 535 extitisset,
762 481 825 524 vel
846 481 888 523 in
908 497 955 524 eo
976 481 1110 525 tutelae
1132 496 1243 524 rnen-

208 541 268 584 tio
301 543 415 583 nulla
441 538 570 581 suisset
590 570 602 591 ‚
637 538 700 582 lex
728 538 851 593 patris
877 537 1012 582 vicem
1046 538 1198 581 subibit
1234 569 1246 591 ,

207 599 247 642 ἃ
284 597 452 641 tutelam
476 596 524 639 ad
548 610 618 639 eos
639 609 807 651 agnatos
832 595 1034 638 deferebat
1055 628 1067 648 ,
1101 596 1167 651 qui
1190 596 1244 638 le-

204 655 395 711 gitimam
418 655 465 696 ad
481 653 762 697 successionem
781 667 1045 697 vocarentur.
1068 654 1244 710 AEquum

204 715 320 757 enim
348 711 587 755 Decemviri
615 711 856 755 censuerunt
878 743 889 764 ‚
922 723 966 754 ut
991 711 1038 754 ad
1061 727 1160 768 quos
1187 712 1243 753 lu-

205 787 322 814 crum
356 769 610 812 succeffionis.
639 770 850 824 pervenire
877 782 1032 824 poterat
1054 800 1065 822 ‚
1096 770 1143 811 ad
1162 768 1246 812 eos-

206 828 300 871 dem
333 842 436 869 onus
468 826 919 887 tutelae‚dirigeretur;
963 826 1129 883 ideoque
1163 826 1273 877 suff,

206 886 424 928 cessionem
460 900 553 927 cum
586 883 713 926 tutela
744 884 1049 935 conjunxerunt
1069 915 1082 936 ‚
1115 878 1273 925 maxi-¹

201 957 270 985 me
302 942 397 997 quia
430 940 560 992 major
591 941 795 985 bonorum
828 942 1001 986 custodia
1023 941 1247 995 speraretur

199 1000 252 1043 ab
286 999 336 1041 iis
366 1030 378 1051 ,
429 998 476 1041 ad
522 1014 621 1054 quos
665 999 818 1054 possent
850 999 1073 1054 aliquando
1103 999 1271 1049 eadem2

205 1057 313 1100 bona
347 1055 513 1098 transire
546 1087 554 1098 .
650 1071 708 1098 uae
751 1057 947 1112 cogitatio
991 1057 1100 1098 tanti*
1142 1055 1273 1111 apud}

201 1114 399 1157 Solonem
435 1128 518 1155 non
551 1110 631 1155 fuit
665 1145 678 1166 ,
721 1127 765 1156 ut
797 1113 971 1165 objicere
1005 1115 1137 1156 vitam
1172 1128 1244 1166 pu-

203 1170 296 1227 pilli
330 1169 480 1213 volerit
514 1169 667 1213 insidiis
699 1186 842 1214 eorum
869 1204 877 1213 ,
911 1170 981 1225 qui
1012 1187 1061 1214 eo
1080 1183 1271 1212 mortuo·

199 1229 249 1272 ad
281 1226 392 1271 illius
424 1228 530 1270 bona
562 1228 846 1270 vocabantur:
898 1226 1003 1270 forte
1031 1227 1127 1282 quia
1158 1241 1242 1268 non

199 1284 345 1329 eadem-
380 1316 393 1338 ,
436 1299 524 1338 quae
564 1283 668 1337 apud
715 1288 964 1337 Romanos,
1011 1296 1097 1325 erat
1139 1283 1243 1336 apud

197 1340 474 1386 Athenienses
507 1355 671 1383 morum
706 1341 889 1384 honestas
910 1372 922 1393 ,
953 1341 1034 1392 (³)
1068 1339 1156 1382 ideo
1182 1355 1242 1382 re-

193 1397 334 1443 movit
384 1397 707 1452 consanguineos
766 1398 810 1441 ἃ
850 1409 1022 1454 agnatos
1070 1413 1092 1439 a
1143 1413 1238 1440 cura

195 1455 451 1511 pupillorum
479 1486 496 1509 ,v
522 1455 577 1498 ob
607 1471 696 1499 eam
733 1455 858 1509 ipsam
882 1455 1115 1505 rationem,
1147 1454 1242 1510 quia

196 1512 375 1568 legitimi
407 1511 532 1556 essent
566 1511 796 1557 successores
817 1544 826 1554 .
861 1514 976 1556 Hinc
1011 1510 1233 1555 Archonti-
1265 1553 1268 1559 ,

195 1571 270 1614 bus
305 1570 522 1627 negotium
553 1569 720 1614 dabatur
754 1569 993 1614 inveniendi
1023 1601 1035 1620 ‚
1070 1569 1134 1613 cui
1170 1585 1266 1623 pu-=

196 1626 350 1686 pillum
397 1626 619 1683 regendum
653 1629 795 1672 darent
820 1660 829 1669 .
870 1629 956 1680 (a)
1000 1627 1239 1682 Eodemque

194 1684 367 1729 consilio
411 1685 453 1728 ἃ
498 1684 740 1729 Charondas
785 1685 964 1739 paternis
995 1684 1239 1739 consangui-

196 1744 284 1786 neis
328 1742 612 1786 successionem
659 1743 820 1786 tradidit
861 1743 903 1788 ἃ
937 1742 1139 1785 bonorum
1171 1741 1239 1784 ad-

192 1799 584 1854 ministrationem3
632 1799 826 1844 maternis
870 1815 967 1842 vero
1001 1799 1110 1855 pueri
1143 1799 1238 1842 edu-

191 1857 401 1901 cationem
430 1887 444 1910 ‚
501 1869 545 1900 ut
586 1874 711 1902 omne
762 1857 990 1912 periculum
1023 1888 1035 1909 ‚
1086 1856 1237 1899 sublata

191 1914 257 1969 spe
298 1913 551 1958 successionis
580 1947 592 1968 ‚
636 1932 659 1958 a
704 1915 790 1958 vita
836 1914 1094 1970 pupillorum
1120 1929 1264 1965 amo-³

190 1984 354 2015 veretur
382 2003 401 2024 ,
445 1973 544 2022 (b)
573 1972 618 2015 ἃ
651 1974 759 2016 bona
791 1975 948 2015 cautius
980 1971 1237 2013 administra-

192 2040 333 2071 rentur
361 2030 415 2068 ab
445 2027 495 2070 iis
522 2059 538 2079 5
566 2028 613 2070 ad
633 2045 733 2084 quos
756 2029 908 2084 possent
931 2028 1149 2083 aliquando
1169 2028 1236 2070 de-

191 2085 285 2129 ferri
310 2116 327 2128 ..
354 2083 470 2126 Plato
501 2100 602 2128 vero
632 2087 816 2142 utrosque
849 2084 1071 2136 conjunxit
1100 2083 1232 2140 proxi·
1258 2112 1262 2127 0

191 2157 282 2185 mos
325 2140 477 2184 scilicet
521 2157 570 2186 ex
614 2156 723 2197 parte
756 2144 883 2199 patris
913 2143 1010 2186 duos
1049 2158 1061 2195 ;
1111 2142 1153 2185 δι
1184 2158 1234 2185 ex

193 2212 306 2255 parte
338 2198 485 2241 matris
518 2199 692 2244 totidem
720 2216 732 2254 ς
766 2214 808 2244 ut
842 2201 1022 2243 inuicem
1060 2200 1133 2243 sese
1162 2201 1262 2245 ob—;

193 2256 396 2301 servarent-
419 2287 436 2307 ‚.
464 2269 583 2313 atque
615 2256 675 2301 ita·
703 2258 819 2301 alteri
853 2259 903 2300 ab
934 2258 1070 2301 alteris
1103 2257 1261 2332 pnpil-³

193 2313 281 2356 lum
316 2326 453 2357 tutum
480 2314 706 2369 praestarent
729 2333 738 2357 ε
773 2316 919 2371 quibus
941 2314 1084 2367 adjecit
1104 2330 1234 2358 unum

193 2387 243 2416 ex
293 2370 472 2413 defuncti
504 2372 648 2416 amicis
678 2405 697 2426 ‚.
738 2374 810 2429 qui
853 2387 1051 2430 tanquam
1085 2373 1236 2415 arbiter

193 2427 367 2484 praeesset
400 2429 592 2472 omnibus
629 2461 638 2472 .
693 2434 829 2486 Atque
876 2431 931 2472 ita
977 2430 1234 2474 securitatem

194 2483 340 2540 pupilli
374 2499 470 2527 cum
501 2497 688 2531 tutorum⁴
719 2487 956 2532 successione
989 2486 1234 2542 copulavit3

193 2544 483 2587 Romanorum
510 2574 527 2598 ,v
553 2559 653 2602 quos
683 2545 896 2601 ignorabat
923 2577 944 2600 „
967 2544 1011 2589 δε
1042 2543 1232 2589 Charon-

195 2673 395 2687 ——.---
399 2674 536 2687 —.,

245 2705 304 2746 β)
333 2707 490 2739 Attamen
516 2706 658 2740 Athenis
695 2717 823 2751 quoque
861 2717 895 2741 ut
924 2707 1028 2740 mas-is
1059 2707 1229 2749 pessimos,

197 2747 242 2781 fic
265 2750 369 2782 bonos
407 2751 550 2793 optimos
574 2753 634 2786 effe
666 2775 676 2792 ,
704 2762 832 2786 veteres
856 2751 989 2790 aiebant
1015 2775 1023 2784 .
1052 2752 1145 2792 Apud
1170 2753 1225 2782 Ro-

195 2803 311 2827 manos
326 2803 440 2828 contra
466 2797 631 2839 pupillos«
660 2797 778 2841 quibus
791 2799 933 2840 amplior
960 2808 1008 2830 res
1033 2798 1110 2830 esset
1128 2820 1138 2834 ‚
1164 2797 1234 2828 ani-

199 2848 288 2871 mam
316 2840 474 2874 custodire
503 2842 668 2884 Juvenalis
686 2842 775 2880 iubet
793 2867 802 2881 ,
831 2854 870 2876 ne
895 2844 936 2877 ab
951 2844 1078 2886 agnatis
1105 2842 1225 2874 iisdem-

197 2892 258 2924 que
282 2885 447 2918 tuton-itm
484 2898 611 2920 veneno
627 2910 637 2927 ,
667 2889 720 2921 vel
746 2889 821 2922 aliis
845 2889 941 2922 malis
967 2889 1093 2920 artibus
1121 2898 1138 2919 e
1165 2898 1231 2919 me-

199 2926 256 2959 dio
285 2928 482 2964 tollerentur
506 2954 515 2963 .
543 2931 633 2964 Adeo
658 2944 772 2966 verum
797 2934 867 2972 est,
894 2934 1017 2966 eximia
1046 2933 1076 2964 δε
1101 2934 1235 2965 virtutis

199 2972 231 3003 ἃ
269 2971 395 3005 stc-letis
421 2977 573 3018 exempla
599 2977 706 3010 ubivis
731 2979 879 3021 gentium
906 2978 1130 3021 deprehendi.

251 3017 312 3056 (a)
342 3018 462 3050 Pollux
489 3021 580 3054 trba.
604 3024 706 3056 Peaie.
725 3024 766 3056 ad
780 3027 844 3066 leg.
864 3025 969 3057 Anic.
985 3023 1080 3057 [ιθ-6.
1099 3025 1190 3064 rir.7.

1064 56 1933 114 VTABULARUM.

1296 134 1352 176 doe
1383 134 1500 178 simul
1535 135 1792 191 prudentiam
1825 133 2038 188 amplexus
2059 166 2068 176 .
2101 135 2158 188 (c)
2181 138 2344 193 Quam-

1299 193 1356 234 vis
1399 206 1536 236 autem
1581 192 1812 237 Alcibiades
1844 204 1998 234 tutores
2031 190 2215 235 babuerit
2250 211 2341 251 pro-

1299 249 1473 306 pinquos
1489 282 1499 302 ‚
1535 266 1683 306 nempe
1704 248 1904 293 Periclem
1924 280 1937 303 ,
1960 248 2005 290 ὃς
2027 249 2306 303 Ariphontem
2325 286 2339 308 ‚

1296 308 1381 358 (d)
1415 307 1615 351 nesciinus
1648 321 1788 351 tamen
1809 339 1822 361 ,
1853 322 1906 350 an
1938 321 1987 349 ex
2022 305 2108 362 lege
2141 307 2222 350 dati
2255 309 2344 354 fue-

1299 365 1380 408 rint
1415 380 1427 418 3
1471 380 1601 420 neque
1646 381 1742 409 vero
1786 364 1962 408 arbitror
1994 376 2166 419 agnatos
2197 381 2342 410 omnes

1296 439 1317 464 a
1361 421 1487 464 tutela
1532 437 1712 465 remotos
1744 454 1756 476 ‚
1808 421 1869 464 sed
1912 436 1979 465 eos
2024 433 2187 466 tantum
2215 455 2227 475 ,
2271 424 2342 479 qui

1297 480 1565 534 proximiores
1595 479 1721 523 essent
1753 479 1801 522 ad
1835 478 2119 522 successionem
2147 496 2157 520 z
2192 493 2238 524 ut
2268 496 2343 525 ne-

1294 536 1390 579 cesse
1423 552 1508 579 non
1540 536 1587 579 fit
1618 536 1798 581 assentiri
1830 535 2060 589 Balduino,
2092 537 2162 593 qui
2187 536 2265 581 hoc
2290 539 2342 581 ab

1293 593 1484 649 exemplo
1517 593 1650 650 legem
1682 596 1793 638 hanc
1822 596 2112 638 Romanorum
2144 595 2194 638 ad
2225 596 2342 641 Atti-

1294 667 1359 695 cas
1393 652 1603 695 revocavit
1628 685 1639 696 .
1670 654 1730 707 (e)
1762 654 1821 696 Et
1849 654 2048 708 quoniam
2084 651 2342 698 familiarum

1295 709 1662 754 conservandarum
1693 710 1808 755 causa
1839 709 1945 766 leges
1979 712 2084 754 XII.
2118 710 2243 754 tabul.
2279 712 2337 755 se·

1295 766 1411 810 clusis
1443 768 1630 824 cognatis
1650 801 1664 822 ‚
1698 768 1776 812 sive
1808 768 2036 819 conjunens
2067 786 2114 812 ex
2153 782 2342 813 materno

1296 823 1419 868 latere
1471 826 1519 868 ad
1565 825 1831 870 hereditatem
1877 828 2079 870 vocabant
2124 842 2294 881 agnatos
2328 858 2341 881 ,

1296 882 1374 924 five
1405 881 1642 935 conjunetos
1673 900 1721 927 ex
1755 884 1877 927 latere
1913 899 2109 940 patern03
2142 882 2220 937 (f)
2249 884 2340 928 ideo

1294 941 1452 991 agn-atis
1486 942 1619 994 primo
1652 941 1742 985 loco
1776 941 1903 985 tutela
1934 940 2112 984 defertur
2139 971 2151 994 ,
2191 940 2339 986 deinde

1295 997 1519 1051 gentilibus
1541 1029 1552 1051 ,
1584 998 1631 1041 ad
1663 1014 1762 1054 quos
1795 998 1900 1042 olim
1933 998 2015 1054 post
2046 1009 2215 1054 agnatos
2239 1031 2249 1045 ,
2293 1010 2340 1042 ut

1294 1054 1403 1098 infra·
1443 1055 1846 1109 demonstra-bimus,
1891 1055 2079 1111 legitima
2123 1055 2333 1099 hereditas

1292 1111 1616 1156 devolvebatur:
1650 1115 1734 1168 (g)
1765 1114 1833 1168 qui
1865 1126 2006 1156 autern·
2036 1112 2215 1169 gentiles
2251 1112 2338 1157 fue-

1294 1169 1498 1226 ritin-res
1532 1170 1657 1221 poscit
1689 1183 1733 1213 ut
1765 1169 2042 1225 explicemus.
2079 1170 2209 1214 Initio
2232 1185 2339 1214 con·

1292 1225 1430 1268 dentiae
1473 1225 1602 1268 Urbis
1646 1238 1808 1269 tantum
1844 1226 2024 1281 patriciis
2058 1226 2231 1282 gentiles
2263 1227 2339 1270 ha-

1294 1282 1443 1324 bebant
1467 1313 1478 1334 ,
1512 1298 1605 1325 cum
1640 1283 1668 1325 ii
1700 1295 1869 1325 tantum
1904 1283 2122 1337 potuissent
2152 1284 2336 1327 ostende-

1292 1354 1333 1380 re
1365 1353 1491 1392 genus
1526 1339 1668 1393 suum,
1700 1350 1840 1394 utpote
1862 1352 1973 1382 certo
1994 1355 2014 1382 e
2038 1352 2149 1394 patre
2173 1339 2337 1384 descen-

1290 1396 1431 1439 dentes
1452 1428 1464 1449 ,
1495 1395 1625 1452 plebei
1662 1412 1757 1440 vero
1789 1395 1967 1439 minime
1993 1428 2006 1450 ‚
2051 1408 2191 1452 utpote
2224 1407 2336 1452 patre

1291 1453 1448 1496 incerto
1474 1485 1486 1508 ‚
1519 1469 1540 1497 e
1573 1453 1759 1510 fugitivis
1782 1485 1797 1506 ‚
1838 1453 2027 1497 exulibus
2060 1465 2254 1509 terraeque
2287 1454 2335 1496 fi-

1290 1510 1358 1553 liis
1391 1511 1568 1566 raptim,
1600 1528 1646 1554 ac
1680 1523 1833 1555 temere
1865 1509 2062 1565 colleffig,
2099 1512 2218 1555 Unde
2239 1523 2334 1555 tan-

1290 1583 1381 1611 turn
1422 1584 1567 1612 eorum
1611 1568 1689 1613 filii
1732 1566 1906 1624 gentiles
1937 1568 2084 1613 habere
2117 1579 2334 1625 coeperunt

1291 1639 1513 1683 parentum*
1567 1626 1739 1670 nomine
1782 1625 1987 1680 capientes
2017 1640 2030 1680 3
2079 1625 2177 1670 hinc
2225 1625 2332 1682 apud

1289 1686 1539 1727 Ciceronem
1567 1685 1735 1740 gentiles
1763 1700 1789 1726 a
1815 1684 1988 1726 scievola
2005 1682 2252 1739 definiuntur
2268 1685 2328 1738 ii,

1287 1743 1359 1798 qui
1402 1742 1532 1784 eodem
1574 1742 1677 1785 inter
1715 1742 1759 1795 se
1786 1742 1940 1784 nomin-e
1963 1741 2060 1795 sunt
2100 1756 2118 1794 ;
2163 1756 2331 1798 quorum

1263 1815 1393 1842 -nemo
1417 1798 1656 1854 firvitutem
1680 1799 1861 1854 servivit
1886 1815 1906 1850 ;
1950 1815 2016 1841 nec
2047 1799 2173 1854 capite
2202 1798 2331 1841 dimi-

1286 1869 1406 1900 nutus
1428 1855 1482 1909 sit
1518 1883 1528 1896 ·
1580 1859 1693 1900 Hinc
1734 1856 1838 1912 apud
1881 1856 2054 1900 Livium
2089 1855 2206 1899 Decii
2241 1855 2329 1900 haec

1262 1927 1263 1930 ’
1285 1914 1471 1957 adversus·
1501 1914 1691 1968 patricios
1714 1946 1727 1969 ‚
1770 1914 1924 1970 sem-per
1956 1912 2032 1968 ista
2059 1914 2207 1956 audita<
2226 1912 2326 1966 sunt

1284 1972 1418 2014 eadem
1442 2001 1454 2023 ,
1487 1988 1560 2014 vos·
1582 1972 1686 2025 solos
1713 1983 1866 2026 gentem
1895 1972 2058 2013 habere.
2092 1971 2180 2021 (h)
2211 1972 2333 2013 Gens-

1284 2028 1409 2082 igitur
1432 2059 1445 2081 ‚
1489 2027 1568 2071 five
1610 2043 1737 2083 genus
1769 2028 1941 2071 nomi-ne
1974 2026 2276 2082 significabatur
2307 2041 2323 2080 ;

1285 2084 1537 2140 praenomine
1570 2101 1666 2128 vero
1701 2086 1915 2128 notabatur
1945 2083 2074 2127 homo
2105 2081 2175 2127 ille
2208 2114 2219 2136 ‚
2251 2083 2327 2139 qui

1259 2151 1327 2186 fea
1369 2143 1416 2185 de
1458 2156 1579 2198 gente
1622 2143 1834 2195 oriretur3
1878 2142 2004 2185 veluti
2049 2142 2092 2184 in
2135 2140 2211 2184 hac
2253 2155 2325 2196 ap-

1283 2199 1504 2254 pellatione
1534 2201 1684 2243 Lucius
1712 2200 1922 2244 Cornelius
1950 2198 2082 2254 Scipio
2114 2214 2129 2239 :
2173 2200 2323 2242 Corne-

1283 2259 1362 2300 lius
1394 2272 1549 2301 nomen
1579 2258 1635 2302 est
1662 2258 1797 2314 gentis
1831 2289 1845 2310 ‚
1892 2272 1943 2300 ex
1986 2271 2068 2311 qua-
2100 2254 2232 2309 plures
2264 2253 2325 2298 fae

1283 2316 1409 2358 miliat
1440 2315 1644 2359 fluxerunt
1667 2347 1679 2369 ,
1712 2330 1861 2370 nempe
1892 2314 2025 2368 Scipio
2054 2345 2065 2365 ‚
2097 2313 2326 2368 Lentulus,

1281 2373 1495 2417 Dolabella
1513 2405 1525 2425 ‚
1563 2372 1739 2428 quiquia
1753 2371 1927 2428 gentiles
1939 2384 2057 2414 erant
2077 2402 2089 2422 ‚
2121 2370 2227 2412 &ab
2241 2384 2323 2412 una

1282 2441 1403 2486 gente
1448 2429 1647 2473 Cornelia
1680 2428 1979 2484 proficiscentes
2008 2459 2020 2478 ‚
2068 2427 2322 2469 Cornelium

1281 2502 1426 2530 omnes
1451 2502 1604 2530 nomen
1630 2485 1890 2541 gentilitium
1920 2483 2206 2539 praeferebant.
2238 2484 2320 2525 Lu-

1280 2546 1365 2589 cius
1394 2556 1533 2588 autern
1563 2558 1723 2588 nomen-
1749 2555 1834 2587 erat
1866 2542 2076 2598 propriu-m
2109 2541 2321 2603 hominis,

2220 2596 2323 2641 hinc

1327 2707 1386 2747 (ri)
1419 2707 1577 2739 Plutarch.
1596 2707 1631 2738 in
1650 2706 1818 2739 Aicihiade
1832 2729 1839 2735 .

1327 2754 1379 2792 (e)
1407 2751 1554 2784 guduin.
1571 2752 1614 2783 ad
1626 2753 1778 2793 leg.xll.
1797 2749 1952 2782 Tabutar.
1970 2752 2096 2788 cap-38.

1358 2798 1400 2837 f]
1427 2795 1534 2831 Ῑηβίι,
1556 2800 1609 2828 tie.
1627 2796 1665 2827 de
1678 2797 1769 2829 J'Cxo
1786 2797 1954 2828 Terentia
1967 2797 2052 2836 prin.
2071 2794 2109 2826 <9²
2122 2793 2159 2825 de
2172 2795 2316 2835 legatgn·

1287 2843 1395 2881 succes?
1418 2843 1444 2884 §
1463 2852 1598 2874 crurum
1613 2843 1640 2873 L
1670 2841 1889 2873 nronuncv'atio
1909 2849 1979 2879 195.
1993 2836 2032 2882 ff
2051 2840 2090 2870 de
2104 2837 2180 2870 VJ‘.

1332 2886 1392 2928 (g)
1416 2889 1494 2927 U'p.
1510 2897 1529 2917 a
1554 2888 1596 2919 ud
1613 2888 1721 2919 C‘oltat
1745 2890 1797 2926 leg
1827 2887 1962 2921 Mosmz
1978 2887 2031 2916 τίς.
2049 2887 2110 2916 ule.

1330 2932 1388 2972 (h)
1415 2932 1489 2963 Vide
1505 2932 1613 2974 Sigon
1645 2932 1682 2963 de
1698 2942 1766 2962 ant·
1782 2929 1835 2968 jur
1862 2931 1924 2963 civ.
1946 2931 2037 2962 Rom]
2052 2931 2072 2960 Ι.
2098 2938 2122 2959 1⁷.
2141 2939 2164 2960 c.
2181 2937 2211 2968 7.
2243 2927 2317 2958 Haee

1296 2978 1433 3009 scevola·
1446 2977 1541 3008 verba
1556 2986 1591 3008 ex
1606 2976 1717 3019 Topic.
1743 2979 1806 3006 Cic.
1835 2977 1884 3007 ita
1900 2978 1982 3016 tegit
2017 2971 2238 3005 Gothoiredus
2254 2969 2312 3001 lib·

1287 3024 1322 3054 de
1340 3023 1421 3053 XII.
1442 3021 1521 3054 Tab.
1540 3030 1652 3063 p.205.
1680 3020 1828 3053 Gentiles
1841 3020 1913 3052 seint
1933 3042 1939 3052 2
1968 3018 2023 3060 osui
2047 3018 2088 3049 ab
2106 3016 2252 3054 ingenuis
2278 3025 2315 3044 o-

247 3059 307 3102 (b)
333 3061 468 3095 Diodor.
497 3066 594 3099 Sicul.
616 3067 761 3100 biblioth.
779 3071 804 3101 l.
829 3079 874 3100 12.
904 3069 1056 3104 Balduirr.
1084 3080 1110 3104 c.
1128 3068 1238 3109 38.ad
1288 3065 1394 3100 ritvndi
1423 3066 1519 3100 sunt.
1544 3076 1682 3109 quorum
1713 3065 1878 3099 maiorum
1905 3074 2003 3098 nemo
2031 3061 2225 3097 servitutem
2249 3058 2312 3094 ser-

199 3108 264 3151 leg.
282 3102 366 3140 ΧΠ.
386 3105 487 3143 tabul-
580 3111 635 3153 (c)
659 3112 776 3150 libat·
792 3114 830 3149 de
843 3112 944 3157 legib.

1289 3112 1364 3156 vit,
1390 3112 1446 3159 qui
1461 3113 1568 3157 capite
1592 3122 1660 3146 non
1671 3111 1744 3146 sunt
1770 3110 1918 3144 minuti.
