2524 3479
199 102 271 150 60
490 77 491 80 ‘
551 92 685 148 DE
759 92 1051 150 oRTu
1114 94 1262 150 ET
1334 93 1945 156 PROGRESSU

202 169 335 217 initiis
368 167 410 212 in
445 165 570 213 libera
602 170 786 214 Civitate
811 184 901 214 orta
928 169 1051 214 fuerit
1077 185 1214 235 eapo-
1267 170 1385 225 piunt
1408 204 1421 227 ,
1456 173 1609 220 bellum
1636 176 1828 229 excitat,
1859 176 1904 220 δε
1936 186 2097 222 mutuas
2130 176 2275 221 caedes:

203 230 317 273 testas
360 227 403 270 &
436 228 641 284 quousque
677 228 907 282 pervenerit
945 261 953 270 .
1005 230 1216 283 Quoniam

203 303 302 331 vero
335 284 440 328 nihil
475 287 572 329 certi
605 285 859 341 explorative
895 285 1217 341 comprehende-

205 361 247 389 re
273 343 507 401 postumus,
541 343 612 386 nisi
645 344 751 399 quod
785 344 1019 388 hauriamus
1052 346 1098 387 de
1125 343 1218 386 fon-

198 415 239 447 te
271 415 426 445 naturae
447 433 458 454 ,
493 400 582 444 ideo
615 402 809 457 tantisper
839 420 862 446 a
896 417 1025 445 matre
1071 402 1216 445 verita·

199 461 253 505 tis
285 458 544 516 philosophia
575 457 706 503 facem
741 460 857 504 illam
885 461 1107 513 arripiam3
1139 475 1217 516 qua

200 535 274 574 per
306 516 604 561 tenebricosum
640 517 719 560 iter
763 519 807 562 &
838 518 1104 574 opinionibus
1146 518 1218 561 ob-

200 576 340 621 sessum
374 574 497 617 libere
531 590 762 629 percurram
795 577 841 620 ad
873 594 919 620 ea
953 575 1172 631 primordia
1206 607 1217 626 ,

202 634 309 678 unde
343 632 491 675 veritas
525 633 784 686 protrahatur
829 635 871 678 in
909 635 1042 678 lucem
1079 666 1087 675 .
1134 632 1215 687 Qui

203 691 318 734 enim
350 688 482 732 adhuc
505 690 659 745 scriptis
683 692 759 735 suis
782 692 945 748 imperii
974 691 1217 734 fundamen-

201 761 242 791 ta
277 747 455 797 iecerunt
497 763 516 790 e
548 747 847 799 Jurisconsultis
880 750 1172 793 recentioribus
1206 781 1218 801 ,

201 821 287 849 non
322 818 405 846 tam
436 804 627 848 abstrusas
653 820 805 856 naturae
833 809 1022 851 notiones
1048 840 1059 860 ‚
1092 822 1216 863 quam

200 863 486 915 austoritates,
517 862 560 905 ὅ(
583 864 801 919 opiniones
828 882 898 921 pro
925 864 1045 908 certis
1069 863 1215 907 firmis-

203 936 280 978 que
317 919 531 974 principiis
565 921 815 966 tradiderunt
843 939 851 963 :
886 922 928 965 ὃς
952 938 1039 977 quse
1076 921 1216 965 conse-

202 978 370 1034 quentia
403 976 476 1020 esse
520 978 740 1022 debuissent
771 1012 783 1034 ,
827 996 901 1035 pro
941 980 1216 1024 antecedenti-

205 1037 276 1080 bus
306 1048 581 1090 acceperunt:
619 1051 663 1079 ut
701 1053 785 1079 non
814 1036 940 1080 aliam
977 1038 1217 1082 firmitatem

205 1104 251 1136 ea
272 1125 283 1143 ‚
316 1107 403 1148 quae
431 1107 692 1147 proponunt,
725 1094 901 1138 habeant
923 1128 934 1148 ‚
967 1095 1039 1138 nisi
1073 1095 1214 1139 studio-

203 1151 338 1193 sorum
372 1149 493 1191 fidem
525 1162 645 1206 atque
676 1153 916 1197 consensum
944 1169 955 1207 3
1002 1169 1051 1197 ne
1083 1153 1215 1197 dicam

205 1206 444 1264 inquirendi
480 1206 778 1263 negligentiam
802 1243 811 1253 .

433 1323 499 1365 De
521 1323 705 1367 Romano
729 1328 962 1382 Imperatore
978 1359 987 1368 .

330 1380 511 1422 Umanae
546 1393 699 1424 naturae
741 1384 889 1440 vitium
920 1403 935 1438 ¹,
967 1384 1063 1427 dum
1098 1383 1214 1427 inna-

362 1437 482 1480 scitur
515 1438 655 1482 anima
698 1442 856 1498 corpori
887 1473 900 1495 ‚
949 1457 970 1485 e
999 1455 1218 1498 parentum

207 1495 326 1550 culpa
365 1494 587 1550 susceptum
628 1530 641 1550 ,
691 1499 737 1541 ad
780 1515 951 1543 omnem
1000 1499 1221 1543 effunditur

207 1552 481 1610 posteritatem
508 1585 516 1594 .
550 1555 708 1599 Eodem
743 1557 846 1600 vitio
874 1557 980 1600 elata
1023 1557 1222 1613 cupiditas

207 1611 339 1653 nostra
370 1625 514 1652 omnes
557 1613 723 1667 corripit
760 1614 975 1658 facultates
998 1647 1010 1666 ‚
1071 1631 1093 1658 e
1125 1631 1223 1670 qua-

212 1684 302 1711 rum
324 1667 523 1722 regimine
549 1669 667 1723 pellit
696 1671 955 1729 excluditque
988 1673 1219 1716 rationem:

209 1741 288 1780 qua
321 1723 494 1779 depressa
527 1728 725 1788 cupiditas
759 1730 1010 1786 impotenter
1034 1730 1222 1774 domina-

209 1795 275 1825 tur
302 1815 314 1835 ‚
347 1782 541 1846 suumque
583 1800 639 1833 Jus
666 1785 822 1830 viribus
857 1788 1060 1832 metitur:
1098 1800 1140 1831 ut
1175 1804 1223 1830 eo

209 1839 331 1902 usque
382 1856 602 1895 imperium
637 1845 862 1898 extendat,
913 1862 993 1901 quo
1037 1845 1086 1888 ad
1117 1845 1224 1888 vires

207 1896 395 1953 cuiusque
430 1898 675 1951 perveniunt
707 1934 715 1943 .
769 1905 880 1946 Cum
913 1903 1026 1946 enirn
1068 1903 1224 1959 cupidi-

212 1968 295 1998 tate
331 1986 342 2006 ,
387 1970 471 2017 nort
517 1957 674 2002 ratione
718 1960 974 2004 decernimus
1003 1993 1013 2010 ,
1057 1974 1222 2003 tantum

213 2011 402 2056 exultant
435 2029 519 2074 jura
540 2016 746 2072 corporis,
779 2035 866 2073 quae
891 2018 954 2061 illi
989 2018 1222 2061 dominium

214 2084 361 2133 return·
386 2069 580 2113 addicunt
601 2105 612 2125 ,
646 2074 714 2129 qui
748 2076 834 2118 vim
868 2076 913 2119 ad
940 2076 1188 2130 capiundum
1211 2109 1222 2130 ‚

209 2127 255 2171 &
287 2126 551 2171 retinendum
572 2129 764 2176 idoneam
785 2134 907 2176 habet
940 2151 963 2176 a
988 2147 1131 2177 natura
1153 2134 1224 2177 tri-

211 2187 389 2246 butam.
433 2186 558 2249 Unde
583 2220 595 2240 ,
628 2189 774 2233 seclusa
807 2192 968 2235 ratione
997 2224 1009 2245 ,
1042 2207 1129 2248 quae
1162 2207 1223 2235 re-

213 2258 308 2306 rum
342 2242 663 2307 inaequalitatem
696 2246 805 2291 inter
833 2247 1022 2292 homines
1051 2265 1120 2301 pro
1144 2249 1220 2292 im-

216 2299 376 2364 paribus
415 2313 572 2344 meritis
608 2304 655 2346 ad
690 2305 957 2351 communem
997 2306 1221 2351 utilitatem

215 2356 414 2421 inducit,
455 2360 617 2423 exurgit
664 2364 862 2415 appetitio
904 2378 1058 2409 naturae
1083 2398 1095 2418 ‚
1138 2381 1226 2419 quae

215 2415 427 2481 constituit
457 2431 556 2481 juris
585 2420 886 2475 aequalitatem,
919 2439 1090 2478 eamque
1127 2423 1225 2466 diri-

215 2485 322 2527 mit,
355 2485 475 2529 atque
507 2474 719 2539 distinguit
747 2480 931 2534 potentia
952 2479 1219 2539 singulorum:

212 2544 258 2575 ut
290 2547 559 2594 cum-omma
608 2547 772 2591 pateant
805 2538 1001 2582 omnibus
1034 2572 1045 2592 ‚
1088 2555 1133 2582 ea
1166 2552 1225 2581 ta-

212 2604 310 2632 men
335 2589 524 2653 quusque
559 2591 635 2636 fint
662 2590 824 2652 propria
849 2629 861 2650 ‚
904 2613 991 2654 quae
1037 2597 1110 2640 suae
1140 2596 1224 2640 cui-

213 2662 427 2708 queyires
476 2661 772 2696 attraxerunt.
824 2655 882 2698 At
926 2654 1125 2710 quoniam
1175 2665 1223 2697 aeae

211 2701 385 2760 qualitas
414 2734 428 2757 ,
479 2704 577 2750 dum
618 2724 763 2755 omnes
817 2712 960 2755 omnia
1003 2711 1074 2756 sibi
1123 2712 1224 2756 arri-

260 2865 318 2915 sj)
342 2864 431 2895 Ferri
449 2867 551 2905 potest
567 2867 712 2905 superior
738 2870 949 2912 Philosophia
982 2873 1135 2907 Austoris
1167 2879 1226 2905 no-

210 2910 274 2942 *stri
293 2931 304 2948 ‚
330 2908 387 2941 etsi
406 2920 478 2943 eam
512 2922 529 2942 a
546 2912 682 2954 perditae
711 2913 807 2948 famae
837 2917 1037 2960 Philosopho
1056 2938 1066 2955 ς
1094 2917 1226 2950 Thoma

230 2954 396 3006 qubefio
412 2978 421 2992 ‚
452 2962 624 2989 mutuatus
649 2958 825 2998 videatur,
855 2961 1036 3004 eademque
1061 2962 1157 2995 valde
1177 2961 1227 2994 di-

227 2999 364 3048 spliceat
384 3000 518 3034 Austori
536 3002 822 3043 considerationum
847 3007 890 3039 ad
907 3017 969 3040 tres
981 3007 1078 3040 libros
1109 3008 1146 3039 de
1162 3007 1225 3039 ort*-

223 3046 302 3088 gine
314 3046 422 3083 juris.
449 3046 643 3080 considerat
671 3050 759 3081 enirn
789 3058 939 3085 mutuam
971 3052 1041 3085 vim
1068 3060 1225 3096 tanquam

222 3100 293 3141 ren}
319 3089 422 3130 fatti,
448 3091 480 3124 id
510 3093 613 3136 magis
640 3094 772 3128 intuens
801 3096 886 3140 quod
917 3099 954 3130 fit
973 3119 984 3135 ‚
1010 3107 1109 3140 quam
1139 3096 1225 3140 quod

222 3136 293 3169 fieri
319 3134 463 3168 debeat.
490 3140 562 3170 Nec
594 3146 706 3171 tamen
733 3139 800 3173 fola
826 3141 981 3175 securitas
1010 3142 1160 3174 omnium
1179 3142 1217 3174 ci-

220 3181 367 3215 vitatum
395 3181 471 3216 finis
497 3183 541 3218 est
570 3206 577 3216 .
619 3185 783 3228 Quasdam
827 3187 930 3222 etiam
968 3186 1144 3231 αὐτάρκεια
1173 3186 1226 3222 seu

1267 229 1364 293 hinc
1402 245 1535 275 metus
1567 233 1764 277 intestinae
1794 234 2025 288 discordiae,
2057 248 2177 291 atque
2211 249 2281 289 pe-

1269 286 1395 330 ricula
1421 302 1598 333 externae
1627 293 1851 346 potentiae,
1886 305 2129 336 revocarunt
2169 291 2282 336 velut

1266 344 1321 406 ab.
1349 345 1485 407 ‘exilio
1531 348 1732 393 rationem
1764 366 1775 403 3
1818 366 1906 406 quae
1938 366 2078 393 veram
2122 349 2283 404 aperuit

1267 401 1490 466 utilitatem
1525 437 1538 459 ,
1569 405 1786 464 docuitque
1836 407 2027 451 homines
2063 408 2192 462 magis
2234 406 2284 450 ad

1269 458 1522 522 securitatem
1548 495 1560 516 ‚
1605 479 1728 519 quam
1772 466 1819 508 ad
1857 466 2186 521 magnitudinem
2221 464 2285 507 vi-

1270 532 1400 581 rium.
1429 520 1655 575 expendere
1708 522 1794 575 jura
1841 523 1903 566 sua
1935 551 1946 558 -
1999 525 2284 579 Quamobrem

1269 590 1447 638 proprias
1466 578 1708 633 cupiditates
1730 613 1740 633 ‚
1771 581 1814 623 δε
1837 581 1943 623 vires
1973 582 2187 624 communi
2214 595 2288 623 vo-

1270 631 1418 676 luntati
1446 666 1458 688 ,
1488 635 1532 678 δ(
1566 636 1736 690 publicae
1773 638 1968 692 potentiae
1999 639 2046 680 ad
2078 638 2288 681 universo-

1270 706 1360 732 rurn
1403 693 1747 749 tranquillitatem
1782 695 1950 738 intentae
1972 695 2284 741 summiserunt,

1269 746 1498 805 foederaque
1532 751 1835 807 percusserunt,
1866 751 2129 807 inieruntque
2159 752 2290 808 paffia,

1267 821 1441 862 quorum
1478 809 1519 850 in
1555 809 1675 851 fidem
1702 842 1714 862 ‚
1747 823 1867 865 atque
1908 809 2081 852 tutelam
2109 842 2121 863 ,
2173 808 2290 852 insti-

1270 876 1354 906 tuta
1389 864 1575 909 societate
1620 868 1740 919 vitae‚
1775 867 1809 909 se
1845 867 1989 923 suaque
2022 869 2167 910 omnia
2200 879 2284 908 tra-

1267 920 1492 976 diderunt,
1525 924 1642 979 eique
1688 924 1871 968 societati
1919 924 2103 981 regendae
2149 922 2292 979 praefe-

1269 994 1410 1042 cerunt
1437 982 1698 1035 Imperium,
1731 981 1809 1025 sive
1843 982 1930 1025 vim
1968 986 2171 1025 summam
2210 997 2288 1025 un-

1268 1037 1386 1092 dique
1420 1039 1675 1081 contraffiam
1700 1071 1713 1092 ‚
1756 1039 1910 1082 animis
1940 1039 2132 1082 omnium
2166 1052 2290 1095 atque

1268 1094 1502 1149 corporibus
1551 1095 1838 1139 dominantem
1866 1127 1876 1138 .
1924 1099 2066 1151 ltaque
2102 1097 2290 1139 servitute

1271 1151 1526 1195 securitatem
1563 1166 1759 1196 emerunt
1803 1185 1815 1206 ,
1858 1152 1901 1196 ὃς
1941 1169 2078 1208 parere
2134 1153 2292 1210 legibus

1270 1209 1424 1252 duriter
1463 1242 1475 1262 ‚
1516 1226 1640 1266 quarn
1675 1209 1850 1266 propriis
1888 1209 2176 1265 cupiditatibus
2219 1211 2294 1253 ob·-

1272 1266 1375 1322 sequi
1404 1283 1496 1310 curn
1511 1266 1720 1324 periculo,
1745 1267 2003 1311 maluerunt.
2027 1269 2194 1311 Duabus
2218 1266 2295 1324 igi-

1272 1337 1333 1366 tur
1354 1323 1616 1368 facultatibus
1645 1326 1868 1368 hominum
1896 1325 2079 1369 conditio
2108 1326 2290 1381 regitur,

1273 1381 1447 1424 naturali
1487 1381 1640 1436 scilicet
1661 1415 1673 1435 ‚
1717 1383 1761 1425 ὃς
1794 1382 1909 1426 civili
1939 1415 1948 1424 .
1995 1384 2108 1425 Prior
2142 1383 2289 1428 statum

1270 1453 1509 1494 corruptum
1553 1441 1630 1492 (⁸⁸)
1678 1439 1899 1483 hominum
1927 1473 1939 1492 ‚
1987 1441 2161 1484 liberum
2198 1471 2210 1492 ,
2242 1439 2285 1485 δί

1273 1496 1496 1540 solitarium
1517 1499 1761 1542 comitatur.
1793 1498 1989 1541 Posterior
2019 1513 2116 1541 vero
2138 1512 2289 1540 eorun-

1271 1555 1362 1596 dem
1413 1554 1648 1599 societatem
1676 1588 1687 1609 ‚
1734 1556 1905 1610 vitaeque
1951 1554 2298 1598 communionem

1272 1611 1529 1667 consequitur
1548 1644 1560 1665 ‚
1594 1629 1718 1668 quam
1744 1613 1975 1655 Civitatem
2005 1611 2262 1667 appellamus
2285 1643 2295 1655 .

1273 1669 1444 1712 Etenim
1491 1668 1751 1714 facultatibus
1803 1669 2054 1713 naturalibus
2107 1668 2296 1712 facultati

1273 1726 1387 1770 civili
1435 1725 1654 1782 subjeffis,
1701 1727 1864 1771 Civitas
1910 1726 2133 1771 coalescit.
2179 1727 2296 1770 Cum

1275 1801 1369 1828 vero
1402 1784 1481 1828 istae
1512 1785 1743 1838 dissiliunt,
1779 1785 1893 1840 seque
1926 1785 2054 1828 homo
2088 1783 2211 1827 refert
2243 1781 2293 1827 ad

1276 1841 1471 1884 naturalis
1495 1843 1690 1895 potentiae
1716 1843 1888 1894 statum,
1920 1841 2118 1885 discordia
2154 1856 2295 1884 erum-

1275 1900 1334 1954 pit
1367 1931 1378 1951 ,
1423 1899 1645 1955 civitasque
1680 1899 1907 1943 dissolvitur
1933 1931 1942 1941 .
1993 1899 2101 1953 Quia
2138 1898 2293 1941 sublato

1272 1958 1371 2000 statu
1418 1957 1706 2014 inaequalitatis
1758 1973 1892 2001 rerum
1937 1988 1949 2008 ‚
1992 1969 2112 2012 atque
2147 1956 2291 2010 pacis:

1274 2014 1464 2058 homines
1497 2015 1666 2059 redeunt
1689 2014 1737 2058 ad
1765 2014 1861 2067 juris
1887 2013 2162 2071 aequalitatem
2181 2045 2192 2066 ‚
2224 2029 2296 2056 cu·

1272 2072 1329 2125 jus
1361 2072 1592 2116 obtinendae
1624 2073 1739 2117 causa
1771 2072 1927 2115 bellum
1960 2071 2066 2115 inter
2099 2086 2166 2114 eos
2193 2086 2295 2114 exo-

1274 2131 1375 2174 ritur
1398 2162 1408 2173 .
1442 2129 1595 2174 Civilis
1627 2144 1766 2175 autem
1805 2129 1976 2173 facultas
1997 2161 2008 2182 ‚
2041 2144 2128 2186 quae
2161 2127 2292 2171 nasci-

1273 2201 1336 2231 tur
1368 2204 1390 2230 ει
1422 2187 1688 2232 multitudine
1724 2220 1737 2242 ,
1783 2187 1959 2231 minime
1993 2200 2132 2230 tamen
2165 2188 2292 2241 potest

1275 2245 1445 2288 seorsum
1476 2263 1498 2289 a
1532 2247 1698 2301 persona
1723 2244 1886 2301 publica
1918 2242 2082 2290 residere
2114 2276 2126 2297 ‚
2159 2259 2292 2299 neque

1274 2304 1315 2346 in
1342 2303 1518 2359 singulos
1543 2303 1749 2358 dissipari:
1786 2302 1863 2346 hac
1892 2303 2006 2345 enim
2039 2300 2197 2344 ratione
2229 2301 2290 2353 jus

1272 2362 1437 2417 quisque
1469 2373 1668 2416 repeteret
1703 2361 1852 2403 suum:
1901 2358 1963 2402 sed
1995 2358 2038 2402 in
2072 2357 2293 2413 personam.

1272 2418 1455 2475 aliquam
1501 2416 1819 2462 transfundenda
1862 2416 1915 2459 est
1955 2448 1967 2469 ‚
2013 2431 2101 2471 quae
2144 2415 2289 2461 multi·-

1274 2477 1459 2520 tudinem
1494 2476 1620 2531 ipsam
1659 2475 1810 2519 referat
1855 2506 1866 2528 ‚
1923 2473 2056 2530 qualis
2105 2473 2160 2517 est
2204 2490 2290 2519 coe-

1273 2549 1338 2578 tus
1373 2534 1552 2589 plurium
1581 2566 1592 2587 ‚
1639 2534 1703 2577 vel
1748 2547 1970 2587 paucorum
2004 2564 2017 2586 ,
2059 2530 2124 2574 vel
2170 2547 2288 2577 com-

1274 2591 1413 2636 munis
1472 2593 1522 2636 ab
1567 2607 1651 2635 uno
1707 2589 1984 2634 administrata
2039 2589 2234 2634 voluntas
2273 2622 2287 2646 ‚

1273 2667 1320 2694 ex
1367 2665 1445 2705 qua
1494 2649 1628 2694 existit
1674 2648 1869 2704 Princeps
1905 2679 1918 2700 ‚
1969 2647 2012 2691 in
2045 2661 2168 2702 quern
2212 2663 2288 2702 pro

1277 2707 1467 2763 cujusque
1530 2706 1711 2751 civitatis
1770 2706 1924 2763 legibus
1965 2736 1979 2759 ‚
2044 2702 2110 2747 vel
2165 2717 2289 2804 gote-

2198 2776 2241 2805 as

2183 2834 2292 2846 -ῇ

1274 2867 1412 2901 studium
1441 2867 1648 2900 sufficientia
1677 2866 1822 2899 instituit
1840 2888 1851 2906 ‚
1874 2863 1962 2909 quod
1994 2863 2091 2897 docet
2122 2865 2285 2899 naturalis

1278 2913 1459 2956 indigentia
1491 2913 1620 2945 nostra.
1649 2914 1780 2945 Statum
1813 2917 1926 2943 autem
1956 2909 2143 2942 naturalem
2172 2910 2285 2944 minus

1278 2968 1355 3000 apte
1382 2958 1461 2991 dein
1494 2964 1689 3000 corruptum
1719 2962 1840 2989 vocat.
1869 2954 1987 2990 Affluit
2015 2954 2042 2987 is
2067 2953 2197 2987 deliciis
2219 2956 2284 2989 suis

1277 3003 1412 3047 perinde
1443 3010 1480 3036 ut
1509 3003 1620 3036 civilis
1637 3026 1647 3042 ,
1672 3010 1857 3045 quanquam
1889 3007 1926 3033 ut
1955 2999 2037 3032 nihil
2063 3000 2162 3032 estex
2189 2999 2284 3033 omni

1276 3054 1368 3090 parte
1400 3048 1534 3082 b⁰atum
1554 3070 1565 3086 ‚
1595 3048 1658 3081 suis
1684 3057 1812 3090 quoque
1857 3048 2022 3088 premitur
2048 3044 2282 3078 incommodis-

1275 3098 1316 3127 Et
1344 3100 1459 3137 gentes
1475 3092 1611 3137 quidem
1627 3092 1732 3127 etiam
1763 3093 1799 3127 in
1812 3092 1897 3126 statu
1911 3090 2055 3125 naturali
2083 3089 2195 3125 felices
2207 3089 2281 3131 effe,

1275 3138 1487 3184 experientia
1518 3138 1617 3173 dotet
1636 3161 1645 3171 .

2513 675 2517 683 -
2508 656 2517 669 π
2508 340 2524 650 ’.0-Αῇ-
