2596 3479
294 94 398 162 248
755 123 769 133 -
958 96 1100 151 DE
1182 101 1779 176 LEGIBUS,

289 171 444 234 Clodio
470 196 483 223 ‚
517 183 679 227 iniquas
710 171 940 235 rogationes
973 173 1015 215 in
1042 175 1107 215 M.
1127 175 1322 221 Tullium
1373 195 1413 223 re
1445 182 1599 226 cineres
1628 182 1913 227 defuns'torum
1948 213 1957 226 .
2001 184 2281 239 Quamobrem
2314 195 2405 232 tum

289 229 437 293 ferenti
463 257 473 268 .
514 231 601 280 (a)
648 231 853 294 Postumus
882 246 930 273 ex
965 230 1206 275 Haloandro
1240 234 1320 277 levi
1371 239 1496 293 potest
1528 239 1574 283 de
1605 241 1703 284 statu
1735 241 2020 284 defuneto-rum
2052 243 2128 293 (i)
2157 245 2279 300 quaeri
2318 246 2402 299 post

286 300 519 332 mutatione
551 287 680 343 legere
716 290 963 351 Nonianum
990 320 1002 341 ‚
1034 289 1098 342 (b)
1119 291 1177 341 (¹⁶)
1204 290 1321 339 illud·
1371 309 1547 338 mortem
1575 328 1587 349 ‚
1634 297 1658 341 si
1702 300 1863 355 quaeiiio
1908 300 1955 342 ad
1997 300 2228 356 augendum
2260 302 2404 345 defun-

287 362 364 402 que
399 343 545 409 referre
577 348 624 387 ad
656 347 708 388 T.
734 346 928 389 Nonium
949 347 1247 408 Asprenatem,
1278 348 1321 392 δε
1369 351 1423 393 &i
1471 353 1754 399 conditionem
1798 355 2030 408 instituatur
2057 373 2069 410 3
2119 357 2232 400 velut
2273 357 2299 400 fi
2330 358 2399 414 qui

287 405 636 469 M3Arr1c1num
680 401 954 447 Clementum
988 405 1101 449 Coss.
1137 405 1203 448 sub
1230 408 1313 448 Do·
1371 407 1587 454 libertinus
1618 411 1747 455 fuerat
1781 415 2098 468 pronunciatus,
2135 426 2319 469 petatur,
2356 426 2400 459 ut

286 463 464 506 mimano
486 476 553 505 an.
570 461 1043 505 U.C.DCCCXLV1.
1069 465 1161 505 Hoc
1183 476 1317 506 autem
1369 466 1568 521 ingenuus
1594 499 1606 521 ,
1650 470 1772 524 priori
1808 472 2005 514 sententia
2038 472 2249 515 retraRata
2274 502 2287 524 ‚
2332 472 2402 514 de-

283 521 324 563 S.
340 522 391 563 C.
417 519 449 562 is
470 549 482 572 ,
513 533 582 574 qui
618 516 718 560 liber
739 549 751 571 ,
784 518 845 561 vel
874 519 1078 576 ingenuus
1102 521 1143 562 in
1169 521 1318 572 judicio
1367 523 1544 567 claretur
1579 542 1591 579 3
1641 526 1704 569 vel
1755 528 1780 571 si
1813 529 1973 583 questio
2004 545 2048 572 ea
2083 531 2280 583 praecipua
2312 543 2397 571 non

287 577 579 634 pronunciatus
614 574 691 618 fuit
724 575 960 620 colludente
993 577 1162 620 domino
1189 578 1232 619 in
1257 577 1312 628 iu·
1369 579 1412 622 Gt
1446 612 1458 634 ,
1505 582 1564 626 sed
1598 583 1643 624 ad
1677 584 1786 628 aliud
1816 586 2010 637 judicium
2044 587 2243 641 dirigatur
2276 617 2290 638 ‚
2330 599 2401 629 ve..

286 636 391 678 dicio
430 649 533 695 curn·
565 632 677 676 servo
711 649 724 687 3
775 633 995 678 delationis
1036 635 1204 689 praemio
1241 636 1316 677 ser·
1366 637 1439 682 luti
1485 638 1510 681 fi
1553 639 1597 682 in
1646 640 1796 691 judicio
1841 644 2090 686 successionis
2123 645 2168 685 de
2200 643 2299 685 statu
2332 642 2403 685 de-

283 708 356 735 vus
401 691 463 733 vel
509 690 676 733 libertus
726 691 847 734 fiebat
879 692 1071 734 delatoris
1098 723 1110 744 ‚
1145 692 1211 746 qui
1246 693 1312 733 ab-
1366 693 1492 738 funffi
1542 704 1803 751 quaerendum
1850 712 2037 743 ‚occurrat
2076 716 2085 740 ε
2143 711 2187 741 ut
2235 698 2401 754 quaestio

281 749 410 792 diram
442 747 622 792 fraudem
658 748 914 803 prodiderat:
949 752 1139 803 exemplo
1170 748 1314 803 grassa-
1362 753 1409 794 ad
1458 752 1570 796 illius
1610 755 1755 798 statum
1798 756 2064 798 evertendum
2099 756 2274 798 minime
2306 768 2397 798 ten-

281 807 414 860 toris5
447 806 514 862 qui
549 805 745 861 principis
780 806 1022 849 liberalitate
1057 807 1186 848 servus
1207 805 1314 848 illius
1361 809 1427 851 dat
1457 841 1468 863 ‚
1512 810 1610 853 dum
1643 827 1693 854 ne
1727 824 1864 855 tamen
1899 812 2233 866 quinquennium
2265 812 2398 855 exces-

281 864 355 917 fit,
388 880 410 906 a
441 879 522 918 quo
553 876 692 919 captus
724 862 801 906 fuit
831 864 874 906 ὅ(
896 863 1052 906 virinus
1079 894 1087 904 .
1131 863 1185 918 [c]
1207 865 1311 905 Eam
1362 867 1452 909 serit
1487 883 1500 921 3
1543 883 1639 910 nam
1686 868 1769 923 post
1811 868 2153 924 quinquennium
2199 883 2249 910 ne
2298 868 2403 912 inci-

281 936 379 979 vero
421 920 603 964 fraudem
647 919 800 963 deferre
840 936 890 966 ae
933 921 1113 975 detegere
1165 920 1312 962 licebat
1359 923 1456 966 dens
1498 925 1663 980 quidem
1695 926 1857 980 quaestio
1887 927 1935 968 de
1968 926 2066 968 statu
2100 924 2279 967 defune'ti
2310 938 2400 968 tra-

279 978 473 1022 omnibus
502 978 689 1033 quamvis
719 977 922 1020 extraneis
955 978 1020 1029 (d)
1051 993 1099 1020 ex
1125 977 1310 1021 oratione
1358 980 1458 1023 &ari
1503 982 1627 1035 potest
1653 1013 1666 1033 ‚
1709 983 1815 1038 quod
1858 981 2051 1025 omnium
2099 983 2280 1036 primurn
2310 981 2402 1025 edi-

279 1036 416 1079 Marci
440 1067 448 1077 .
481 1037 538 1078 Et
561 1034 757 1090 quoniam
781 1034 849 1090 qui
870 1033 1191 1096 captatinjusta‚
1225 1049 1309 1077 me·
1357 1038 1458 1081 xisse
1501 1040 1688 1080 Nervam
1716 1070 1728 1091 ‚
1771 1038 2029 1082 Callistratus
2075 1040 2198 1082 tradit
2229 1069 2238 1081 .
2297 1040 2401 1091 (k)

278 1095 358 1136 rito
402 1093 470 1136 fibi
515 1092 692 1135 reditum
735 1092 908 1135 includit
950 1091 998 1135 ad
1040 1092 1176 1145 justa3
1220 1091 1309 1134 ideo
1358 1095 1483 1150 quue
1526 1096 1662 1138 Marci
1708 1097 1915 1139 Antonini
1961 1096 2218 1150 temporibus
2266 1095 2307 1137 S.
2340 1096 2396 1138 C.

278 1150 446 1194 libertus
471 1181 482 1203 ‚
515 1150 584 1204 qui
618 1149 918 1205 ingenuitatem
953 1148 1123 1203 petiisset
1149 1181 1161 1203 ,
1193 1149 1308 1191 dein·
1356 1151 1698 1205 comprehensum
1729 1151 1846 1197 fuisse
1870 1185 1884 1206 ‚
1934 1153 2145 1208 colligitur
2187 1168 2237 1195 ex
2270 1153 2399 1207 Capi-

274 1208 322 1252 de
356 1208 511 1251 rescissa
544 1208 743 1251 sententia
776 1206 1041 1263 ingenuitatis
1071 1206 1119 1249 ad
1152 1206 1306 1249 liberti-
1356 1208 1490 1251 rolino
1507 1240 1527 1260 A,
1576 1225 1622 1252 ac
1653 1225 1702 1252 ex
1738 1209 1850 1253 libris
1881 1210 1978 1262 juris
2018 1242 2027 1252 .
2073 1210 2149 1261 (l)
2182 1209 2301 1263 Quod
2324 1220 2394 1258 ,et-

274 1281 372 1309 nam
418 1265 699 1309 conditionem
744 1266 924 1309 rediisset
953 1296 964 1314 ‚
1011 1280 1095 1310 non
1141 1279 1302 1318 recupe-
1355 1266 1438 1308 iam
1471 1267 1574 1309 Tito
1607 1266 1852 1321 Vespasiano
1880 1299 1892 1321 ,
1925 1268 2125 1310 Svetonio
2157 1267 2252 1309 teste
2278 1296 2292 1319 ‚
2323 1265 2400 1308 tri-

275 1325 389 1366 rabat
432 1322 619 1365 amissum
663 1322 722 1374 jus
764 1337 978 1365 aureorum
1009 1320 1258 1363 annulorum
1292 1352 1304 1370 ‚
1355 1323 1491 1365 buitur
1521 1354 1531 1365 .
1582 1324 1744 1366 Poterat
1785 1338 1922 1368 autern
1971 1323 2137 1367 libertus
2178 1325 2226 1365 ad
2273 1322 2388 1378 inge-

273 1380 380 1435 quod
413 1379 498 1435 post
527 1381 885 1422 manumissionem
920 1382 1158 1433 impetrarat
1183 1409 1191 1418 .
1226 1377 1304 1430 [e]
1354 1378 1556 1422 nuitatem
1602 1385 1855 1435 proclamare
1887 1381 2013 1424 etiam
2049 1381 2134 1435 pos’t
2165 1378 2396 1422 manumis-

276 1438 400 1480 Porro
434 1437 461 1480 fi
496 1437 652 1479 servum
681 1437 813 1491 plures
836 1436 1099 1478 dominorum
1121 1435 1190 1477 sibi
1212 1435 1294 1476 vin>
1355 1436 1506 1480 sionem
1540 1468 1552 1490 ‚
1597 1452 1684 1492 quae
1717 1438 1892 1481 minime
1923 1438 2125 1481 officiebat
2157 1436 2392 1491 ingenuita-

272 1494 409 1537 dicent
441 1525 452 1546 ‚
496 1493 674 1536 dicentes
716 1495 793 1536 esse
826 1508 1092 1535 communem
1119 1524 1131 1544 ,
1173 1492 1216 1533 S.
1247 1493 1299 1534 C.
1352 1494 1382 1536 ti
1415 1525 1428 1547 ,
1479 1494 1503 1536 si
1550 1509 1594 1536 ea
1628 1508 1878 1548 repeteretur
1911 1510 1980 1549 per
2010 1492 2340 1550 quinquennium
2376 1523 2390 1546 ‚

271 1551 479 1594 decretum
512 1551 565 1593 est
599 1581 612 1602 ‚
657 1562 701 1592 ut
743 1551 790 1593 ad
822 1549 996 1592 eundem
1028 1549 1203 1600 judicem
1235 1563 1296 1590 ea·
1350 1562 1472 1606 atque
1523 1550 1568 1592 in
1610 1550 1761 1602 judicio
1805 1552 2044 1605 probaretur
2076 1566 2088 1603 3
2132 1548 2196 1592 vel
2246 1548 2272 1591 fi
2306 1549 2389 1603 post

271 1620 336 1651 tur
369 1639 380 1660 ‚
415 1623 463 1650 ne
496 1607 609 1649 causa
644 1606 934 1650 sententiarum
970 1606 1163 1648 varietate
1197 1605 1299 1647 lace·
1350 1607 1682 1662 quinquennium
1736 1608 1976 1650 emerserint
2030 1606 2299 1649 instrumenta
2344 1604 2389 1649 ὅ(

269 1679 401 1707 retur.
435 1662 513 1716 (f)
546 1666 644 1706 Haec
675 1676 812 1706 autem
839 1664 946 1707 attio
967 1663 1050 1718 post
1069 1664 1295 1718 quinquen·
1351 1664 1609 1718 probationes
1640 1664 1907 1719 ingenuitatis
1937 1681 1952 1705 .·
1998 1678 2126 1719 eoque
2158 1662 2306 1714 judicio
2339 1661 2395 1704 li-

266 1724 383 1764 nium
417 1721 662 1764 continuum
697 1721 973 1776 perimebatur
1003 1752 1013 1762 .
1057 1721 1149 1763 Nec
1183 1719 1296 1763 enirn
1350 1721 1417 1764 ber
1449 1721 1578 1764 homo
1609 1722 1747 1776 generi
1781 1753 1794 1775 ,
1843 1734 1964 1776 atque
2008 1720 2164 1775 origini
2198 1720 2273 1762 suae
2305 1718 2392 1762 red-

267 1778 398 1831 licet‚
445 1777 520 1820 nisi
565 1779 672 1820 intra
716 1776 1051 1833 quinquennium
1079 1809 1090 1830 ‚
1139 1776 1298 1820 senten-
1346 1778 1555 1821 debatur:
1601 1779 1700 1821 dum
1746 1793 1796 1821 ne
1839 1794 1935 1821 curn
1979 1778 2240 1832 ingenuitate
2271 1775 2395 1832 quid-

263 1835 364 1878 tiam
397 1835 519 1878 status
551 1834 753 1878 retraetari
774 1866 785 1887 ,
817 1835 901 1890 [g]
933 1850 978 1877 ac
1010 1835 1177 1876 vivente
1205 1845 1293 1876 tan·
1348 1850 1470 1890 quam
1501 1850 1521 1878 e
1551 1834 1676 1877 domo
1709 1835 2017 1879 manumissoris
2048 1835 2206 1884 efferret
2233 1865 2246 1885 ‚
2277 1832 2385 1888 quod

261 1904 351 1935 turn
383 1907 464 1946 eo,
496 1891 607 1943 cujus
637 1892 683 1935 de
716 1892 815 1934 statu
848 1893 980 1947 agitur
1010 1908 1018 1933 ε
1056 1907 1152 1933 nam
1185 1906 1296 1933 mor-
1345 1893 1382 1935 ei
1414 1904 1613 1948 tanquam
1647 1891 1793 1935 liberto
1817 1923 1829 1943 ‚
1879 1904 1948 1935 aut
1990 1906 2039 1934 ex
2088 1891 2204 1933 bonis
2237 1904 2387 1932 manu-

261 1961 333 1991 tuo
362 1964 410 1991 eo
431 1981 442 2001 ,
475 1949 544 2004 qui
578 1948 708 1992 fuerat
739 1949 938 2003 ingenuus
972 1947 1294 2003 pronunciatus,
1348 1949 1523 1992 missoris
1556 1947 1685 1991 fuerat
1717 1947 1963 2004 adquisitum
1992 1963 2005 2000 3
2037 1962 2133 1988 nam
2169 1947 2194 1988 si
2220 1962 2270 1989 ex
2299 1945 2388 2000 pos·

259 2006 401 2048 deinde
435 2006 477 2048 in
512 2006 631 2048 status
662 2005 978 2049 controversiam
1003 2018 1196 2057 vocatus,
1230 2005 1291 2046 in·
1347 2006 1507 2048 veffione
1540 2005 1741 2049 servitutis
1772 2005 1860 2060 quis
1893 2005 1925 2048 se
1960 2004 2002 2047 in
2036 2004 2265 2046 libertatern
2291 2002 2387 2045 vin-

261 2063 444 2105 stitutum
480 2062 678 2113 judicium
714 2063 846 2105 statim
879 2061 1137 2114 dissolvitur3
1172 2061 1290 2116 idque
1343 2063 1502 2105 dicasset
1535 2094 1548 2115 ‚
1595 2078 1642 2105 ea
1694 2076 1859 2106 tantuin
1914 2073 2126 2116 exportare
2175 2071 2333 2114 poterat
2363 2088 2378 2112 ‚

259 2119 522 2162 constitutum
566 2119 643 2162 fuit
674 2120 713 2162 S.
746 2120 797 2161 C.
830 2120 936 2175 quod
970 2120 1105 2162 Marci
1139 2121 1289 2161 oratio·
1343 2134 1431 2174 quae
1462 2119 1506 2162 in
1538 2119 1707 2163 domum
1739 2119 1979 2174 cuiusquam
2014 2116 2245 2160 intulisset.
2276 2116 2382 2169 (mJ

258 2191 352 2218 nem
386 2176 576 2231 excepit.
608 2176 691 2228 (h)
725 2175 853 2219 Nefas
883 2175 999 2220 enirn
1034 2175 1165 2219 visum
1196 2176 1251 2218 est
1279 2206 1292 2228 ,
1344 2177 1463 2231 Quod
1512 2189 1679 2219 cautum
1730 2176 1808 2221 fuit
1857 2177 1896 2218 S.
1930 2177 1983 2218 C.
2028 2175 2141 2218 cuius
2187 2173 2382 2217 vetustate

261 2233 547 2276 retraff'ratione
609 2233 820 2276 sententiar
883 2246 1002 2288 atque
1071 2232 1286 2287 quaestione
1344 2249 1495 2276 nomen
1528 2233 1770 2280 intercidit.
1804 2233 1885 2290 Qui
1919 2248 2016 2276 vero
2048 2231 2149 2273 liber
2175 2262 2187 2283 ,
2230 2242 2298 2272 aut
2331 2229 2385 2271 li-

255 2292 500 2340 τρουγὸμενῶς
530 2302 644 2333 mota
677 2289 816 2334 laedere
850 2305 990 2333 manes
1016 2321 1027 2343 ,
1076 2290 1118 2332 ὃς
1152 2291 1288 2332 turba·
1343 2293 1435 2333 bera
1494 2290 1528 2333 se
1573 2288 1815 2333 venumdari
1867 2289 1992 2345 precii
2038 2287 2222 2342 capiendi
2268 2285 2383 2330 causa

2309 2358 2376 2398 pa.

1355 2420 2376 2438 ——--—-··-——-—-———-—-‚—-———-2-·-§

1386 2461 1438 2499 “O
1464 2464 1500 2493 1..
1519 2471 1548 2492 2.
1568 2462 1595 2502 §.
1613 2461 1651 2492 de
1668 2462 1782 2499 collus
1801 2461 1905 2500 deteg.

1382 2506 1437 2544 (e)
1463 2509 1497 2538 L.
1517 2516 1535 2537 2
1562 2503 1600 2547 ff
1618 2506 1656 2536 de
1671 2503 1735 2544 jur.
1754 2515 1821 2536 aar.
1838 2505 1949 2547 annul.
1970 2503 2026 2536 ubi
2041 2502 2154 2542 Cuiac.

1073 2424 1168 2432 ‹—

256 2421 366 2433 ..o——

299 2457 360 2497 (a)
385 2457 524 2493 Dion.1.
545 2464 598 2500 38.
616 2462 732 2494 cicero
749 2460 836 2503 epist.
855 2471 909 2500 23.
928 2464 951 2494 Ι.
971 2472 998 2500 3.
1019 2462 1060 2493 ad
1079 2460 1230 2492 Atticum
1256 2482 1264 2492 .

298 2500 356 2541 (b)
381 2503 517 2538 Gothof.
534 2507 576 2538 ad
590 2508 611 2538 l.
636 2517 646 2538 1
682 2510 717 2538 C.
733 2507 771 2539 de
787 2509 896 2547 collus.
913 2507 1056 2548 detegam.

298 2549 356 2587 ζ’)
383 2551 483 2590 Iino,
510 2551 594 2583 nihil
611 2552 740 2590 obstat,
765 2562 830 2594 quo
855 2552 965 2584 minus
993 2560 1156 2591 receptant
1173 2549 1286 2582 ¹ec‘tio-

253 2602 330 2624 nem
355 2600 504 2629 tueamur
536 2596 569 2628 in
598 2605 650 2629 tot
676 2596 772 2630 sctis
788 2620 798 2634 ,
823 2595 951 2629 diffisa
967 2596 1103 2629 Consule
1124 2595 1254 2628 suffecto
1275 2618 1283 2626 .

254 2637 438 2670 Domitiani
467 2642 674 2683 temporibus
700 2645 824 2675 SCtuin
841 2650 954 2673 contra
969 2641 1162 2673 collusiones
1178 2640 1284 2672 latum

253 2680 376 2714 constat
396 2693 435 2714 ex
451 2687 487 2716 L.
516 2697 542 2717 1.
559 2690 606 2718 D.
627 2689 663 2719 de
679 2687 787 2727 collus:
805 2688 906 2728 deteg.
929 2685 1062 2718 Pastum
1078 2686 1109 2717 id
1125 2698 1139 2716 a
1158 2689 1283 2717 Nurum

251 2724 420 2767 qU0d²m‚
447 2730 583 2763 Consule
613 2731 744 2764 suffe510
775 2752 785 2766 ,
813 2741 879 2763 non
910 2731 1031 2762 mirari
1065 2729 1280 2763 similitudine

250 2769 422 2812 quisquam
439 2772 595 2811 conjiciat
612 2798 622 2814 ‚
648 2786 746 2818 quain
771 2786 834 2818 qua
861 2775 917 2807 alii
943 2775 1134 2807 Nonianum
1155 2776 1282 2806 malunt

250 2815 302 2846 vet
319 2816 496 2856 Junianum
513 2840 521 2855 ,
548 2821 623 2861 quia
647 2821 682 2852 in
714 2821 811 2852 Fastis
842 2820 955 2861 praesto
969 2818 1040 2851 sunt
1058 2820 1192 2852 nomina
1213 2820 1278 2849 Ν)-

251 2861 384 2893 niorum
418 2863 448 2894 ἃ
483 2865 658 2905 Juniorurn
672 2886 681 2894 .
709 2868 822 2906 Neque
850 2863 939 2896 enim
971 2863 1106 2905 Juniani
1139 2874 1261 2896 nomen

252 2904 341 2947 quod
366 2907 505 2947 prodere
522 2908 646 2941 Αυξὶοτ
661 2908 794 2940 videtur
809 2931 819 2946 ,
846 2908 969 2950 uspiam
995 2908 1113 2941 diserte
1129 2911 1216 2942 SCto
1233 2918 1274 2939 no

248 2951 314 2982 stro
329 2951 486 2986 tribuitur
516 2976 524 2984 .
554 2957 592 2986 In
614 2952 800 2986 nominibus
816 2953 956 2994 propriis
971 2952 1162 2985 anstai-irati
1184 2952 1277 2985 Basili

247 3004 361 3027 corum
380 2996 571 3038 praeferendi
586 2998 740 3030 videntur
754 2996 879 3030 codices
894 2997 1002 3029 Latini
1027 3020 1037 3035 ,
1061 3008 1159 3040 quare
1180 2995 1275 3034 Cuia-

245 3038 336 3072 cium
356 3051 420 3074 non
436 3043 605 3076 immerito
619 3044 764 3075 Gravina
782 3041 843 3075 hoc
860 3041 931 3074 loco
947 3040 1088 3075 deseruit
1105 3066 1111 3073 .

288 3084 344 3125 (c)
369 3090 409 3119 L.
427 3098 455 3120 2.
488 3090 520 3119 C.
541 3087 654 3130 quibus
682 3088 723 3120 ad
739 3086 844 3119 libert.
862 3089 1009 3126 praectam.
1028 3087 1121 3122 liceb.
1139 3085 1197 3121 ubi
1213 3090 1274 3122 Cu-

245 3128 304 3165 iac.
321 3130 356 3162 in
369 3141 506 3167 enarrat.
530 3137 565 3166 C.
581 3136 617 3166 L.
647 3143 672 3165 ι,
687 3130 728 3177 ff.
744 3133 782 3168 de
795 3133 902 3175 collus
921 3133 1027 3175 deteg-

1381 2551 1467 2592 (f)
1493 2553 1529 2582 L.
1548 2551 1690 2590 cognitu)
1708 2551 1726 2580 8
1755 2552 1772 2592 §
1808 2562 1821 2582 s
1836 2553 1942 2590 plures
1965 2560 1989 2580 x.
2006 2549 2045 2593 ff
2062 2551 2099 2582 de
2115 2547 2206 2583 liber.
2223 2547 2314 2587 (αα-[Ζ

1381 2595 1442 2636 (g)
1468 2598 1504 2627 L.
1522 2606 1553 2627 2.
1571 2593 1607 2635 ff
1623 2595 1661 2626 de
1675 2597 1756 2626 eolla
1777 2618 1782 2623 .
1799 2596 1905 2634 deeeg.

1396 2640 1433 2677 h)
1458 2641 1484 2670 L
1515 2651 1540 2671 1.
1556 2641 1583 2682 ᾗ.
1601 2641 1655 2678 sed
1668 2640 1830 2672 interdum
1847 2637 1882 2681 ff
1899 2651 1938 2671 ne
1951 2639 1990 2673 do
2001 2637 2076 2678 slat.
2099 2636 2238 2680 defun&
2257 2634 2373 2673 cujac.

1438 2695 1460 2715 x.
1478 2682 1514 2722 ff?
1534 2687 1570 2716 dc
1583 2683 1645 2721 iur.
1662 2696 1728 2716 aur.
1745 2686 1859 2717 anatol.
1877 2684 1943 2717 eve
1967 2693 2013 2721 ις.
2033 2684 2112 2723 resp.
2132 2684 2255 2723 Pqin.

1379 2730 1391 2763 s
1409 2729 1449 2767 i]
1477 2731 1512 2760 L.
1530 2730 1764 2770 principaliter.
1779 2739 1827 2768 13·
1845 2732 1879 2760 C.
1897 2729 2037 2762 deliber.
2057 2727 2142 2766 caus.
2159 2724 2274 2764 Cujac·
2291 2724 2323 2758 d.
2350 2724 2376 2757 1.

1334 2783 1362 2804 2.
1375 2771 1433 2815 ff
1453 2785 1464 2802 e
1480 2784 1543 2810 sur.
1561 2784 1629 2805 aur.
1646 2776 1758 2807 annul.

1379 2818 1428 2858 [k
1443 2818 1456 2855 J
1485 2820 1512 2849 L
1545 2828 1576 2856 4.
1592 2816 1628 2858 ff
1644 2829 1683 2849 ne
1696 2820 1735 2849 de
1744 2815 1824 2857 stae·
1840 2815 1980 2856 defunH.

1375 2863 1445 2902 [l]
1473 2864 1501 2894 L
1531 2873 1558 2892 1.
1581 2859 1620 2904 ff
1642 2863 1705 2893 eod.
1722 2865 1744 2893 l.
1763 2873 1796 2901 4.
1815 2861 1870 2893 abr
1885 2857 2039 2895 Gothofr.
2058 2859 2088 2890 8(
2110 2855 2220 2895 Cuiac.
2247 2861 2280 2890 C.
2306 2858 2373 2891 eod.

1375 2909 1390 2948 [
1407 2916 1436 2937 m
1453 2906 1469 2944 J
1496 2909 1533 2938 Ι..
1557 2916 1581 2937 1.
1627 2909 1659 2937 C.
1699 2908 1736 2938 de
1753 2907 1860 2947 ingen.
1879 2903 2060 2946 manumrff
2086 2907 2121 2936 L.
2138 2904 2176 2936 de
2189 2902 2327 2944 bonisff.
2346 2904 2384 2936 de

1326 2951 1373 2985 tib
1406 2952 1492 2983 canl?
1514 2952 1539 2981 L
1568 2960 1596 2988 3.
1626 2949 1667 2993 ff
1696 2949 1729 2990 fi
1743 2951 1857 2992 ingen.
1874 2948 1935 2992 effe
1956 2950 2018 2982 dic.
2034 2946 2143 2984 Cuiac.
2164 2950 2204 2980 od
2220 2950 2265 2980 tit
2293 2950 2326 2980 C.
2345 2948 2384 2980 du

1325 2994 1705 3077 Lssgjss’zef‘ci’ii‘l'e’f‘ffj‘s'
1719 2997 1844 3081 ζῖηίῗὲ.
1858 2993 1902 3082 ffc'
1916 2993 2384 3082 ἴὲῑῗιῗῖἴζήῖἴζρἓἂῗίἶὲῗ

1324 3100 1363 3120 no
1386 3098 1407 3118 n
1433 3088 1493 3118 110
1517 3085 1671 3118 Ordinem
1681 3084 1829 3120 liberalis
1846 3086 1945 3128 cause
1956 3107 1969 3127 ,
1994 3084 2072 3119 vide
2087 3083 2178 3126 apud
2188 3081 2300 3120 cujac.
2315 3078 2379 3123 obs.

1328 3130 1386 3167 ub.
1415 3133 1465 3164 18.
1500 3140 1523 3164 c.
1543 3140 1602 3171 23.

1335 2684 1377 2715 ἃ

1389 2686 1411 2715 τ’
