2524 3479
185 125 251 181 §2

571 107 695 162 DE
752 104 1044 161 ORTU
1107 105 1237 161 ET
1305 106 1938 166 PROGRESSU

178 185 470 242 Capitonem3
514 184 579 227 cui
623 182 802 227 successit
842 182 1049 225 Masurius
1081 181 1200 224 Sabi·
1249 184 1279 227 ri
1314 184 1457 238 laude,
1492 186 1733 230 reddiderit.
1766 187 1922 231 Consul
1956 185 2036 232 fuit
2067 201 2163 235 cum
2197 188 2291 232 Μ.’

179 261 255 288 nus
297 243 465 286 obscuro
498 240 587 286 loco
614 275 626 294 ‚
677 240 944 295 tenuibusque
991 238 1198 282 facultati·
1251 242 1428 286 Vinutio

180 303 253 345 bus
273 334 285 355 ,
317 316 440 358 quem
472 298 540 342 diu
572 299 674 342 aluit
705 299 936 341 auditorum
973 299 1125 353 pietas,
1157 297 1200 340 &
1250 299 1350 342 berii
1381 301 1550 345 Caelaris
1579 334 1589 344 .

185 360 411 404 liberalitas
437 389 446 401 .
491 358 557 401 Ad
599 358 819 413 equestrem
852 356 1042 399 ordinem
1072 386 1083 407 ‚
1137 354 1201 397 sua

182 432 350 462 tantum
386 417 534 459 virtute
559 447 570 469 ‚
605 415 729 458 nullis
766 415 924 458 meritis
959 412 1199 466 majorum,

181 474 555 532 quinquagenarius
588 473 766 516 ascendit
794 504 802 514 .
856 473 894 514 Is
925 487 1019 514 curn
1057 487 1198 526 parum

183 533 285 578 lucri
307 534 520 588 colligeret
539 547 559 574 e
581 531 716 574 lludiis
735 562 747 583 ‚
781 546 938 575 novum
961 542 1100 572 tamen
1127 527 1200 572 ho-

180 608 328 637 noret-n
362 589 690 645 Juiisprudentiae
722 589 877 644 peperit
906 619 915 630 .
968 587 1127 630 Primus
1158 602 1200 630 e-

155 650 275 693 'nim
309 650 358 692 ab
392 649 573 701 Augusto
608 680 620 693 ,
663 645 807 689 deinde
838 647 888 689 ab
920 645 1096 688 Tiberio
1130 660 1200 699 pu-

184 708 337 750 blicam
392 706 549 760 accepit
597 704 882 747 aucOtoritatem
934 702 1197 757 respondendi

182 766 229 808 de
264 765 346 816 jure
380 781 388 804 :
424 779 518 806 cum
552 776 671 805 antea
704 777 787 804 non
812 778 831 804 e
862 760 1097 815 Principum
1131 776 1195 802 au-

185 823 377 865 &oritate
418 821 672 864 attolleretur
705 834 853 862 munus
886 817 1150 871 respondendi
1189 833 1200 870 3

184 881 247 923 sed
279 896 299 922 e
335 880 589 933 privatorum
624 877 790 920 arbitrio
817 908 828 929 ,
861 893 905 918 ac
939 874 1122 929 populari
1155 891 1198 917 o-

185 938 354 993 pinione
391 936 650 991 susciperetur
675 967 684 976 .
735 936 802 976 Ab
842 950 890 976 eo
935 933 1062 987 igitur
1097 946 1197 975 tem-

185 1011 281 1051 pore
325 1011 405 1051 quo
450 994 598 1036 necesse
632 993 707 1034 suit
741 992 817 1033 hoc
849 1008 870 1032 a
904 991 1093 1037 Principe
1123 992 1194 1033 im*

185 1054 333 1108 perrari
362 1084 373 1105 ,
416 1052 595 1095 responsa
641 1049 837 1101 judicibus
869 1048 1071 1090 offerenda
1108 1048 1199 1090 scri—

189 1111 272 1165 ptis
315 1109 499 1151 mandari
549 1107 833 1163 obsignarique
865 1105 1166 1168 consueverunt
1191 1139 1199 1148 .

183 1168 304 1220 Quod
348 1166 581 1208 institutum
623 1181 673 1207 ex
719 1164 918 1218 Principis
960 1163 1200 1207 aucloritate

184 1224 446 1280 respondendi
474 1255 486 1277 ,
519 1223 650 1277 gratia
681 1222 823 1264 deinde
857 1253 868 1271 ,
914 1233 1032 1276 atque
1069 1224 1194 1264 ambi-

186 1284 299 1326 tione
332 1293 569 1335 corruptum
598 1312 610 1334 ‚
643 1278 826 1335 neglexit
860 1280 1094 1320 Adrianus:
1130 1281 1196 1334 qui

184 1355 269 1383 non
316 1340 538 1395 petendum
580 1338 618 1379 id
653 1351 800 1380 munus
834 1336 1035 1390 respondit
1081 1368 1093 1389 ,
1142 1337 1201 1378 sed

183 1398 447 1452 praestandum
467 1429 477 1449 ,
513 1397 589 1438 hoc
616 1395 669 1437 est
704 1410 787 1437 non
807 1409 855 1436 ei<
881 1394 1080 1446 Prin-:ipis
1102 1410 1180 1436 con

186 1456 358 1498 cessione
383 1487 395 1506 ‚
441 1454 499 1496 sed
531 1469 579 1496 ex
616 1453 788 1507 propriis
821 1451 1014 1494 doctrine
1044 1453 1200 1495 meritis

183 1512 535 1567 expromendum.
572 1510 872 1553 Aussoritatem
899 1510 1013 1552 enim
1037 1510 1177 1565 respon

185 1571 304 1615 dendi
339 1569 550 1623 princeps,
584 1570 642 1611 uti
676 1568 741 1610 usu
779 1567 892 1610 venit
918 1568 1093 1610 tribuere
1129 1585 1195 1623 po-

186 1629 257 1671 test
290 1628 354 1671 vel
389 1627 578 1677 indocltm
612 1624 846 1678 respondere
872 1626 1096 1669 vero-rech
1129 1642 1192 1668 rie-

186 1686 321 1739 mini3
356 1685 427 1728 nisi
460 1685 576 1727 <ictio
610 1684 791 1726 licuerit,
826 1684 890 1725 Ex
915 1682 1030 1734 hujus
1063 1684 1197 1727 norni—

188 1759 239 1786 ne
272 1776 282 1797 ‚
329 1756 459 1786 totam
490 1741 859 1797 Ju-risprudentiam
893 1741 1043 1784 Persius
1076 1755 1197 1784 nota-

186 1802 247 1843 vit
279 1817 326 1844 eo
357 1800 500 1843 versu:

298 1860 468 1913 Excepto
485 1856 521 1910 fi
545 1857 644 1912 quid
668 1857 830 1911 Mesuri
849 1857 1004 1900 rubrica
1025 1857 1195 1898 notavit.

187 1916 228 1958 Is
280 1915 504 1966 Cocceium
565 1917 756 1957 Nervam
797 1914 964 1958 alterius
1012 1913 1199 1958 fafitionis

183 1973 415 2029 principem
438 1973 597 2024 „habuit
625 1972 822 2016 aemulum
839 2004 848 2014 .

304 2031 344 2073 C
403 2032 443 2073 A
508 2031 536 2072 P
597 2031 640 2071 U
701 2031 744 2071 T
852 2031 1080 2074 LXXXII.

426 2091 492 2133 De
523 2090 574 2131 C.
608 2086 739 2142 Caffio
769 2088 966 2144 LonginO.

314 2146 446 2188 Assius
499 2144 712 2201 Longinus
769 2157 958 2188 materna
1011 2160 1032 2188 e
1083 2144 1199 2200 stirpe

317 2201 672 2258 jurisprudentiam
699 2218 712 2255 ς
755 2215 796 2245 at
827 2219 849 2244 a
881 2202 1042 2245 vindice
1077 2202 1199 2245 liber-

183 2260 277 2302 tatis
309 2271 430 2314 gente
463 2260 738 2302 constantiam
770 2259 913 2311 simul,
947 2260 991 2302 ἃ
1018 2258 1200 2311 judican-

184 2317 223 2359 di
258 2316 513 2360 severitatem
547 2316 690 2360 retulit
719 2350 729 2360 .
778 2318 863 2370 (a)
904 2319 1039 2359 Natus
1071 2317 1124 2360 est
1157 2333 1193 2359 e-

185 2375 276 2416 nim
297 2390 345 2418 ex
359 2374 594 2418 Tuberonis
608 2373 716 2427 filia,
737 2375 848 2417 Serv.
863 2374 1032 2430 Sulpicii
1051 2387 1194 2430 nepte:

183 2431 368 2483 Maiores
410 2447 506 2475 vero
550 2433 705 2487 paterni
749 2432 909 2487 generis
952 2431 1093 2474 habuit
1136 2433 1199 2474 iri-

183 2488 330 2532 clitum
364 2488 486 2532 illum
516 2490 686 2533 Caesaris
718 2489 1023 2534 interfeistorem
1045 2488 1197 2542 Cajurn

183 2547 367 2591 Cassium
394 2579 405 2601 ‚
447 2546 491 2589 &
532 2549 578 2590 L.
622 2549 804 2591 Cassium
848 2559 1063 2601 praetorem
1093 2579 1105 2601 ,
1150 2547 1196 2590 ad

182 2603 292 2655 cujus
351 2603 556 2647 Tribunal
613 2604 656 2648 in
710 2604 938 2649 criminum
991 2605 1196 2649 ultionem

182 2672 297 2702 tanta
330 2661 808 2716 severitasexcubabat,
842 2675 885 2706 ut
917 2678 1081 2707 reorum
1114 2663 1193 2706 sco-

184 2717 303 2773 pultis
335 2718 532 2761 diceretur
565 2750 574 2760 .
625 2722 715 2762 Hos
748 2721 905 2763 Cassius
938 2722 1069 2763 noster
1099 2720 1197 2763 adeo

185 2775 374 2829 expressit
406 2774 586 2831 integros
609 2807 621 2828 ‚
653 2788 696 2818 ut
728 2777 1096 2832 jurisprudentiam
1128 2793 1194 2832 ge-

184 2833 293 2875 neris
327 2833 536 2884 materni,
568 2832 610 2875 &
644 2833 800 2886 paterni
833 2835 1030 2877 virtutem
1053 2866 1064 2888 ,
1097 2849 1192 2888 prae-

182 2888 306 2932 claris
339 2889 610 2944 maximisque
645 2890 759 2932 rebus
789 2892 980 2946 gerundis
1006 2923 1018 2944 ‚
1058 2890 1196 2935 dicen-

184 2945 320 3002 disque
355 2945 600 3004 gravissimis
634 2946 842 2991 sententiis
867 2980 879 3002 ‚
923 2948 1029 2991 haud
1061 2948 1196 3004 impa-

1457 246 1830 298 QuartinoXVII.
1856 261 1968 289 anno
1994 246 2166 302 Imperii
2188 246 2288 288 Ti-v

1277 356 1283 362 ⁶
1341 357 1347 363 ι
1620 304 1817 359 Sequenti
1851 319 1963 347 anno
1995 304 2042 347 de
2077 306 2265 361 redigen-

1247 358 1305 398 dis
1338 373 1382 400 1n
1415 358 1553 403 fiscum
1586 359 1719 411 Seiani
1754 361 1897 415 bonis,
1931 374 2018 404 toto
2050 361 2267 406 assentien-

1250 416 1470 477 te-Senatu
1496 448 1508 470 ‚
1554 417 1909 462 vehementissime
1941 419 2120 463 disseruit
2146 451 2155 462 .
2206 419 2271 462 Si-

1250 471 1486 517 militudine
1515 476 1697 518 nominis
1722 476 1764 519 iri
1801 476 2270 531 capitisdiscrimenfuit

1248 529 1437 574 adduftus
1463 564 1474 586 ‚
1521 548 1616 576 eurn
1660 533 1853 588 Caligula
1886 535 1933 576 ad
1972 551 2116 578 necem
2149 536 2276 591 depo-

1252 587 1428 651 scente3
1475 591 1579 645 quod
1621 591 1852 646 responsum
1898 608 1921 634 a
1968 594 2147 635 Fortuna
2183 597 2272 635 An-

1251 657 1348 689 tiate
1379 646 1587 702 accepisset
1614 681 1624 700 ‚
1669 663 1711 691 ut
1757 662 1919 692 caveret
1951 666 1973 691 a
2007 652 2177 693 Callio:
2234 649 2272 692 id

1251 720 1391 747 autem
1434 706 1663 760 pertinebat
1707 706 1755 748 ad
1789 707 2007 748 Chaeream
2041 709 2225 750 Cassium
2258 738 2271 760 ,

1250 761 1360 813 cujus
1395 778 1518 806 manu
1550 766 1743 806 occubuit
1779 794 1788 804 .
1837 765 1963 817 Syriae
1999 764 2277 818 praefeE‘curarn

1251 835 1273 860 a
1305 820 1482 863 Claudio
1514 822 1673 875 accepit
1701 852 1712 873 ‚
1745 837 1791 863 ac
1825 821 2083 876 pontificiam
2117 822 2278 872 Judaeo-

1253 892 1343 920 rurn
1378 878 1519 921 stolam
1556 879 1727 922 luminis
1764 878 1961 921 sumtibus
1992 911 2003 930 ,
2037 880 2081 922 ὃς
2115 879 2279 933 magni-

1250 935 1418 978 ficentia
1450 936 1701 978 elaboratam
1731 967 1741 988 ‚
1785 951 1873 992 quae
1919 937 2027 990 prius
2061 954 2082 978 a
2119 938 2277 980 Roma-

1252 992 1317 1034 nis
1364 993 1651 1036 adservabatur
1679 1025 1691 1046 ,
1735 993 1778 1035 &
1828 995 1974 1045 Judteis
2022 994 2278 1048 poscentibus

1250 1050 1297 1091 ad
1326 1050 1627 1092 Sacrificiorum
1659 1050 1773 1092 usum
1801 1064 2066 1104 premebatur
2087 1084 2098 1104 ‚
2131 1067 2278 1107 quam-

1250 1123 1325 1162 que
1358 1109 1554 1150 Tiberius
1588 1109 1629 1149 in
1664 1108 1899 1158 Judaeorum
1936 1109 2173 1162 potestatem
2210 1124 2273 1152 re·-

1252 1164 1447 1207 tulerat:
1497 1165 1655 1207 Cassius
1688 1196 1700 1217 ‚
1747 1180 1795 1207 ne
1841 1165 1938 1220 quid
1990 1165 2191 1208 Romanis
2222 1181 2273 1210 ex

1250 1224 1420 1278 antiquo
1463 1221 1548 1273 jure
1589 1223 1838 1274 decederet,
1892 1224 1934 1264 in
1980 1225 2272 1268 Romanorum

1253 1280 1403 1334 redegit
1437 1279 1658 1322 custodiam
1687 1311 1696 1320 .
1741 1281 1842 1333 (λης
1869 1280 1982 1323 causa
2008 1282 2156 1332 Judaeis
2190 1280 2272 1324 fuit

1252 1337 1468 1391 legationis
1493 1338 1705 1380 mittendae
1729 1340 1776 1378 ad
1804 1337 2026 1381 Claudiurn
2054 1370 2062 1379 .
2112 1341 2277 1394 Quam-

1252 1395 1310 1437 vis
1343 1395 1535 1437 duc‘trinae
1570 1395 1700 1450 magis
1721 1426 1733 1445 ‚
1767 1410 1892 1450 quam
1927 1395 2041 1438 bellis
2075 1408 2275 1450 vacaret53

1253 1451 1390 1506 prisce
1422 1465 1562 1496 tamen
1590 1451 1816 1506 disciplinae
1847 1452 2146 1496 iludiosiisimus
2178 1453 2271 1496 fuit.

1250 1511 1537 1554 lvieherdatem
1570 1511 1765 1553 deducere
1799 1509 1915 1561 jussus
1944 1543 1956 1564 ‚
2003 1524 2189 1554 metuens
2223 1527 2275 1554 ne

1251 1568 1479 1612 enucleando
1524 1568 1829 1623 languescerent
1875 1569 2135 1611 barbarorum
2184 1567 2282 1611 ani-

1252 1625 1308 1667 mi
1339 1642 1350 1679 3
1386 1642 1486 1669 neve
1520 1626 1687 1680 perfidia
1722 1640 1981 1668 mutarentur
2015 1627 2042 1668 ii
2073 1657 2086 1679 ,
2130 1642 2151 1668 a
2183 1626 2277 1682 qui-

1252 1684 1320 1726 bus
1366 1684 1624 1727 Meherdates
1670 1684 1714 1726 in
1752 1685 1908 1737 Regem
1945 1683 2220 1738 postulabatur
2253 1699 2268 1738 ς

1253 1741 1378 1795 praelii
1438 1741 1727 1785 committendi
1787 1741 2054 1796 urgendzeque
2100 1741 2155 1784 rei
2199 1758 2274 1784 au-

1249 1799 1334 1840 &or
1364 1813 1453 1842 erat
1479 1831 1489 1842 .
1534 1800 1606 1842 Sed
1641 1800 1679 1841 id
1710 1799 1926 1842 consilium
1961 1799 2097 1842 fraude
2133 1798 2274 1855 negle-

1248 1856 1360 1899 &um
1394 1858 1443 1899 ab
1479 1860 1588 1911 Rege
1622 1857 1807 1899 Arabum
1839 1858 2003 1899 Abbaru
2037 1888 2046 1898 .
2083 1858 2272 1911 Quamo-

1253 1916 1362 1957 brem
1390 1914 1654 1957 Meherdates
1676 1930 1721 1956 ea
1749 1929 1864 1956 mora
1892 1914 2062 1956 nudatus
2077 1914 2268 1967 auxiliis,

1251 1972 1380 2026 postea
1427 1971 1653 2014 infeliciter
1703 1971 2004 2027 imparibusque
2033 1972 2161 2026 copiis
2197 1987 2270 2024 pu-

1251 2044 1381 2084 gnans
1414 2029 1457 2071 in
1492 2030 1667 2072 hostium
1702 2030 1942 2084 potestatem
1975 2028 2027 2070 est
2054 2028 2234 2071 redaeius
2258 2059 2269 2073 .

1249 2089 1265 2139 (
1295 2089 1359 2138 b)
1409 2086 1768 2142 Supplicationum
1810 2085 2089 2142 frequentiam
2121 2087 2174 2128 ob
2204 2086 2274 2130 de·

1250 2144 1515 2188 bellationem
1550 2145 1794 2188 Parthorum
1821 2176 1833 2198 ,
1877 2143 2117 2187 auci-oritate
2153 2143 2217 2186 sua
2251 2175 2266 2197 ,

1249 2203 1531 2255 compescuit:
1576 2202 1796 2257 austorque
1841 2200 1918 2245 fuit
1949 2200 2269 2245 dividendorum

1247 2257 1404 2302 dierum
1441 2260 1485 2301 iri
1517 2259 1646 2303 sacros
1672 2291 1684 2312 ‚
1725 2260 1768 2302 ἃ
1801 2257 2028 2314 negotiosos
2055 2273 2067 2310 3
2114 2273 2163 2300 ne
2195 2273 2269 2301 an-

1250 2331 1323 2359 nus
1366 2328 1474 2359 totus
1519 2316 1883 2372 supplicationibus
1929 2316 2206 2358 traduceretur
2251 2347 2264 2370 ,

1248 2374 1274 2417 fi
1315 2390 1386 2430 pro
1420 2375 1709 2417 Romanorum
1743 2372 1940 2416 felicitate
1976 2373 2066 2415 Diis
2098 2388 2269 2428 ageren-

1248 2445 1313 2475 tur
1345 2431 1483 2485 gratiae
1506 2463 1517 2484 ,
1561 2443 1723 2488 quantae
1753 2430 1998 2474 deberentur
2027 2462 2035 2471 .
2082 2431 2269 2486 Compe-

1249 2489 1399 2533 scendae
1431 2489 1663 2532 Puteolanae
1700 2487 1887 2532 seditioni
1916 2504 1937 2530 a
1965 2488 2117 2531 Senatu
2149 2488 2265 2533 datus

1248 2547 1390 2591 invitis
1412 2578 1424 2600 ‚
1465 2559 1630 2602 propter
1663 2545 1841 2590 nimiam
1875 2545 2132 2589 severitatem
2166 2546 2267 2603 ipse-

1248 2618 1333 2648 met
1365 2605 1583 2660 postulavit
1611 2637 1624 2659 ‚
1655 2617 1710 2648 *ut
1743 2603 1959 2660 negotium
1992 2604 2112 2646 alteri
2147 2618 2267 2646 man-

1245 2663 1407 2706 daretur
1437 2695 1446 2706 .
1498 2662 1674 2705 Pedanio
1719 2662 1904 2705 Secundo
1938 2661 2124 2715 praefeclo
2157 2659 2267 2704 urbis

1247 2720 1380 2764 servili
1414 2735 1541 2762 manu
1565 2721 1811 2764 obtruncato
1831 2751 1843 2772 ,
1877 2718 2101 2761 multitudo
2128 2716 2263 2760 servo-

1247 2793 1337 2821 rnm
1355 2808 1367 2829 ‚
1399 2792 1573 2833 quorum
1590 2778 1692 2819 tueri
1709 2777 1928 2820 dominum
1945 2778 2162 2826 intererat,
2177 2790 2265 2828 poe-

1246 2851 1317 2879 nas
1338 2834 1431 2878 dare
1457 2835 1706 2890 cogebatur:
1738 2835 1814 2876 Sed
1839 2832 1933 2886 quia
1948 2832 2047 2875 hinc
2065 2831 2176 2886 plebs
2190 2848 2264 2888 pro

1244 2892 1476 2949 aliquorum
1510 2889 1749 2934 innocentia
1779 2906 1791 2944 3
1835 2888 1955 2933 illinc
1985 2890 2158 2932 Senatus
2190 2906 2261 2945 pro

1244 2949 1508 2995 dominorum
1542 2947 1751 2993 securitate
1784 2949 1992 3007 certabat3
2024 2948 2184 2991 Cassius
2214 2949 2262 2992 in

2177 3021 2186 3047 i
2210 3021 2268 3050 ie-

180 3077 1197 3090 ——-.——--—.--—a-————---—————-—-
1248 3080 2184 3091 —-————-..0.›----—-——-—-——-—--
2194 3078 2268 3094 -ῃ

234 3106 308 3146 [a]
337 3110 389 3138 De
414 3109 469 3139 hoc
496 3111 628 3142 Sveton-
659 3110 694 3140 in
720 3110 826 3151 Calig.
856 3120 880 3140 c.
901 3118 951 3148 55.
982 3109 1079 3141 Dion.
1096 3112 1119 3142 1.
1140 3119 1192 3150 59.

190 3151 296 3195 infin.
324 3152 433 3188 Tacit.
460 3154 484 3188 l.
502 3157 554 3187 26.
570 3165 648 3190 ann.
668 3159 738 3197 eap-
755 3166 787 3197 7.
803 3153 842 3188 <5
858 3165 891 3196 9.
916 3157 1053 3195 Svetou.
1068 3154 1104 3194 in
1118 3156 1190 3190 Ne-

1242 3122 1309 3144 ron.
1339 3119 1464 3153 (πως.
1491 3110 1521 3142 δε
1536 3109 1645 3143 Tacit.
1664 3107 1757 3146 libas.
1777 3120 1806 3148 3·
1828 3109 1867 3145 (ς’
1893 3116 1944 3149 14.
1967 3106 2257 3145 annal.&lib.12·

1290 3155 1370 3200 [b]
1401 3155 1511 3191 Tacit.
1538 3153 1597 3195 lib.
1623 3164 1673 3189 η.
1690 3157 1802 3193 annal.
