2596 3479
203 136 307 204 238

867 120 1010 175 DE
1091 109 1697 183 LEGIBUS,

202 210 426 255 hominum
462 202 692 249 inconsulta
727 198 924 243 facilitas.
959 193 1081 237 Unde
1116 195 1238 235 inter·
1300 185 1411 239 bos;
1460 203 1509 231 ex
1542 191 1673 233 tribus
1706 203 1801 233 vero
1834 187 1955 233 servis
1981 219 1993 243 a
2038 205 2121 236 non
2155 191 2289 248 plures
2319 225 2335 250 θ

200 267 360 320 cedenti
396 264 559 308 mulieri
597 260 862 305 Vellei'anum
897 251 1127 304 succurrit,
1160 263 1261 312 non

201 325 372 371 donanti
408 340 416 365 τ
471 319 638 365 liberius
681 315 794 359 enirn
842 312 1038 354 mulieres
1070 319 1245 371 pro-mit-

203 398 295 429 tunt
326 416 337 438 ‚
371 397 494 439 quam
529 378 709 420 donant.
743 373 937 414 Praeterea
969 371 1153 411 Romam
1185 362 1241 405 fa-

203 444 282 487 cile
330 435 627 496 patrimonium
684 434 794 474 suum
830 430 872 471 in
902 426 1063 469 funeris
1095 424 1246 466 sumtus

203 500 493 547 effundebant3
528 505 571 536 ut
603 491 767 546 posteris
799 488 879 538 (*)
911 482 1169 544 opulentiam
1201 494 1244 521 o-

208 560 428 603 stentarent
453 585 466 606 ,
498 553 540 594 ἃ
575 549 706 592 servos
738 544 965 588 liberabant
996 573 1008 594 ‚
1040 552 1084 583 ut
1120 536 1244 592 pilea·

207 618 241 659 ti
278 613 411 657 liberti
446 610 661 653 funebrem
696 618 890 659 pompam
923 598 1245 645 comitarentur.

209 672 335 717 Unde
374 703 386 723 ‚

207 732 305 774 dum
338 727 456 771 autoto
487 757 498 777 ‚
531 722 663 766 servili
695 719 890 775 sanguine
922 716 1015 759 urbs
1048 711 1247 768 polluere-

208 803 275 832 tur
298 803 315 838 ,·
350 782 617 828 inhibendam
649 777 723 822 esse
751 775 912 820 censuit
938 770 1140 827 Augustus
1161 782 1246 809 ma·
1269 798 1272 800 —

211 841 466 888 numittendi
499 837 715 882 licentiam
738 866 747 877 .
792 830 1029 886 Quominus
1059 824 1250 870 assentior

214 904 263 948 iis
283 935 295 955 ,
328 900 397 958 qui
420 908 625 953 negarunt
659 894 744 948 lege
776 891 890 934 Fusia
921 885 1105 930 Caninia
1137 896 1251 926 com-

215 958 411 1017 prehendi
445 949 832 1000 fideicommissar'ias
867 946 1073 1006 libertates
1096 957 1133 1005 3..
1159 954 1251 994 pro-

214 1031 351 1075 pterea
382 1015 487 1071 quod
509 1010 722 1055 heredibus
744 1007 786 1048 in
811 1004 929 1048 servis
956 1002 1136 1044 dominii
1166 1010 1254 1052 pars

215 1077 351 1132 aliqua
398 1070 557 1127 supersit
587 1100 600 1120 ‚
645 1079 791 1117 nempe
835 1061 922 1113 jura
966 1067 1208 1114 patronatus
1243 1084 1254 1104 ,

213 1150 302 1190 quae
333 1130 461 1173 danda
495 1120 862 1171 fideicommiffaria
882 1117 1094 1168 libertate,
1126 1111 1256 1173 adhuc

217 1193 261 1235 in
306 1186 450 1231 herede
496 1192 741 1240 permanent
767 1209 777 1220 .
823 1176 934 1220 Huic
976 1173 1089 1216 enim
1124 1183 1259 1231 conie-

215 1250 337 1292 &urae
382 1240 596 1299 Papiniani
639 1238 725 1290 (a)
767 1232 1053 1278 auetoritatem
1083 1241 1257 1283 opponi·

216 1322 311 1350 mus
339 1335 353 1356 ,
386 1301 491 1356 apud
523 1312 644 1355 quem
678 1295 748 1337 lib.
771 1308 837 1335 22.
869 1288 997 1346 quast.
1027 1286 1190 1329 testator
1209 1282 1259 1325 ab

221 1360 437 1406 heredibus
465 1358 574 1413 petit
605 1387 618 1408 ,
660 1365 704 1395 ut
733 1366 786 1394 eit
814 1349 945 1390 vtribus
965 1378 977 1399 ,
1009 1358 1108 1399 quos
1139 1341 1260 1404 habe-

223 1423 291 1464 bat
315 1452 328 1473 ,
375 1416 493 1460 servis
521 1446 534 1467 ,
584 1425 714 1454 unum
747 1407 790 1449 δε
822 1405 997 1447 alterum
1031 1410 1259 1443 manumit-

219 1491 284 1522 tat
311 1493 324 1530 3
356 1475 491 1529 itaque
524 1472 570 1513 in
602 1465 776 1519 jubendo
810 1463 935 1505 servat
955 1459 1055 1514 legis
1077 1456 1259 1499 modum.

222 1537 314 1578 Cur
344 1544 535 1588 praeterea
568 1523 731 1569 Paullus
751 1520 834 1562 ¹lib.
859 1518 1004 1574 fingul.
1036 1516 1088 1557 ad
1119 1514 1145 1554 l.
1179 1514 1262 1554 Fu-

222 1592 325 1648 fiam
357 1587 577 1634 Caniniam
605 1614 616 1633 ‚
649 1582 712 1632 (b)
745 1588 865 1630 negat
900 1575 1058 1617 servum
1085 1603 1096 1624 ‚
1139 1584 1262 1631 quem

223 1665 297 1706 per
329 1648 460 1700 legem
493 1645 510 1695 (
546 1639 695 1684 scilicet
726 1633 954 1677 Caniniam
987 1631 1003 1681 )
1037 1638 1262 1689 manumit-

226 1720 310 1750 tere
343 1704 503 1747 testator
535 1712 619 1741 non
655 1704 814 1752 poterat
839 1722 851 1743 ‚
883 1701 1086 1746 quemque
1118 1684 1263 1736 alteri,

227 1776 273 1808 ut
307 1759 621 1805 manumitteret
645 1785 660 1807 ,
691 1751 935 1807 legaverat,
969 1744 1071 1801 polle
1103 1760 1125 1785 a
1158 1742 1264 1803 lega-

229 1820 335 1864 tario
383 1811 623 1861 manumitti
663 1842 675 1862 ‚
725 1807 819 1864 quia
860 1807 905 1848 >in
949 1802 1131 1845 fraudem
1169 1799 1266 1850 legis

231 1876 458 1933 parendum
490 1868 695 1914 voluntati
730 1880 810 1907 non
833 1863 953 1914 esset,
985 1860 1151 1922 ideoque
1174 1870 1267 1918 cen-

168 1932 172 1937 *
233 1937 288 1978 set
331 1932 432 1976 servi
475 1925 743 1973 commodum
788 1921 835 1964 ad
869 1920 1110 1978 legatarium
1146 1926 1266 1968 perti-

237 1994 364 2035 nere?
396 1988 521 2031 Unde
554 1986 729 2039 ingenue
763 1995 833 2034 pro
867 1978 931 2019 sua
963 1974 1145 2017 doctrina
1172 2002 1184 2023 ‚
1226 1970 1269 2012 ὃς

216 2047 437 2107 .gravitate
479 2042 673 2094 Cujacius
716 2050 894 2082 errorem
930 2034 1040 2075 suum
1063 2043 1270 2089 ,recogn07

234 2108 308 2151 seit
350 2104 394 2147 &
435 2100 608 2155 corrigit
643 2129 655 2150 ,
701 2097 793 2148 (c)
828 2092 1055 2143 receditque
1088 2103 1110 2128 a
1138 2098 1267 2149 ‘veteri

236 2161 436 2208 sententia
459 2192 469 2201 .
517 2161 700 2211 Negarat
723 2154 838 2195 enirn
863 2148 959 2192 alibi
1000 2178 1012 2198 ,
1051 2145 1269 2208 ‘fideicom-

237 2219 434 2265 missarias
461 2216 667 2260 libertates
700 2210 786 2265 lege
812 2207 922 2250 Fufia
950 2205 1134 2266 Caninia
1154 2216 1272 2243 corn-

238 2275 437 2336 preheudi
460 2290 469 2315 :
505 2272 629 2328 igitur
645 2283 735 2310 non
753 2265 927 2308 diree’cas
954 2261 1158 2302 libertates
1179 2272 1270 2300 tan-

241 2349 333 2379 tum
360 2365 373 2387 ‚
429 2331 489 2374 sed
789 2381 793 2385 ²
835 2380 840 2384 .
974 2377 978 2380 ἡ
1016 2374 1021 2379 “
1264 2371 1269 2376 ⁴

241 2391 414 2436 modum
447 2387 512 2430 lex
544 2383 657 2428 Fufia
688 2383 870 2423 Caninia
902 2376 1046 2429 redigit
1074 2405 1086 2426 ‚
1130 2384 1174 2415 ut
1205 2387 1272 2427 qui

242 2450 343 2494 duos
375 2447 506 2491 servos
538 2443 688 2493 habet,
722 2435 1015 2480 manumittere
1046 2431 1165 2486 possit
1190 2444 1272 2472 arn-

613 2564 963 2584 -ψ--α-ῄ-α·

294 2618 352 2658 (³)
382 2613 479 2657 Quod
508 2611 618 2645 minus
636 2605 807 2641 commode
823 2603 948 2635 dietum
964 2600 1094 2632 videtur
1111 2620 1122 2638 ‚
1150 2597 1276 2630 etiamsi

251 2663 452 2705 posterorum
483 2654 681 2691 vocabulum
712 2662 787 2684 curn
816 2647 964 2690 Caligula
981 2644 1066 2687 apud
1082 2643 1275 2677 Suetonium

251 2709 289 2740 in
323 2706 398 2738 vita
424 2701 516 2742 ejus,
551 2712 575 2733 c·
612 2702 662 2737 38.
692 2696 730 2728 de
761 2697 800 2727 iis
827 2693 902 2725 solis
931 2691 1076 2731 accipere
1107 2688 1275 2725 velimus,

251 2750 309 2794 qui
343 2748 402 2782 filii
431 2748 491 2779 sint
511 2769 522 2783 ‚
553 2755 653 2786 neque
686 2741 831 2785 posteros
858 2739 945 2770 ultra
974 2735 1059 2767 hunc
1072 2732 1209 2775 gradum
1227 2742 1276 2774 ap-

252 2795 377 2839 pellare
395 2792 603 2825 sustineamus
623 2811 631 2818 .
1058 2823 1063 2830 ι

299 2840 361 2881 (a)
410 2839 445 2868 L.
465 2833 556 2875 22.fi
572 2831 730 2874 legatario
751 2827 786 2871 ff
806 2830 843 2860 de
855 2826 1020 2868 fideicom.
1036 2822 1146 2856 hbm.

303 2885 353 2926 [b]
383 2886 418 2915 L.
435 2880 463 2921 [ἱ
478 2880 549 2921 quis
565 2889 633 2909 eum
653 2886 701 2914 37.
716 2873 755 2918 ff.
773 2874 810 2904 de
825 2873 940 2905 condit.
958 2870 994 2901 (9⁸
1009 2869 1132 2900 demon.

322 2931 356 2968 c)
390 2929 466 2960 Tit.
494 2929 527 2956 C.
544 2925 580 2954 de
589 2921 749 2963 fideicom.
765 2917 910 2950 libertae.

324 2975 364 3013 d)
395 2971 527 3004 Paullus
551 2969 635 3008 senr-
670 2963 730 2997 tib.
747 2973 780 3000 4.
816 2963 871 2994 tit.
894 2971 942 2998 14·
973 2958 1137 3001 Ulpianus
1162 2956 1283 2998 fragm.

259 3031 317 3055 8⁸3.
338 3030 364 3050 1.

307 3063 364 3104 (e)
404 3058 565 3101 DistinHe
582 3054 692 3093 cujac·
710 3053 752 3085 ad
765 3050 821 3085 lib.
834 3061 868 3088 4.
884 3048 985 3081 Paull.
998 3049 1087 3087 sent.
1105 3047 1158 3079 tit.
1180 3057 1230 3083 14-

319 3108 396 3149 (⁴‘'‘)
428 3104 524 3147 Quod
567 3103 593 3135 is
621 3111 661 3133 ex
691 3094 963 3140 superabundanti
990 3093 1092 3124 secisse
1121 3091 1250 3123 videtur
1275 3101 1282 3121 z

277 3165 353 3187 cum
381 3151 472 3184 enim
503 3150 555 3181 lex
584 3146 623 3178 ad
650 3144 753 3176 solam
766 3140 1049 3174 manumissionem
1067 3147 1121 3177 per
1134 3137 1307 3182 ultimam'.
1348 3130 1433 3165 reete
1468 3127 1545 3162 ideo

272 3199 480 3232 voluntatem
496 3192 676 3238 pertineret
690 3211 701 3232 ,
732 3188 818 3222 inter
844 3186 938 3219 vivos
951 3191 1060 3217 autern
1072 3181 1175 3216 etiam
1191 3181 1275 3214 inte·

433 683 482 712 ne
529 665 771 708 libertorum
805 673 980 703 numero
1015 656 1125 710 supra
1160 656 1269 694 mo-³

543 2329 586 2371 &
635 2319 1020 2369 fideicommissarias
1068 2316 1177 2358 hunc
1227 2315 1294 2356 ad·

1296 259 1422 299 quam
1454 261 1558 309 unus
1583 280 1595 301 ,
1627 249 1670 290 &
1701 247 1804 291 alter
1836 246 2221 294 manumittantur:
2267 254 2333 305 (d)

1298 301 1516 366 subductis·
1542 320 1681 349 autem
1723 306 1875 349 duobus
1930 306 2049 362 usque
2081 307 2127 349 ad
2160 309 2299 352 decem
2322 339 2334 359 ‚

1298 375 1387 423 pars
1417 361 1589 404 dimidia
1618 395 1630 415 ,
1672 380 1696 407 a
1728 364 1784 404 X-
1815 364 1936 419 usque
1970 364 2016 405 ad
2049 366 2191 408 XXX.
2241 381 2330 420 pars

1297 428 1416 459 tertia
1439 433 1458 470 ς
1488 434 1512 460 a
1539 422 1681 464 XXX.
1714 420 1835 476 usque
1867 422 1914 463 ad
1947 422 1999 462 C.
2034 437 2123 477 pars
2155 435 2334 478 quarta;

1296 490 1318 516 a
1349 475 1403 516 C.
1431 476 1558 541 ‘usque
1590 478 1638 520 ad
1671 479 1724 520 D.
1757 494 1847 533 pars
1879 479 2021 534 quinta
2054 511 2066 531 ‚
2099 494 2249 534 nempe
2281 481 2337 522 C.

1296 544 1342 575 ut
1374 547 1460 575 non
1495 534 1614 578 liceat
1637 534 1747 579 hunc
1770 551 1990 579 numerum
2011 537 2230 589 excedere,
2264 536 2336 580 etsi

1298 588 1432 658 plures
1458 623 1471 645 ‚
1501 608 1626 656 quarn
1662 594 1716 635 D.
1751 593 1848 636 servi
1883 594 2154 647 possideantur
2179 625 2188 634 .
2233 595 2250 646 (
2275 610 2293 636 e
2319 595 2336 645 )

1301 649 1422 712 Uriae
1470 652 1667 705 Vopiscus
1700 651 1742 693 in
1775 650 1928 692 Tacito
1957 682 1969 701 ‚
2018 651 2298 704 (**)servos
2322 682 2336 704 ‚

1300 717 1438 760 inquit
1471 738 1484 760 ,
1513 706 1742 761 manumisit
1774 709 1881 749 intra
1911 718 2064 748 centum
2085 738 2097 758 ,
2130 724 2176 748 ne
2206 709 2338 750 Cani-

1300 765 1409 805 niam
1439 763 1630 820 transitffe
1660 765 1863 807 videretur
1893 793 1903 804 .
1946 762 2025 816 (f)
2059 764 2233 806 Constat
2263 779 2336 808 au-

1301 834 1384 885 tem
1423 852 1435 874 ‚
1488 825 1776 865 Romanorum
1821 835 1906 863 non
1957 835 2103 874 paucos
2137 820 2338 873 patrimo·

1302 893 1420 922 nium
1450 894 1576 922 omne
1609 879 1724 922 suum
1756 877 1799 920 in
1831 876 1951 921 servis
1981 876 2160 920 habuisse
2192 877 2341 921 consti-

1302 948 1437 999 tutum
1464 968 1474 979 .
1508 936 1682 980 pedanio
1713 936 1828 979 enim
1861 935 2180 990 quadringentos
2210 935 2343 979 servos

1303 994 1448 1036 tribuit
1478 994 1652 1037 Tacitus
1687 1024 1697 1035 .
1740 993 1824 1048 (g)
1857 991 2013 1035 Plinius
2045 1007 2139 1034 vero
2170 991 2343 1034 Caecilio

1307 1050 1459 1095 Isidoro
1489 1064 1663 1106 quatuor
1695 1050 1810 1092 mille
1842 1080 1851 1091 .
1887 1049 2132 1093 Laurentius
2163 1049 2340 1103 denique

1305 1109 1409 1162 apud
1456 1108 1710 1150 Athenaeum
1747 1105 1869 1149 refert
1901 1107 1987 1158 (h)
2020 1105 2170 1162 viginti
2206 1106 2342 1148 millia

1309 1166 1515 1208 servorum
1548 1164 1659 1208 fuisse
1680 1196 1692 1217 ‚
1724 1165 1792 1219 qui
1816 1166 1960 1206 Romae
1983 1163 2220 1218 poffederint
2242 1193 2250 1203 .
2284 1165 2345 1205 At

1304 1222 1334 1265 si
1365 1222 1474 1266 ultra
1506 1223 1677 1265 modurn
1708 1221 1837 1263 danda
1871 1220 2058 1263 libertate
2091 1220 2254 1263 testator
2272 1220 2344 1262 eit-

1309 1279 1490 1323 currisset
1520 1311 1533 1332 ‚
1569 1292 1666 1322 rtum
1697 1278 1904 1333 'scripturae
1933 1278 2033 1322 ordo
2067 1278 2297 1320 servabatur
2328 1308 2343 1330 ‚

1304 1350 1352 1400 ut
1383 1337 1452 1393 qui
1485 1337 1609 1391 primi
1644 1335 1779 1391 scripti
1808 1335 1935 1378 essent
1960 1368 1972 1389 ‚
2006 1336 2031 1378 si
2065 1334 2269 1378 numerati
2292 1333 2350 1376 le-

1309 1396 1505 1449 gitimum
1540 1393 1708 1436 modurn
1740 1393 1990 1435 conficerent
2014 1423 2026 1443 ‚
2060 1391 2348 1443 liberarentur3

1303 1452 1378 1507 qui
1429 1467 1522 1494 vero
1564 1467 1587 1493 a
1630 1450 1728 1501 justo
1773 1464 1945 1492 numero
1979 1449 2253 1502 superessent,
2303 1448 2351 1491 in

1314 1508 1506 1551 lei-vitute
1540 1519 1756 1550 manerent
1794 1538 1802 1548 .
1852 1508 1954 1558 (i)
1996 1506 2143 1548 Altero
2174 1505 2352 1556 ejusdem

1312 1565 1416 1620 legis
1447 1566 1579 1620 capite
1611 1564 1935 1614 continebatur,
1962 1575 2027 1605 ¹ut
2061 1578 2110 1604 ne
2143 1560 2306 1605 confuse
2339 1592 2353 1615 ,

1314 1623 1356 1664 δε
1391 1622 1576 1676 permiste
1607 1652 1619 1674 ‚
1653 1621 1814 1672 veluti,
1840 1620 1978 1673 servos
2007 1636 2110 1662 meos
2136 1651 2148 1673 ‚
2180 1619 2357 1661 ancillas

1310 1695 1419 1721 meas
1450 1679 1591 1721 liberos
1621 1675 1692 1733 effe
1724 1679 1811 1720 volo
1839 1709 1852 1729 ‚
1887 1676 1947 1719 sed
1980 1676 2237 1719 nominatim
2267 1708 2279 1730 ,
2311 1676 2357 1719 &

1313 1737 1498 1780 distincte
1543 1736 1939 1778 manumitterentur
1986 1734 2127 1787 servi,
2178 1732 2306 1776 veluti
2342 1763 2357 1786 ‚

1313 1796 1472 1836 stichus
1497 1826 1509 1845 ,
1546 1796 1710 1843 Dama,
1743 1792 1859 1834 liberi
1883 1791 2000 1844 sunto
2024 1825 2035 1837 .
2071 1791 2356 1844 Quamobrem

1317 1852 1344 1894 si
1376 1851 1610 1907 legitimum
1644 1851 1732 1901 quis
1765 1864 1984 1891 numerum
2017 1846 2354 1890 manumittendo

1315 1908 1530 1952 exceisnset
1554 1939 1566 1960 ,
1596 1907 1720 1959 (*“)
1751 1921 1972 1961 eorumque
2006 1905 2179 1947 nomina
2212 1905 2255 1946 in
2287 1918 2357 1946 or-

1319 1968 1410 2008 bem
1455 1965 1701 2018 confusoque
1744 1964 1886 2005 ordine
1933 1962 2138 2016 scripturae
2171 1960 2351 2014 locasset,

1319 2041 1364 2067 ac
1396 2026 1438 2065 in
1471 2021 1553 2073 ejus
1584 2022 1693 2064 orbis
1725 2036 1816 2063 area
1845 2052 1857 2073 ,
1904 2019 1980 2061 sive
2028 2017 2171 2073 spatio⁰
2187 2017 2359 2072 scripsis-

1322 2082 1374 2123 set
1396 2113 1407 2133 ,
1434 2081 1554 2122 ,liberi
1579 2079 1696 2132 sunto
1728 2095 1742 2118 .·
1778 2077 1990 2120 neminem
2023 2091 2166 2118 eorum
2200 2074 2355 2129 placuit
2398 2119 2400 2121 ,

1321 2138 1393 2181 effe
1427 2138 1599 2180 liberum
1628 2168 1645 2189 .,
1690 2151 1784 2178 cum
1818 2137 1862 2177 in
1896 2133 2049 2177 circulo
2082 2148 2165 2175 non
2200 2143 2356 2188 pateret

1324 2199 1426 2238 unde
1459 2196 1672 2237 duceretur
1705 2193 1913 2248 legitimus
1946 2206 2138 2234 numerus
2158 2220 2171 2242 ,
2203 2187 2356 2231 autubi

1325 2253 1488 2294 tandem
1519 2252 1655 2306 aliqua
1686 2266 1735 2293 ex
1770 2247 1880 2303 part‘e
1900 2249 2040 2290 ductus
2062 2246 2253 2288 insisteret
2274 2276 2285 2296 ,
2313 2256 2359 2287 ut

1324 2311 1436 2352 enim
1470 2309 1637 2350 Ocellus
1671 2310 1855 2349 Lucanus
1886 2305 1944 2347 ait
1965 2336 1977 2356 ‚
2021 2304 2208 2346 Cli-culus
2239 2303 2362 2344 undi-

1325 2383 1399 2422 que
1420 2363 1569 2419 fimilis
1587 2396 1599 2417 ‚
1631 2362 1686 2406 θ’
1717 2363 1903 2418 aequalis,
1935 2362 2020 2403 ideo
2042 2360 2127 2414 fine
2145 2359 2356 2413 principio,

1325 2424 1379 2468 (9¹
1403 2423 1489 2477 fine
1521 2452 1532 2464 .
1577 2423 1636 2464 At
1677 2419 1705 2462 fi
1737 2418 2026 2463 communibus
2056 2415 2164 2459 notis
2196 2415 2359 2458 testator

2274 2472 2362 2517 usus

1909 2553 2013 2563 ..--
2122 2549 2360 2563 -,--.,,,-

1330 2604 1392 2635 grae
1422 2591 1555 2623 ramiiiae
1584 2589 1779 2622 manumitti
1814 2588 1936 2629 possent
1954 2609 1962 2622 ,
2000 2584 2240 2627 mentemlegis
2253 2583 2357 2616 etia-m

1337 2641 1369 2669 in
1385 2635 1634 2667 manumissione
1650 2635 1734 2665 inter
1751 2633 1846 2664 vivos
1863 2631 2006 2665 servavit
2029 2654 2038 2663 .

1378 2681 1449 2720 (f)
1484 2680 1563 2710 Vide
1576 2677 1692 2714 Caium
1711 2679 1745 2709 in
1761 2677 1817 2709 tib.
1839 2688 1867 2709 2.
1889 2679 1945 2709 rit.
1964 2688 1993 2708 2·
2015 2673 2122 2716 Instit-

1380 2724 1442 2766 (ς)
1470 2724 1594 2755 Annal.
1617 2734 1665 2760 14-
1686 2731 1752 2764 cap.
1774 2733 1824 2760 43.
1844 2722 1926 2753 Plin.
1944 2720 2002 2754 lib.
2023 2730 2072 2759 37.
2090 2725 2156 2759 cap.
2178 2725 2228 2748 ¹0·

1378 2770 1437 2810 (h)
1466 2771 1501 2800 L·
1525 2772 1559 2800 6.
1577 2779 1608 2798 n.
1633 2777 1703 2807 137.
1721 2769 1893 2800 Senecas-te
1908 2766 2078 2807 tranquill.
2099 2769 2166 2804 cap.
2185 2763 2217 2792 8.

1379 2816 1431 2855 (i)
1463 2810 1561 2849 Caius
1579 2811 1687 2851 [nstin.
1706 2810 1762 2843 lib.
1789 2821 1813 2841 1.
1829 2819 1892 2852 cap⁴
1917 2821 1946 2841 2.

1386 2859 1482 2900 (ΜΝ)
1511 2855 1607 2898 Quod
1624 2857 1644 2888 si
1661 2857 1746 2887 intra
1765 2864 1935 2886 numerum
1957 2850 2139 2885 manumissi
2153 2850 2253 2883 effent
2268 2872 2278 2887 ,
2295 2859 2367 2882 om-

1342 2917 1401 2939 nes
1421 2904 1516 2937 liberi
1535 2901 1624 2934 tuisse
1642 2900 1797 2932 videniur
1812 2919 1821 2934 ‚
1853 2899 1929 2940 quia
1944 2899 2024 2930 certi
2040 2907 2153 2928 omnes
2170 2897 2199 2927 ἃ
2215 2897 2367 2928 nomina-

1342 2953 1366 2983 ri
1390 2974 1398 2982 .
1426 2948 1636 2980 Dicebantur
1663 2954 1774 2977 autem
1789 2944 1822 2975 in
1837 2942 1963 2975 circulo
1979 2940 2160 2974 manumiffi
2177 2941 2278 2972 etiam
2298 2950 2368 2971 ma-

1349 2994 1477 3028 numissi
1497 2994 1531 3025 in
1553 2992 1630 3023 orbe
1646 2990 1769 3022 tereti.
1798 2993 1910 3022 Graeee
1939 2986 2120 3027 διεζεδικως
2135 2985 2194 3018 καί
2211 2985 2370 3022 bunnam,

1349 3042 1388 3074 de
1421 3039 1539 3082 quibus
1573 3035 1730 3068 videndus
1759 3033 1927 3066 Merillius
1953 3032 2024 3071 Obfi
2044 3033 2123 3063 beI.
2141 3042 2163 3062 c.
2181 3040 2237 3067 40.
2255 3032 2308 3071 qui
2326 3036 2374 3059 ta-

1351 3097 1426 3119 men
1455 3084 1488 3116 in
1528 3082 1675 3119 circum,
1711 3080 1740 3111 3<
1769 3078 1897 3110 confuse
1927 3086 2048 3109 mariun
2066 3076 2137 3107 isses
2163 3071 2371 3110 confundit,

1579 3133 1715 3160 notatus
1742 3123 1784 3157 ab
1815 3127 1963 3157 Autome
1988 3119 2194 3164 Schultingio
2207 3120 2248 3152 ad
2264 3114 2378 3155 Caium

1349 3186 1380 3219 1,
1396 3187 1426 3209 2·
1447 3183 1496 3213 13.
