2596 3479
793 88 1130 166 Jours
1211 91 1313 148 <31
1360 87 1724 144 viLIS.

2278 102 2353 156 97

229 168 354 213 rarius
385 164 617 212 concurrit.
649 164 785 210 Nobis
817 179 950 219 certe,
983 178 1028 210 ut
1060 181 1140 222 prae
1165 178 1268 211 cete·
1322 165 1566 210 laudabilem
1598 178 1767 230 operam
1801 159 1982 218 praestitit
2009 175 2018 202 τ
2060 160 2119 204 sed
2152 162 2235 218 post
2269 162 2372 206 redi„

228 227 283 269 ris
314 237 453 268 acutus
475 256 486 278 ,
518 224 561 267 &
591 224 834 280 explicando
868 225 1071 280 perbrevis
1093 257 1104 279 ‚
1136 225 1179 268 δε
1203 240 1271 267 ex-

226 282 384 338 peditus
414 284 679 336 Goveanus,
723 282 779 325 ita
821 282 865 326 δι
907 281 953 324 in
998 282 1270 338 reprehensio-

226 354 280 382 ne
327 351 548 396 veterum,
599 340 742 395 quibus
783 338 847 382 vel
892 339 1046 382 invitus
1091 341 1270 384 multum

227 395 312 462 ipse
342 398 458 443 debet
492 429 504 453 ,
553 399 736 455 ingratus
768 397 928 442 videtur
948 429 960 452 ‚
992 398 1036 441 c&
1069 398 1269 443 immode-

229 466 356 499 ratior
380 487 389 498 .
740 485 748 487 >

355 571 397 616 C
456 575 498 617 A
559 571 590 616 P
650 572 695 615 U
756 572 800 614 T
889 571 1139 616 CLXXIII.

603 689 671 733 De
699 687 878 731 Budaeo.

327 802 484 859 Roprio
510 819 607 849 vero
634 796 762 847 marte
789 803 832 848 in
858 802 944 855 jure
969 801 1082 848 civili
1110 801 1272 846 Budaeus

347 861 542 916 profecit,
564 862 805 906 emendator
832 861 963 917 magis
989 862 1187 905 librorum
1210 859 1267 911 ju-

226 917 281 960 ris
302 949 313 970 ,
334 934 458 974 quam
484 920 714 975 interpres:
741 935 814 963 nec
843 932 926 962 tam
956 922 1094 976 legum
1116 951 1127 972 ‚
1148 934 1270 975 quarn

224 976 467 1019 eruditionis
496 993 636 1021 earum
661 978 802 1022 dofftor
828 1009 836 1020 .
872 979 973 1020 Non
1003 977 1134 1021 alium
1159 976 1272 1019 enim

226 1032 262 1075 se
296 1035 450 1089 praestat
481 1035 525 1078 in
557 1036 632 1078 suis
664 1036 712 1078 ad
746 1035 963 1078 Pandee‘cas
994 1033 1268 1077 adnotationi-

226 1089 299 1133 bus
324 1108 332 1132 :
370 1092 438 1134 ubi
471 1093 605 1136 nescio
635 1109 707 1136 cur
739 1093 866 1135 homo
891 1093 1148 1148 gravissimus
1175 1092 1272 1134 adeo

225 1145 298 1190 fibi
325 1149 532 1204 indulgeat
562 1182 573 1204 ,
605 1150 647 1193 Sc
681 1150 913 1193 blandiatur
941 1151 983 1193 in
1013 1148 1272 1193 Accursianis

223 1202 516 1269 interpretibus
536 1207 895 1263 reprehendendis,
931 1224 952 1250 a
978 1208 1122 1262 quibus
1148 1206 1270 1249 scien-

223 1273 282 1307 tia
314 1265 496 1308 vincitur
527 1282 539 1319 3
585 1266 772 1320 quamvis
803 1265 1034 1308 eruditione
1068 1279 1141 1318 pro
1168 1276 1273 1305 tem-

226 1335 374 1376 porum
398 1324 632 1366 conditione
661 1325 883 1365 vincantur
912 1353 920 1363 .
955 1323 1090 1364 Natus
1115 1321 1168 1362 est
1194 1322 1273 1363 Bu-

225 1379 330 1422 daeus
356 1381 528 1423 Lutetiae
557 1379 701 1422 illustri
733 1380 823 1422 loco
851 1410 858 1420 .
914 1380 953 1421 Is
981 1380 1113 1433 prima
1136 1377 1269 1421 adole-

226 1436 377 1480 scentia
410 1438 452 1481 in
485 1438 774 1481 venationibus
803 1468 814 1490 ‚
857 1436 1024 1493 otioque
1051 1435 1232 1480 traduS’ta
1259 1467 1271 1488 ,

223 1494 432 1551 reliquum
468 1496 564 1539 vitae
601 1496 699 1540 adeo
737 1494 870 1538 studiis
908 1494 1121 1539 literarum
1149 1510 1271 1537 occu·

225 1553 342 1608 pavit
367 1585 379 1607 ,
414 1566 458 1597 ut
491 1569 620 1610 neque
655 1553 782 1596 labori
811 1585 822 1606 ,
857 1567 986 1609 neque
1021 1552 1171 1596 sumtui
1206 1567 1272 1607 pe·

227 1612 404 1666 percerit
435 1628 447 1665 3
494 1612 667 1667 saepeque
702 1612 891 1654 morbum
926 1610 1144 1655 incurrerit
1174 1641 1187 1665 ‚
1231 1608 1274 1652 ἃ

225 1669 322 1712 vitae
357 1668 584 1725 periculum
611 1701 620 1711 .
655 1669 722 1711 Ab
752 1668 913 1712 Lascare
937 1701 949 1723 ,
982 1668 1051 1725 qui
1078 1681 1167 1711 tum
1188 1680 1274 1711 erat

230 1725 275 1770 in
309 1727 449 1770 Gallia
481 1760 493 1781 ‚
528 1727 778 1770 selefflorem
811 1742 951 1783 graecae
987 1728 1135 1782 linguae
1167 1725 1275 1768 noti-

231 1784 336 1827 tiam
368 1786 526 1840 accepit
552 1816 563 1837 ,
595 1800 642 1828 ea
675 1784 898 1840 progressus
929 1784 1137 1828 celeritate
1169 1815 1181 1838 ,
1233 1795 1276 1825 ut

228 1842 423 1898 exemplo
467 1841 725 1898 Apollonii,
773 1842 843 1899 qui
887 1843 1091 1886 Cicerone
1141 1857 1277 1898 graecae

230 1913 374 1943 orante
424 1917 599 1958 graecam
649 1900 929 1956 eloquentiam
975 1901 1023 1943 ad
1066 1904 1278 1944 Romanos

232 1957 476 2001 translatam
509 1959 701 2014 lugebat,
748 1959 874 2002 etiam
908 1958 1093 2002 Lascares
1115 1973 1205 2001 eam
1233 1957 1277 1998 si-

233 2014 274 2057 bi
307 2031 329 2056 a
361 2015 496 2058 Gallis
527 2029 712 2070 ereptam
734 2029 971 2072 quereretur
996 2047 1004 2057 .
1038 2014 1168 2066 Cujus
1201 2014 1279 2056 lin-

233 2087 322 2127 guae
344 2072 558 2116 sacrarium
579 2072 855 2116 eruditissimis
875 2072 1188 2116 commentariis
1202 2072 1277 2114 Bu—

231 2130 339 2171 daeus
378 2129 598 2185 posteritati
628 2130 818 2174 reseravit
846 2162 854 2171 .
900 2132 992 2173 Nec
1022 2130 1174 2173 minori
1200 2129 1279 2172 uti—

232 2185 348 2230 litate
394 2188 536 2243 pandit
573 2203 657 2231 rem
695 2187 977 2232 nummariam
1008 2187 1281 2232 eruditissimis

232 2244 279 2288 de
309 2244 383 2288 affe
411 2244 523 2288 libris
561 2262 570 2287 :
622 2262 796 2302 quorum
830 2247 944 2289 causa
968 2245 1035 2289 diu
1061 2246 1107 2290 de
1133 2246 1278 2288 inven-

232 2302 357 2345 tionis
395 2301 510 2347 laude
547 2304 720 2347 certavit
761 2320 856 2348 cum
892 2304 1104 2347 Leonardo
1143 2303 1280 2347 Portio

234 2360 379 2404 Italo:
425 2361 495 2416 qui
535 2362 679 2405 eodem
712 2374 896 2418 tempore
923 2362 1030 2406 idem
1061 2376 1277 2418 argumen-

233 2429 322 2461 tum
357 2419 548 2462 traffiarat
567 2420 725 2476 egregie
750 2452 760 2462 .
795 2423 896 2475 Quae
916 2420 1096 2464 dissensio
1117 2451 1128 2473 ,
1161 2432 1276 2474 utpo—

231 2488 271 2520 te
304 2475 527 2520 hominum
558 2476 944 2522 humanissimorum
969 2508 980 2530 ‚
1026 2492 1095 2532 per
1137 2478 1277 2519 Lasca-

232 2548 321 2576 rem
348 2533 614 2590 interpretem
640 2535 759 2579 facile
790 2536 834 2579 in
868 2534 1130 2579 concordiam
1148 2565 1159 2587 ‚
1192 2533 1278 2576 imo

237 2590 281 2635 &
318 2590 364 2634 in
401 2607 591 2636 mutuam
633 2593 969 2637 benevolentiam
1005 2592 1056 2635 est
1084 2591 1240 2635 redacta
1269 2622 1277 2632 .

237 2648 372 2692 Gallis
406 2651 567 2706 regibus
611 2651 655 2694 in
702 2651 948 2707 gravissimis
997 2649 1276 2706 legationibus

341 2708 446 2761 Jani
466 2710 655 2752 Gravinae
687 2713 787 2752 Tom
816 2711 849 2753 I.

240 2782 344 2796 ——q

270 2818 368 2867 fi‘)
415 2820 540 2853 Omissa
571 2822 700 2855 mentio
727 2823 930 2866 dialogorum
959 2822 1101 2855 Antonii
1128 2820 1274 2863 Augusti-

245 2870 279 2892 ni
311 2864 348 2894 de
374 2867 596 2899 emendatione
623 2869 802 2907 Gratiani,
845 2869 900 2911 qui
928 2870 1111 2900 Terraconae
1137 2868 1276 2907 primum

248 2907 330 2939 ‘din‘
365 2912 459 2950 1587.
501 2921 588 2950 410.‘
621 2914 700 2945 dein
729 2912 864 2954 Parisiis
891 2925 963 2946 cum
990 2914 1078 2944 noris
1108 2911 1275 2949 Balmgii,

245 2951 284 2984 (θ’
318 2954 447 2986 tandem
477 2956 687 3000 Duisburgi‚
716 2970 785 2990 cum
810 2959 897 2991 notis
921 2959 1063 2998 ejusdem
1088 2956 1125 2988 Θ·
1144 2953 1276 2996 Mastri-

246 2997 314 3030 chri
354 3000 439 3046 typis
476 3003 609 3043 repetiti
642 3005 780 3045 fuerunt
805 3026 815 3040 2
843 3003 996 3046 dignique
1023 3003 1123 3040 sunt,
1162 3002 1217 3044 qui
1243 3001 1276 3033 in

247 3041 401 3074 thesauro
427 3045 507 3080 iuris
535 3049 691 3080 canonici
718 3048 881 3080 familiam
906 3049 1054 3085 dixerint,
1083 3057 1119 3080 ut
1145 3047 1180 3079 in
1205 3045 1274 3079 the-

249 3087 344 3138 sauro
369 3089 466 3137 Juris.
489 3090 604 3124 Civilis
631 3094 818 3125 Ottoniano
846 3094 979 3135 reliquis
1005 3092 1166 3135 opusculis
1196 3102 1273 3134 prae-

253 3141 403 3166 mittitur
438 3134 580 3172 eiusdem
607 3138 780 3182 Augustini
807 3139 892 3172 liber
916 3140 954 3172 de
978 3137 1164 3172 nominibus
1191 3140 1276 3170 Pan-

854 2787 957 2796 —n-—o

1295 3176 1313 3199 k

1321 236 1408 267 tum
1436 255 1448 277 ,
1482 239 1575 267 cum
1609 239 1652 266 in
1684 233 1924 277 exoptatam
1960 218 2252 273 solitudinem,
2287 220 2364 264 stu-

1319 281 1559 338 diorumque
1617 281 1779 323 suorum
1825 290 1992 333 portum
2042 276 2076 319 se
2124 277 2374 333 recepisset,

1320 339 1522 382 Francilci
1563 340 1597 381 1.
1631 336 1918 381 benevolentia
1953 334 2031 377 fuit
2064 335 2106 376 in
2139 334 2276 378 aulam
2310 351 2370 379 re-

1321 409 1486 439 vocatus
1511 427 1522 447 ,
1556 408 1676 450 atque
1709 396 1758 437 ab
1789 394 1932 437 eodem
1966 392 2109 448 Regiae
2143 392 2372 435 Bibliothe-

1318 469 1373 496 cae
1405 452 1612 508 praefefi'tus
1638 485 1650 506 ‚
1682 451 1726 495 ὃ(
1758 451 1946 505 magister
1979 450 2224 494 libellorum
2258 466 2373 494 crea-

1320 523 1381 554 tus
1407 543 1419 564 ‚
1452 511 1610 566 ingenti
1637 541 1650 563 ,
1681 526 1728 553 ac
1760 524 1867 551 nova
1901 507 2197 563 significatione
2231 507 2370 551 liono-

1322 570 1372 612 ris
1395 602 1404 612 .
1450 568 1569 611 Misit
1613 567 1727 611 enim
1771 566 1808 609 ei
1841 565 2009 609 demum
2043 566 2277 609 libellorum
2307 565 2364 608 fa-

1321 627 1551 670 sciculum:
1597 641 1678 682 quo
1720 623 1804 676 ejus
1846 623 2029 667 muneris
2077 624 2251 679 possessio
2286 636 2366 666 tra-

1319 685 1402 727 dita
1434 683 1734 739 intelligeretur
1766 714 1775 724 .
1823 682 2012 725 Tandem
2058 698 2151 725 cum
2197 681 2290 725 esset
2322 682 2367 724 in

1320 742 1521 785 comitatu
1576 741 1744 795 Regio,
1799 740 1846 782 ad
1890 755 2006 782 oram
2055 739 2315 782 maritimam
2349 770 2363 792 ‚

1319 799 1467 842 aestuosi
1499 800 1601 843 aeris
1631 797 1926 851 inclementia,
1961 813 2044 840 non
2071 797 2150 840 sine
2174 796 2368 840 omnium

1322 857 1548 912 lacrymis,
1593 858 1721 901 vitam
1766 856 1970 911 reliquit,
2016 871 2141 898 uxore
2186 853 2369 910 supersti-

1322 928 1358 959 te
1397 948 1408 970 ,
1459 928 1580 970 atque
1624 913 1814 959 undecim
1860 913 2000 956 liberis
2037 928 2048 966 3
2100 911 2233 955 virilis
2276 911 2366 967 qui-

1319 974 1410 1016 dem
1445 973 1555 1016 sexus
1589 972 1741 1027 septem
1769 988 1781 1026 3
1826 971 1868 1014 ὃς
1912 970 2123 1014 muliebris
2156 981 2330 1026 quatuor
2355 1000 2367 1022 ,

1324 1031 1613 1087 septuagesimo
1658 1031 1785 1072 :etatis
1827 1044 1983 1082 anno,
2028 1044 2050 1070 a
2094 1027 2262 1071 Christo
2294 1042 2363 1070 ve-

1323 1105 1366 1132 ro
1399 1101 1495 1131 nato
1528 1089 1716 1131 MDXL.
1760 1088 1834 1130 Sed
1879 1086 2170 1141 aliquantisper
2203 1085 2258 1128 inc
2279 1084 2359 1127 Hi-

1323 1147 1503 1201 spaniam
1537 1146 1808 1188 concedamus
1835 1176 1847 1198 ,
1891 1143 2029 1200 paullo
2064 1145 2147 1200 post
2181 1143 2226 1186 in
2258 1141 2366 1185 Gal-

1323 1204 1422 1247 liam
1454 1202 1620 1246 redituri
1648 1233 1657 1244 .

1450 1317 1490 1360 C
1551 1318 1590 1359 A
1654 1316 1683 1358 P
1742 1317 1786 1358 U
1849 1316 1893 1358 T
1980 1316 2231 1362 CLXXIV.

1571 1432 1638 1476 De
1669 1431 1846 1475 Antonio
1876 1428 2098 1488 Augustino
2119 1462 2128 1474 .

1464 1547 1623 1603 Ispania
1655 1559 1770 1591 vetus
1802 1550 2004 1591 Romanae
2034 1546 2209 1591 fortunae
2244 1546 2361 1602 socia,

1476 1606 1591 1649 sicuti
1636 1606 1794 1649 civium
1842 1606 1991 1649 virtute
2023 1638 2036 1659 ,
2081 1622 2127 1648 ac
2170 1606 2245 1650 fide
2289 1609 2369 1650 mi-

1324 1664 1458 1707 litiam
1493 1667 1784 1707 Romanorum
1815 1663 1883 1707 diu
1908 1663 2087 1707 munivit
2115 1679 2126 1716 3
2161 1664 2215 1706 ita
2236 1664 2278 1705 &
2306 1680 2366 1707 re-

1324 1722 1574 1766 centioribus
1598 1723 1849 1777 temporibus
1874 1722 2097 1765 eorundem
2124 1721 2234 1764 fulfit
2259 1721 2365 1778 leges

1326 1795 1395 1835 per
1422 1779 1659 1822 Antonium
1686 1780 1962 1833 Augustinum
1985 1796 1994 1820 z
2027 1779 2096 1835 qui
2124 1779 2198 1822 suis
2222 1795 2366 1822 emen-

1325 1838 1540 1881 dationum
1574 1839 1653 1890 (*)
1688 1835 1799 1880 libris
1830 1854 1852 1880 a
1884 1836 2002 1881 civili
2028 1869 2040 1890 ‚
2072 1837 2115 1880 ὃς
2146 1837 2359 1892 pontificio

1326 1894 1410 1947 jure
1437 1895 1544 1939 labes
1569 1895 1742 1938 abstersit
1761 1927 1772 1949 ,
1806 1895 2192 1950 commentariisque
2226 1909 2365 1938 rerum

1327 1953 1591 2010 antiquarum
1625 1957 1768 1996 Romae
1813 1952 1961 1996 veteris
1985 1953 2214 2007 imaginem
2238 1953 2366 2007 poste-

1330 2027 1382 2053 ris
1407 2025 1590 2066 aperuit.
1992 2024 2014 2026 ⁷⁷

1388 2070 1522 2111 Natus
1547 2068 1599 2111 est
1623 2067 1873 2122 Augustinus
1898 2066 2115 2111 illustribus
2138 2065 2358 2117 majoribus

1329 2126 1519 2170 Caesareae
1543 2127 1732 2181 Augustae.
1757 2126 2063 2169 Celtiberorum
2087 2157 2099 2178 ,
2144 2123 2365 2167 humanas-

1330 2200 1405 2240 que
1433 2184 1570 2228 literas
1592 2183 1813 2239 Compluti
1838 2183 2006 2235 didicit,
2040 2182 2083 2225 ἃ
2110 2181 2208 2234 juris
2232 2180 2368 2225 civilis

1332 2242 1553 2297 primordia
1575 2242 1837 2286 Salmanticae
1865 2274 1873 2284 .
1908 2240 2157 2284 Uberiorem
2184 2256 2280 2283 vero
2306 2239 2366 2290 ju-

1331 2302 1381 2344 ris
1403 2301 1632 2344 dofhinam
1658 2300 1814 2355 accepit
1839 2299 2036 2342 Bononiae
2061 2315 2082 2341 a
2110 2299 2269 2341 summo
2298 2298 2370 2349 Ju-

1331 2360 1567 2403 risconsulto
1600 2360 1758 2411 Joanne
1792 2357 1934 2406 Paullo
1969 2356 2116 2400 Parisio
2142 2354 2369 2399 Consenti-

1330 2433 1384 2460 no
1408 2449 1420 2470 ,
1464 2417 1506 2460 ὃς
1533 2416 1699 2459 Alciato
1727 2433 1738 2469 3
1773 2416 1927 2459 Patavii
1955 2431 1976 2457 a
1994 2414 2204 2456 -Mariano
2231 2412 2373 2455 Socci-

1330 2490 1382 2517 no
1409 2507 1417 2516 .
1450 2475 1573 2517 Unde
1603 2473 1858 2517 florentiam
1886 2471 2111 2528 profePtus‚
2147 2469 2364 2512 Pande&as

1331 2533 1488 2575 Pisanas
1530 2531 1763 2574 lustraturus
1790 2562 1802 2584 ‚
1846 2533 2028 2573 Romam
2067 2528 2100 2571 se
2138 2526 2352 2571 contulit:

1329 2590 1394 2633 ubi
1440 2589 1574 2644 primo
1600 2621 1611 2643 ,
1654 2588 1935 2643 Hispanorum
1974 2586 2143 2629 nomine
2180 2617 2192 2639 ,
2237 2584 2363 2627 leet-us

1326 2647 1372 2690 in
1429 2646 1671 2703 Collegium
1723 2646 1952 2690 Duodecim
1997 2644 2182 2687 virorum
2227 2642 2366 2742 litibplis

1967 2703 2013 2745 N
2276 2716 2315 2752 iu
2347 2699 2379 2742 i-

2199 2777 2377 2786 ...—-———-=

1324 2817 1512 2856 denarum,
1551 2819 1606 2860 qui
1650 2816 1763 2849 insano
1801 2816 1884 2848 olim
1927 2816 2035 2857 pretio
2060 2813 2287 2847 vendebatur.
2318 2814 2364 2844 De

1326 2863 1394 2905 ipso
1417 2873 1554 2906 quoque
1578 2863 1759 2906 Augustino
1777 2884 1787 2902 ,
1815 2871 1850 2894 ut
1878 2861 2067 2893 merebatur
2099 2859 2162 2892 viri
2187 2858 2331 2898 dignitas
2349 2877 2360 2896 ‚

1327 2908 1524 2942 &eruditio
1550 2909 1615 2941 late
1640 2908 1798 2941 differunt
1823 2907 1934 2941 Celeb.
1963 2908 2050 2938 Otto
2078 2906 2113 2936 in
2146 2904 2237 2944 Praef.
2263 2903 2301 2932 T.
2318 2903 2351 2932 Ῑ.

1328 2943 1503 2995 Tastris
1525 2961 1556 2995 p.
1573 2959 1604 2985 6.
1634 2954 1672 2986 ᾧ·
1702 2955 1820 2985 TJV
1849 2959 1880 2993 p.
1897 2962 1940 2990 24
1980 2953 2026 2983 Ex
2055 2949 2146 2987 cuius
2171 2948 2267 2981 distis
2290 2957 2348 2988 ap-

1326 3009 1417 3041 paret
1434 3021 1445 3038 ‚
1484 3000 1560 3032 satis
1599 2999 1680 3032 bene
1719 2999 1758 3030 de
1798 2998 1975 3040 Augustino
2014 2996 2158 3028 rationes
2184 2990 2354 3026 subduetas

1325 3045 1466 3078 habuiffe
1494 3045 1667 3086 nostrum,
1695 3054 1770 3077 cum
1795 3044 1901 3077 vitam
1925 3040 1994 3079 ejus
2020 3041 2126 3075 literis
2151 3037 2345 3073 tradendam

1326 3090 1521 3133 suscipere.
