2596 3479
632 58 779 114 ET
871 60 1946 117 x11.TABULARUM.
2256 83 2361 135 ης

238 151 316 193 que
345 130 526 178 honestas
558 131 894 190 philosophorum
914 132 993 176 fuit
1013 133 1245 179 voluntaria
1263 168 1275 186 ,
1325 151 1417 190 nes;
1439 138 1492 180 ita
1519 138 1647 181 etiam
1673 136 1716 181 δε
1741 137 1876 194 plures
1903 136 2091 180 homines
2118 137 2227 182 inter
2254 141 2286 185 se
2307 144 2367 186 (li-

237 194 282 237 &
313 193 487 244 ingenua
522 191 667 244 religio
699 208 713 232 .·
758 207 836 245 qua
880 189 1006 233 veluti
1050 193 1143 235 ansa
1190 209 1274 236 non
1324 193 1546 250 screpantes
1573 195 1733 250 placat,
1766 208 1887 251 atque
1908 197 2149 250 componit,
2182 197 2367 242 inducit-

235 262 383 304 paucos
424 263 564 291 eorum
600 247 783 303 Apostoli
814 247 862 289 ad
895 247 1173 293 Christianam
1207 250 1272 292 ad-
1321 266 1397 306 que
1413 253 1626 296 caritatem
1652 252 1811 296 coeleste
1839 251 1958 295 simul
1983 268 2030 295 ac
2060 253 2183 297 civile
2209 256 2358 300 vincu-

233 304 381 348 duxere
414 303 547 356 legem
573 337 584 357 ,
629 304 675 346 ad
706 319 830 359 quam
863 316 981 347 antea
1017 321 1150 349 mores
1175 338 1188 360 ,
1230 307 1274 350 8<
1322 308 1409 352 lum
1431 340 1441 351 .

233 373 392 404 mentes
425 361 679 416 philosophia
711 361 1014 415 composuerat.
1048 363 1129 418 Qui
1157 365 1270 407 enim

1454 452 1520 495 De
1551 452 1714 508 Origine
1743 453 1958 496 societatis
2012 454 2208 497 Humanae
2232 485 2244 497 .

233 430 397 473 propter
425 419 621 462 caducam
653 417 895 461 felicitatem
930 419 1096 461 virtutes
1127 420 1270 463 colunt

233 475 437 518 naturales
457 507 469 528 ,
514 475 635 530 longe
667 474 933 530 procliviores
967 474 1146 530 profeuo
1179 477 1267 521 fue-

233 532 318 574 rint
363 533 411 575 ad
457 531 616 575 divinas
656 564 668 585 ,
712 532 817 575 unde
862 532 1049 588 perennis
1091 533 1184 578 fluit
1228 535 1271 579 δι

230 602 446 645 nunquam
477 589 695 633 interitura
725 589 923 633 felicitas.

447 703 1057 749 CAPUTIX.

403 790 471 833 De
493 789 664 842 juribus
694 789 868 832 humana:
899 790 1063 832 rationis
1083 820 1092 831 .

1431 536 1556 592 Tque
1598 535 1723 580 initio
1764 537 1930 594 quidem
1968 538 2129 582 animos
2163 556 2230 593 per
2264 557 2361 586 mut

1450 604 1567 636 tuum
1598 610 1780 637 amorem
1814 595 2096 639 communicat
2129 595 2209 651 ipsa
2237 610 2357 642 nat-1·-

1317 663 1356 690 ra
1389 651 1671 694 commissione
1704 667 1923 707 corporum
1945 681 1958 706 ‚
1990 668 2076 707 quae
2109 668 2178 705 per
2210 654 2354 706 conju-

1316 705 1432 760 gium
1475 707 1724 752 diversorum
1755 709 1893 752 evadit
1924 708 2161 761 conjunS’tio
2192 711 2356 754 animo-

1318 778 1407 805 rum
1435 794 1447 817 ‚
1497 776 1616 819 atque
1649 766 1832 809 naturale
1865 765 2037 810 initium
2069 766 2260 810 humanae
2295 769 2355 811 so·

1313 819 1473 863 cietatis
1497 851 1507 864 .
1550 822 1789 866 Commiffis
1820 824 1933 866 enim
1967 823 2271 880 quodammodo
2303 825 2360 868 si-

280 873 408 918 Gitur
427 874 902 930 quisque‘nostrumijure
923 886 1076 918 naturae
1097 874 1266 930 propriae
1315 876 1400 919 mul
1447 894 1540 921 cum
1574 894 1739 934 corpore
1773 880 1982 924 mentibus
2015 912 2027 933 ,
2069 882 2355 925 membrorum

308 931 461 974 rationi
491 929 696 982 subjicitur
729 949 738 973 τ
787 932 871 986 jure
901 944 1054 976 naturae
1080 947 1266 987 paremus
1288 926 1353 975 l&
1387 934 1571 978 sensuum
1604 936 1829 980 similitudo
1856 969 1866 985 ,
1915 938 2197 994 generationis
2226 953 2302 993 ope
2337 970 2351 991 ,

222 987 443 1031 virtutibus
464 1021 476 1042 ,
508 1000 706 1043 tanquam
734 989 878 1033 creatis
902 1005 924 1031 a
948 989 1106 1032 ratione
1134 990 1263 1044 magi-
1312 991 1605 1036 transmittitur
1634 994 1682 1036 ad
1717 993 1875 1049 prolem
1896 1025 1909 1047 ,
1939 1009 2027 1050 quae
2060 994 2226 1037 imbibit
2250 995 2354 1037 edu-

220 1044 435 1096 stratibus,
467 1058 512 1088 ut
537 1044 596 1096 jus
621 1045 801 1089 dicerent
825 1046 1054 1089 :ustionibus
1080 1045 1222 1088 nostris
1250 1078 1262 1099 ‚
1308 1047 1468 1092 catione
1500 1064 1634 1093 mores
1669 1063 1882 1105 parentum
1915 1083 1925 1093 .
1962 1051 2083 1094 Unde
2114 1051 2207 1106 quia
2239 1051 2348 1094 ratio

221 1115 343 1165 atque
367 1101 676 1154 affeetionibus,
695 1102 737 1145 &
764 1103 934 1147 sensibus
963 1103 1166 1157 praeessent
1186 1102 1262 1146 hu·
1284 1105 1448 1148 leadcm
1492 1122 1540 1149 ex
1573 1107 1692 1151 unius
1724 1107 1801 1150 viri
1836 1120 1974 1150 mente
2007 1108 2054 1150 ad
2088 1108 2305 1151 mulierem
2333 1139 2347 1161 ‚

220 1173 356 1201 marus
388 1189 398 1201 .

217 1214 428 1270 ptionibus
447 1247 459 1269 ,
493 1215 622 1258 varias
655 1215 782 1259 homo
808 1215 968 1270 suscipit
991 1215 1224 1258 affeffiones
1250 1245 1260 1263 ‚

217 1271 354 1314 varios
379 1271 605 1326 appetitus,
632 1273 763 1315 varias
787 1272 1021 1315 voluntates
1038 1303 1050 1324 ,
1082 1272 1180 1315 adeo
1198 1272 1262 1314 sae-

216 1343 266 1383 pe
291 1327 399 1370 inter
425 1328 460 1371 se
485 1328 680 1371 discordes
700 1361 713 1381 ‚
746 1341 790 1372 ut
819 1329 863 1371 in
892 1326 1044 1382 populo
1070 1326 1145 1370 illo
1165 1328 1259 1371 affe-

216 1384 404 1427 &ionum
429 1385 578 1428 crebrae
601 1385 814 1429 seditiones
836 1384 1023 1428 oriantur
1049 1415 1061 1435 ‚
1094 1383 1258 1427 videan-

215 1452 363 1496 turque
390 1457 472 1484 uno
495 1454 679 1498 tempore
705 1442 815 1486 intra
841 1441 1015 1486 eundem
1041 1440 1258 1484 hominem

217 1497 357 1553 plures
380 1498 512 1542 animi
535 1500 724 1545 oberrare
746 1533 758 1553 ‚
802 1499 876 1543 nisi
911 1511 1048 1542 motus
1077 1498 1187 1541 inter
1223 1499 1258 1542 se

214 1554 442 1598 diffidentes
485 1571 728 1602 revocentur
766 1557 814 1601 ad
848 1557 1053 1600 rationem
1083 1586 1096 1609 ,
1145 1554 1257 1607 cuius

215 1612 401 1655 constans
422 1614 476 1656 est
501 1615 749 1672 firmumque
773 1614 989 1659 consilium
1021 1645 1033 1667 ,
1066 1627 1161 1656 cum
1191 1628 1256 1655 ea-

215 1668 310 1713 dem
336 1668 490 1725 semper
514 1670 612 1713 boni
648 1673 776 1728 specie
801 1683 1009 1716 teneatur.
1037 1670 1160 1713 Unde
1178 1669 1257 1713 sola

214 1726 322 1770 ratio
357 1727 605 1781 peculiarem
644 1730 772 1772 servat
808 1728 996 1784 cujusque
1034 1739 1256 1780 naturam3

219 1782 301 1825 sola
327 1784 432 1827 ratio
463 1785 617 1840 semper
642 1786 859 1830 hominem
886 1786 1040 1841 praestat
1064 1784 1256 1827 eundem.

216 1839 362 1883 Sensus
392 1856 489 1885 vero
516 1857 601 1885 non
627 1843 758 1887 solum
783 1843 1001 1887 hominem
1028 1840 1254 1884 distrahunt

214 1895 259 1940 in
286 1897 418 1952 plures
438 1930 451 1952 ‚
483 1915 627 1944 verum
655 1900 780 1956 ipsam
806 1901 931 1945 etiam
958 1910 1148 1943 evertunt
1180 1897 1255 1940 hu-

213 1954 459 1998 manitatem
486 1987 495 1998 .
543 1959 611 1999 An
636 1959 751 2001 enim
775 1974 868 2002 eum
894 1958 1088 2000 ducamus
1116 1953 1255 1997 homi-

211 2024 310 2053 nem
330 2040 342 2062 ,
374 2012 450 2066 qui
478 2011 648 2055 sensibus
675 2013 931 2070 perfungedis
959 2025 1072 2055 extra
1094 2012 1128 2054 se
1151 2011 1252 2053 sem-

212 2081 284 2121 per
307 2079 526 2118 occupatus
551 2071 727 2114 omnino
755 2071 810 2114 sui
827 2068 1150 2124 vivitignarus?
1180 2070 1252 2110 An

210 2137 379 2166 manere
416 2123 632 2171 hominem
670 2127 904 2171 censeamus
927 2125 1102 2168 eundem
1126 2155 1139 2178 ‚
1182 2125 1252 2179 qui

212 2178 338 2222 semet
362 2179 532 2237 singulis
557 2184 784 2228 momentis
809 2182 964 2227 amittit
980 2181 1253 2238 perennimu-

211 2236 368 2280 tatione
394 2237 546 2281 mentis
566 2271 578 2292 ,
620 2241 845 2297 affiduaque
879 2239 1146 2283 renovatione
1180 2253 1253 2280 vo-

210 2292 381 2336 luntatis
411 2298 426 2337 ἓ
460 2296 585 2339 Unde
618 2298 687 2350 qui
712 2314 734 2340 a
760 2297 979 2341 virtutibus
1001 2295 1212 2339 desciverit
1240 2326 1252 2348 ‚

212 2365 431 2406 earumque
473 2350 758 2403 jurisdi&i0nis
799 2353 1042 2398 subtraxerit
1073 2351 1249 2396 affefflo·

211 2421 284 2450 nes
303 2438 316 2460 ‚
347 2408 391 2451 δε
415 2408 636 2465 imperium
664 2412 719 2456 sui
745 2412 795 2455 ab
819 2412 975 2455 ratione
1001 2408 1252 2454 transtulerit

211 2464 261 2507 ad
288 2464 447 2518 sensus,
492 2467 709 2521 perduellis
750 2469 805 2512 est
852 2480 973 2522 atque
1016 2466 1136 2509 hostis
1173 2465 1247 2528 lau-

210 2536 344 2563 manae
369 2534 548 2575 naturae,
579 2524 645 2568 cui
671 2525 915 2581 legitimum
933 2524 1127 2568 restorem
1146 2554 1159 2576 ,
1189 2539 1250 2574 Ju-

156 2622 158 2624 .
209 2576 362 2633 stosque
464 2579 651 2635 gistratus
683 2583 835 2626 ademit
869 2599 880 2635 3
913 2580 1102 2637 cujusque
1135 2595 1249 2623 com-

208 2634 387 2689 positum
430 2638 784 2696 tranquillumque
836 2639 981 2682 statum
1017 2638 1060 2681 in
1093 2637 1250 2681 tumul-

210 2692 371 2736 tuosum
419 2694 542 2738 vertit
590 2708 710 2753 atque
742 2697 1026 2741 turbulentum
1062 2728 1071 2739 .
1120 2696 1249 2740 Sicuti

210 2760 350 2794 autem
386 2752 490 2796 ratio
527 2753 674 2812 redigit
710 2755 757 2799 in
782 2754 1045 2800 concordiam
1071 2753 1250 2798 affef’tio-

212 2873 446 2892 —u—-fl—-n

256 2909 340 2948 (⁸)
389 2914 488 2951 Imo,
525 2914 548 2945 fi
589 2914 622 2947 id
660 2916 852 2960 cogitasset.
881 2927 947 2948 non
974 2917 1083 2948 minus
1108 2927 1125 2947 a
1150 2915 1248 2957 scopo

210 2952 433 2993 abberraffet‚
474 2968 573 3000 quam
610 2970 685 2993 cum
713 2961 812 2993 matri
837 2962 894 2994 soli
924 2962 1117 3003 potestatem
1145 2960 1179 2992 in
1208 2962 1246 2993 li-

212 2996 309 3047 beros
342 2999 501 3049 tribueret
520 3025 528 3033 .
554 3006 675 3047 Neque
718 3007 808 3039 enim
835 3005 875 3038 ad
900 3006 1151 3048 occupationem
1177 3016 1246 3037 ma-

215 3046 278 3092 tris
296 3051 426 3091 'marito
449 3044 569 3079 sufficit
591 3048 658 3082 sola
683 3051 864 3091 praestantia
890 3051 1037 3093 corporis
1063 3050 1244 3093 mentisque

212 3085 323 3121 νιτὼς
345 3109 358 3129 ‚
382 3098 485 3131 neque
511 3090 585 3125 sola
610 3101 717 3127 mater
740 3094 805 3128 dici
832 3097 935 3137 potest
958 3095 1079 3129 feetum
1095 3097 1244 3140 occupas—

1270 2895 1348 2951 lse·

447 1159 677 1201 Enimvero
715 1175 737 1203 e
764 1159 946 1203 sensuum
978 1159 1098 1201 variis
1128 1175 1262 1213 perce·
1307 1160 1352 1203 ἃ
1397 1163 1444 1204 ad
1492 1162 1670 1207 sobolem
1715 1163 1950 1207 imitatione
1993 1176 2208 1218 permanat
2242 1179 2255 1217 ς
2298 1179 2348 1207 ea

1307 1220 1688 1263 communicatione
1720 1218 1934 1263 familiaris
1983 1221 2183 1264 conflatur
2225 1233 2347 1276 atque

1306 1273 1523 1318 domestica
1556 1276 1719 1319 societas
1741 1308 1752 1328 ‚
1786 1277 1829 1318 in
1860 1292 1938 1332 qua
1959 1308 1970 1328 ,
2004 1277 2201 1320 naturalis
2221 1293 2346 1319 occu-

1309 1329 1484 1382 pationis
1527 1331 1611 1383 jure
1640 1363 1652 1384 ‚
1690 1328 2015 1390 ‘patrisfamilias
2064 1332 2249 1376 naturale
2297 1349 2345 1376 ac

1308 1384 1510 1430 familiare
1541 1388 1732 1433 fundatur
1763 1389 1986 1453 imperium
2014 1419 2023 1430 .
2068 1389 2294 1453 Vir-enim
2326 1420 2339 1441 ‚

1312 1456 1454 1498 utpote
1485 1460 1655 1501 corpore
1683 1476 1695 1499 ‚
1739 1462 1785 1490 ac
1817 1458 1974 1489 ratione
2006 1457 2246 1500 potentior,
2278 1461 2350 1488 oc·

1309 1513 1430 1555 cupat
1462 1501 1682 1546 foeminam
1716 1533 1728 1555 ,
1773 1502 1858 1555 jure
1903 1502 2107 1559 utriusque
2151 1515 2304 1545 naturae
2336 1533 2351 1555 ‚

1308 1558 1460 1601 mentis
1491 1560 1689 1604 nimirum
1717 1591 1729 1612 ‚
1779 1560 1823 1603 ὃ(
1855 1559 2035 1615 corporis
2070 1576 2079 1601 ε
2130 1560 2346 1614 multoque

1306 1613 1441 1665 justius
1472 1629 1644 1673 occupat
1677 1616 1827 1660 foetum
1857 1648 1869 1670 ,
1899 1617 1968 1672 qui
2004 1616 2069 1659 sua
2101 1615 2219 1671 ipsius
2251 1632 2346 1671 por-

1306 1672 1363 1714 tio
1396 1673 1448 1715 est
1470 1705 1481 1727 ‚
1513 1674 1556 1717 ὃς
1589 1687 1870 1718 maternorum
1903 1675 1953 1716 ab
1987 1673 2021 1716 se
2051 1686 2345 1728 occupatorum

1305 1728 1538 1773 viscerum:
1575 1745 1619 1774 ut
1651 1732 1730 1787 ipsa
1762 1743 1905 1773 natura
1937 1731 2042 1773 filios
2073 1731 2203 1773 tradat
2219 1731 2260 1774 in
2276 1746 2345 1784 pa-

1305 1785 1376 1828 tris
1410 1788 1646 1840 potestatem
1674 1804 1686 1842 3
1719 1787 1896 1843 falsoque
1926 1787 2109 1830 docuerit
2140 1787 2307 1830 Obesius
2327 1817 2341 1838 ‚

1303 1858 1370 1885 eos
1402 1844 1445 1886 in
1479 1846 1620 1889 matris
1652 1844 1828 1889 naturali
1860 1844 1944 1896 jure
1971 1876 1983 1898 ,
2028 1859 2111 1886 non
2145 1844 2188 1887 in
2222 1843 2346 1897 patris

1304 1901 1411 1944 nasci
1447 1903 1664 1956 potestate:
1702 1914 1842 1956 utpote
1863 1917 1957 1944 cum
1980 1900 2248 1957 concipiendo
2270 1899 2351 1955 pri-

1305 1972 1372 1999 ma
1402 1973 1469 2000 eos
1500 1960 1709 2016 occuparit
1730 1991 1738 2002 .
1774 1958 1881 2001 Illud
1912 1960 2027 2002 enim
2061 1959 2186 2001 homo
2210 1969 2350 1999 acutus

1304 2013 1481 2057 minime
1514 2017 1738 2069 cogitavit,
1769 2017 1828 2067 (²⁶)
1861 2014 2079 2058 foeminam
2112 2014 2241 2069 ipsam
2264 2012 2348 2062 jam

1303 2069 1414 2113 fuisse
1456 2070 1540 2122 jure
1574 2086 1726 2116 naturae
1757 2084 1852 2115 ante
1884 2084 2124 2127 occupatam
2160 2070 2346 2132 praestan-

1303 2126 1357 2169 tia
1391 2129 1573 2183 corporis
1605 2130 1829 2185 mentisque
1863 2129 1998 2173 virilis
2031 2145 2040 2169 τ
2075 2141 2120 2171 ut
2149 2125 2346 2183 quidquid

1300 2198 1506 2240 occupatae
1536 2187 1710 2231 cohaeret
1753 2220 1766 2241 ,
1809 2186 1951 2230 eodem
1983 2186 2069 2239 jure
2102 2187 2145 2229 in
2180 2183 2353 2239 potesta-

1301 2254 1384 2284 tem
1428 2242 1646 2288 deducatur
1693 2245 1931 2301 occupantis
1963 2276 1972 2285 .
2023 2244 2216 2286 Praeterea
2250 2255 2347 2283 cum

1302 2299 1368 2341 vir
1399 2298 1620 2345 foeminam
1653 2301 1824 2346 consilio
1856 2302 2010 2357 praesset
2036 2332 2048 2355 ‚
2081 2313 2174 2342 aetas
2208 2308 2346 2341 autem

1300 2355 1463 2399 infirma
1496 2358 1667 2402 consilio
1697 2371 1814 2416 egeat
1848 2359 2018 2412 alien03
2053 2356 2230 2413 sequitur
2255 2386 2266 2407 ν
2298 2365 2344 2417 ut

1301 2412 1433 2467 proles
1476 2414 1718 2465 subjicienda
1766 2417 1812 2459 sit
1844 2416 2013 2460 confilio
2046 2412 2306 2473 praestantiori
2329 2441 2342 2463 ,

1300 2485 1447 2523 nempe
1480 2471 1589 2515 virili
1615 2489 1628 2527 3
1673 2473 1780 2529 quod
1827 2472 1931 2516 libro
1963 2472 2084 2516 tertio
2116 2468 2340 2533 distinfi'nus

1298 2526 1597 2581 explicabimus
1628 2561 1638 2571 .
1687 2530 1915 2585 Occupatio
1959 2542 2098 2573 autem
2143 2539 2338 2588 primaeva

1297 2582 1351 2626 est
1383 2614 1396 2637 ‚
1444 2601 1491 2627 ac
1532 2586 1730 2630 naturalis
1777 2586 1992 2643 adquisitio
2028 2618 2040 2639 ,
2087 2600 2165 2641 qua
2207 2582 2342 2646 domt-

1299 2640 1415 2684 nium
1459 2642 1580 2686 nobis
1622 2643 1859 2688 asseruimus
1904 2643 2146 2700 praediorum
2181 2672 2193 2694 ‚
2240 2638 2373 2688 alla·⁴

1298 2714 1469 2754 rumque
1513 2701 1948 2757 comprehensibilium
1983 2733 1996 2756 ,
2038 2701 2082 2745 ἃ
2126 2700 2342 2743 finitarum

1298 2771 1434 2800 rerum
1464 2788 1476 2811 ,
1509 2774 1597 2815 quae
1627 2761 1867 2804 communia
1901 2776 1995 2803 cum
2022 2758 2179 2812 essent,
2213 2755 2344 2812 postea

1900 2818 1929 2861 P
1992 2833 2014 2861 2
2252 2828 2350 2869 pro-

2245 2883 2356 2896 ..u—n·-

1303 2886 1693 2902 -n—„„,·--.-,.,

1376 2916 1431 2959 qui
1457 2917 1524 2952 fine
1549 2920 1724 2953 accedente
1762 2921 1873 2953 mariti
1899 2929 1998 2963 opera
2025 2930 2091 2952 non
2121 2916 2308 2958 concipitur
2324 2936 2335 2946 .

1295 2960 1356 2995 Sed
1394 2961 1467 2995 sunt
1512 2964 1579 2998 htec
1610 2965 1721 2998 dulcia
1748 2966 1778 2998 &
1808 2966 1918 2999 Obefii
1945 2966 1976 2996 &
2004 2963 2157 2998 Gravinae
2188 2960 2340 2997 somnia,

2059 2894 2102 2902 -.-
2105 2894 2131 2900 --

1291 3006 1444 3049 gratique
1471 3010 1605 3051 utrique
1629 3020 1781 3050 errores,
1811 3011 1931 3054 quibus
1955 3017 2097 3052 neuter,
2125 3005 2335 3051 fisupereffet

1292 3051 1344 3085 vel
1369 3050 1505 3086 liberari
1529 3054 1683 3098 dignaret
1698 3066 1735 3089 ur
1754 3077 1763 3087 .
