2596 3479
262 129 423 179 Festum
445 165 458 189 ,
487 132 531 178 &
561 133 580 186 i
609 149 716 193 rgare
747 137 797 179 ab
827 136 911 188 jure
941 137 1100 181 deducit
1131 138 1266 184 Varro
1291 172 1303 184 .

263 194 330 245 (α)
358 193 424 236 Lis
448 207 545 236 vero
568 209 589 236 e
645 194 881 237 animorum
905 195 1157 238 concertatio
1181 196 1303 241 vehe-

262 250 448 294 mentior
469 266 518 294 ex
554 250 612 294 ira
645 251 687 294 δε
710 251 803 294 odio
845 251 952 294 inter
970 250 1163 296 inimicos
1186 268 1299 297 exar-

260 309 448 352 descens:
483 321 527 350 ut
560 323 642 350 non
659 307 871 351 immerito
894 309 989 353 Cic.
1009 325 1103 354 cum
1120 310 1217 354 alibi
1241 310 1303 354 sae-

259 381 345 423 pae,
380 378 467 408 tum
496 366 537 408 in
569 365 680 408 libris
706 367 752 409 de
780 366 983 422 republica
1003 367 1106 423 apud
1125 368 1305 411 Nonium

260 424 305 466 in
335 425 456 466 verbo
480 424 652 479 jurgium
679 439 761 466 non
788 439 922 467 rerum
953 437 1143 479 tantum3
1177 425 1236 468 sed
1262 425 1305 468 &

258 482 478 523 verborum
519 481 712 524 dileeffum
752 481 794 524 in
828 481 984 536 legibus
1011 482 1115 526 XII.
1149 482 1304 525 tabula-

259 553 351 580 rum
384 537 628 581 admiretur.
665 541 806 593 Itaque
840 538 953 581 nulla
987 540 1102 582 nobis
1144 539 1192 582 lis
1230 540 1304 583 esse

260 595 386 650 potest
410 610 503 637 cum
529 611 603 646 eo,
635 611 756 650 quem
793 597 834 638 in
864 596 1054 650 potestate
1081 597 1302 640 habemus.

317 651 474 693 Affines
515 653 531 702 )
568 652 644 694 sive
677 652 842 705 vicini,
875 654 942 708 qui
984 653 1127 707 praedia
1163 654 1303 696 vicina

259 708 506 762 possideant:
530 709 668 751 affines
686 710 798 752 enim
821 710 1012 753 dicuntur
1028 723 1112 753 tam
1133 710 1198 765 qui
1218 709 1304 753 san-

259 765 412 820 guine,
447 780 570 819 quarn
612 767 679 819 qui
709 767 865 820 praediis
891 766 1226 822 conjunguntur,
1259 780 1303 812 ut

260 822 386 865 tradit
417 821 568 876 festus,
610 823 651 866 ἃ
676 824 797 880 gloss.
820 824 942 868 verbo
973 825 1246 876 α’γχιτέρμων.

398 936 438 979 C
496 937 536 980 A
600 935 628 977 P
689 939 733 980 U
793 939 836 979 T
953 938 1163 981 XXXIX.

559 1023 626 1066 De
658 1022 969 1079 Usucapionibus
989 1054 1000 1065 .

260 1105 480 1207 NUnc
500 1106 547 1150 ad
574 1108 866 1162 usucapionem
883 1109 1130 1153 transeamus
1146 1142 1157 1162 ‚
1176 1124 1299 1166 quam

404 1164 478 1207 suis
512 1164 668 1221 legibus
700 1168 743 1209 in
780 1169 895 1211 rebus
921 1165 1144 1209 mobilibus
1172 1167 1299 1210 etiarn

255 1219 541 1274 amplexus-est
566 1222 704 1266 Plato:
739 1225 803 1276 (b)
827 1237 871 1267 ut
899 1239 921 1267 a
944 1223 1029 1275 jure
1056 1223 1200 1266 Attico
1225 1223 1299 1266 flu-

259 1277 354 1318 xisse
383 1277 654 1332 suspicemur,
686 1294 766 1334 quo
804 1280 875 1325 ille
917 1279 1077 1323 fortasse
1109 1279 1296 1333 respexit:

255 1331 325 1374 etfi
353 1332 470 1383 hujus
500 1334 597 1384 juris
624 1349 672 1378 ex
701 1336 857 1380 Atticis
888 1348 958 1380 aut
997 1336 1171 1379 aliarum
1199 1351 1295 1392 gen-

255 1389 362 1431 tium
394 1388 548 1452 legibus
581 1405 901 1437 monumentum
929 1393 1092 1447 superfit
1117 1393 1295 1436 nullum:

251 1457 297 1487 ut
324 1459 476 1489 merito
502 1462 562 1498 ius
601 1448 678 1492 hoc
711 1450 920 1506 proprium
948 1450 1102 1492 civium
1143 1453 1298 1492 Roma-

256 1516 407 1545 norum
447 1516 704 1559 reputemus,
737 1523 759 1549 a
785 1507 928 1563 quibus
953 1507 1147 1559 peculiari
1175 1507 1319 1548 ratio-¹

260 1572 311 1601 ne
353 1558 510 1602 cultum
551 1560 659 1614 fuit,
691 1574 810 1618 atque
852 1562 1115 1606 constitutum
1145 1578 1154 1603 τ
1191 1562 1298 1606 unde

258 1614 372 1658 nulla
398 1615 516 1666 hujus
534 1616 630 1668 juris
655 1619 897 1662 communio
923 1619 1145 1675 peregrinis
1162 1651 1173 1672 ‚
1206 1620 1295 1675 qui-

258 1673 328 1714 bus
361 1672 466 1715 nihil
493 1688 543 1716 ex
569 1674 723 1718 civium
751 1678 1036 1719 Romanorum
1065 1676 1182 1719 bonis
1207 1676 1296 1719 usu-

257 1744 399 1783 capere
435 1729 610 1773 licebat:
645 1743 688 1774 ut
721 1745 833 1787 patet
865 1748 914 1776 ex
959 1732 1044 1788 lege
1081 1735 1185 1776 XII.
1215 1733 1295 1774 tab.

258 1800 381 1839 quarn
415 1786 463 1828 ad
496 1800 569 1829 nos
605 1787 755 1831 Cicero
783 1788 1030 1843 transmisit,
1059 1791 1119 1841 (c)
1150 1804 1296 1846 quam-

256 1856 332 1895 que
359 1840 531 1903 inferius
568 1845 859 1897 producemus.
893 1846 1029 1902 Igitur
1062 1844 1146 1896 jure
1178 1844 1294 1889 civili

255 1897 488 1941 dominium
511 1899 590 1942 sola
615 1902 812 1957 capione,
846 1901 923 1946 five
948 1914 1108 1945 tantum
1133 1903 1296 1957 capien-

254 1954 304 1994 do
343 1956 643 1999 nanciscimur:
679 1959 861 2013 capimus
898 1971 1034 2002 autem
1072 1974 1157 2002 rem
1185 1990 1197 2012 ,
1231 1959 1294 2002 vel

252 2024 411 2064 manu,
454 2011 532 2056 five
575 2014 625 2055 ab
667 2014 749 2057 alio
792 2016 1018 2069 traditam3
1070 2015 1132 2058 vel
1178 2015 1250 2058 usu
1283 2049 1295 2070 ,

254 2081 402 2121 nempe
428 2068 629 2122 possessam
661 2071 710 2113 ab
742 2070 864 2116 initio
898 2073 1004 2116 bona
1037 2073 1136 2116 fide.
1170 2073 1295 2117 Unde

254 2122 553 2187 dupleiruoritur
580 2127 814 2182 ahquirendi
835 2129 1014 2172 dominii
1039 2130 1142 2172 ratio
1164 2145 1212 2172 ex
1235 2129 1294 2181 ju-

251 2195 296 2242 re
319 2187 462 2243 civili,
494 2183 774 2238 mancipium,
805 2186 847 2228 δε
877 2185 1090 2241 usucapio.
1126 2188 1292 2230 Manci-

257 2251 371 2291 pium
403 2238 553 2280 dicitur
587 2240 694 2295 quasi
723 2257 848 2285 manu
872 2243 986 2297 capio
1014 2259 1082 2298 per
1105 2243 1293 2287 traditio-

253 2307 380 2346 nem3
412 2295 599 2348 usucapio
640 2308 736 2339 vero
760 2298 868 2354 quasi
904 2300 1020 2354 capio
1047 2316 1115 2353 per
1140 2301 1254 2344 usum
1281 2332 1294 2355 ,

252 2348 332 2391 five
357 2365 426 2413 per
451 2351 724 2406 possessionem
741 2386 750 2396 .
772 2357 872 2410 Quae
895 2356 1083 2411 usucapio
1110 2356 1294 2402 introdu-

252 2404 314 2448 &a
349 2405 452 2459 fuit,
485 2423 534 2451 ne
566 2409 751 2453 dominia
785 2412 828 2453 in
860 2413 1016 2455 incerto
1047 2413 1118 2456 diu
1150 2430 1292 2458 mane-

253 2475 370 2526 rent,
401 2464 444 2506 &
468 2464 583 2528 simul
620 2478 661 2509 ut
681 2483 814 2511 rerum
834 2468 992 2512 domini
1020 2484 1203 2514 verentes
1233 2471 1293 2523 ju-

257 2520 469 2582 ris-civilis
498 2523 731 2575 potestatem
749 2557 760 2578 ,
791 2539 878 2580 quae
916 2526 1147 2571 dominium
1173 2529 1223 2571 ab
1244 2528 1319 2583 iis«

258 2587 379 2638 tacite
422 2578 469 2620 ad
511 2579 686 2623 diversos
728 2582 950 2636 possessores
993 2584 1318 2640 transferebat,·

253 2643 409 2675 cautius
440 2649 499 2676 res
529 2636 771 2680 custodirent
816 2640 898 2690 (¹⁶)
931 2651 1049 2695 atque
1083 2613 1318 2686 tuerentur-l

662 59 765 116 DE
807 60 996 135 JURE
1032 58 1484 139 NATURAm,
1523 67 1930 140 GENTIUM,

1351 142 1522 188 facultas
1559 146 1827 201 perimeretur
1847 178 1857 190 .
1889 145 2173 203 Quamobrem
2216 148 2396 194 Decem·

1352 201 1429 244 viri
1461 202 1686 248 statuerunt
1707 234 1720 258 ,
1752 216 1797 248 ut
1820 204 1993 248 mobiles
2027 204 2191 261 quidem
2225 222 2285 251 res
2320 222 2396 250 an·

1354 273 1441 312 no;
1471 257 1618 302 fundus
1645 276 1739 304 vero
1765 262 1933 305 biennio
1966 261 2274 316 usucaperetur:
2310 264 2391 308 hoc

1352 315 1405 379 est
1437 315 1681 370 redigeretur
1712 318 1755 361 in
1775 318 2008 362 dominium
2036 318 2175 374 illius,
2206 321 2275 377 qui
2305 336 2393 364 rem

1354 371 1470 414 illam
1503 387 1639 427 anno,
1671 388 1739 417 aut
1771 375 1945 420 fundum
1978 377 2144 420 biennio
2178 378 2283 420 bona
2315 377 2391 420 fide

1356 428 1594 484 possederit.
1639 431 1767 475 Fundi
1814 446 1953 476 autem
1997 434 2168 477 nomine
2199 433 2393 489 quaelibet

1355 500 1415 529 res
1459 486 1688 530 immobilis
1730 489 1774 532 δι
1805 491 1931 533 etiam
1985 491 2083 534 aedes
2114 490 2392 545 comprehen-

1353 543 1535 586 duntur:
1570 559 1653 587 non
1695 546 1790 601 quia
1829 544 2042 590 manifesta
2073 547 2263 592 vocabuli
2299 563 2393 603 pro·

1355 600 1502 655 prietas
1546 615 1611 644 eas
1653 602 1779 645 etiam
1821 602 2157 658 complestrtur3
2206 604 2395 660 sed‘quia

1354 657 1414 700 vis
1444 656 1487 700 δε
1527 658 1628 701 ratio
1654 658 1752 712 legis
1778 659 1905 701 etiam
1931 659 1979 702 ad
2015 661 2113 702 sedes
2136 660 2387 703 extenditur:

1353 727 1396 758 ut
1428 713 1639 771 colligitur
1679 731 1728 759 ex
1761 715 1824 758 his
1855 716 2072 758 Ciceronis
2129 716 2293 758 verbis:
2328 718 2396 768 (d)

1351 771 1412 814 At
1459 773 1608 816 utimur
1648 773 1779 815 eodem
1822 773 1907 823 iure
1937 772 2186 826 usucapionis
2226 773 2270 814 in
2301 774 2393 815 aedi-

1352 830 1448 882 bus,
1479 846 1561 885 quae
1592 834 1633 872 in
1665 831 1745 886 lege
1775 846 1849 872 non
1878 830 2128 884 appellantur
2147 860 2159 882 ‚
2191 828 2235 872 8(
2263 828 2389 872 alibi:

1350 888 1409 939 (e)
1427 885 1503 941 Ast
1526 888 1568 928 in
1592 888 1671 943 lege
1696 887 1790 930 aedes
1815 903 1890 929 non
1912 887 2161 942 appellantur
2177 902 2191 926 .·
2225 883 2392 939 &sunt

1350 955 1560 985 ceterarum
1580 946 1705 986 reruin
1735 945 1934 996 omnium,
1966 958 2134 999 quarum
2153 959 2310 985 annuus
2337 941 2390 996 est

1350 999 1470 1052 usus.
1502 1001 1610 1041 Valet
1639 1001 1805 1054 aequiras
1829 1031 1842 1054 ,
1874 1017 1955 1055 quae
1981 1001 2148 1055 paribus
2191 1000 2233 1041 in
2265 997 2391 1053 causis·

1343 1057 1463 1111 paria
1492 1057 1584 1107 iura
1603 1057 1820 1110 desiderat.
1854 1056 1983 1100 Fundi
2017 1056 2145 1110 igitur
2168 1056 2391 1111 appellatio

1349 1113 1396 1156 ad
1416 1127 1503 1156 rem
1522 1128 1690 1156 omnem
1714 1112 1961 1169 porrigitur,
1992 1127 2080 1169 quae
2102 1112 2184 1156 solo
2209 1125 2385 1157 tenetur.

1348 1168 1427 1223 (f)
1464 1171 1519 1213 Et
1550 1171 1646 1226 quia
1679 1183 1863 1227 tempore
1908 1170 2104 1214 institutae
2137 1170 2392 1226 usucapionis

1353 1229 1641 1271 Romanorum
1687 1227 1793 1270 ditio
1828 1228 2013 1272 nondum
2055 1227 2270 1272 excesserat
2308 1229 2395 1270 Ita-

1350 1283 1473 1326 liam:
1521 1299 1581 1327 res
1615 1283 1770 1327 Italicae
1804 1284 1870 1328 sub
1903 1284 2192 1339 usucapionem
2232 1284 2391 1328 cecide-

1347 1352 1444 1383 runt
1470 1371 1482 1393 ,
1513 1355 1648 1396 eaeque
1681 1355 1741 1384 res
1773 1342 1955 1393 mancipi
1987 1341 2226 1384 dicebantur
2246 1372 2258 1393 ,
2292 1340 2389 1396 quia

1350 1397 1642 1451 proprietatem
1686 1398 1835 1453 privati
1879 1397 2006 1441 etiam
2050 1397 2391 1441 nanciscebantut·

1349 1453 1550 1508 illarum3
1593 1469 1728 1497 rerum
1773 1469 1871 1498 vero
1915 1453 2263 1508 provincialium,
2294 1454 2393 1510 quia

1349 1511 1501 1553 tributa
1552 1511 1783 1566 pendebant
1832 1510 1983 1566 populo
2018 1513 2210 1553 Romano
2239 1540 2251 1563 ‚
2284 1508 2392 1553 solus

1349 1566 1519 1620 populus
1559 1567 1852 1623 proprietatem
1898 1567 2186 1623 adquirebatj
2237 1565 2390 1621 privati

1347 1636 1510 1667 tantum
1560 1622 1837 1678 possessionem
1869 1640 1879 1664 t
1928 1623 2035 1667 unde
2083 1638 2159 1667 nec
2209 1622 2394 1677 mancipi

1348 1681 1688 1734 nuncupabantur
1714 1712 1727 1734 ‚
1775 1680 1820 1724 δε
1852 1692 2017 1724 tanturn
2061 1694 2197 1724 rerum
2229 1679 2393 1723 manci·

1348 1736 1419 1791 pi,
1452 1736 1529 1780 five
1564 1737 1806 1781 Italicarum
1837 1749 1922 1781 erat
1952 1737 2176 1791 usucapio;
2208 1751 2293 1779 non
2316 1750 2391 1779 ve·

1348 1808 1392 1835 ro
1425 1808 1559 1836 rerum
1592 1809 1667 1838 nec
1699 1794 1915 1848 mancipi,
1947 1793 2026 1837 five
2053 1791 2388 1848 provincialium.

1345 1849 1419 1892 Sed
1452 1850 1652 1904 quoniam
1683 1851 1935 1902 Justinianus
1972 1849 2079 1893 hanc
2108 1847 2391 1893 differentiam

1348 1906 1531 1959 sustulit,
1563 1909 1626 1963 (g)
1657 1908 1817 1951 coacius
1846 1904 2117 2008 quoquffiit
2147 1905 2241 1949 aliis
2258 1904 2388 1949 etiam

1345 1963 1389 2005 in
1432 1963 1614 2007 articulis
1645 1981 1667 2007 a
1699 1965 1822 2007 veteri
1868 1963 1953 2015 jure
2077 1962 2190 2006 edere
2217 1992 2227 2003 .
2269 1962 2384 2004 Cum

1343 2019 1456 2063 enim
1490 2020 1778 2074 usucapionem
1797 2019 2035 2065 extendisset
2065 2018 2193 2062 etiam
2217 2017 2266 2060 ad
2286 2032 2386 2074 prae-

1343 2076 1407 2119 dia
1440 2076 1707 2133 provincialia
1725 2109 1740 2132 ‚
1765 2092 1854 2133 quae
1879 2077 1950 2120 sita
1969 2075 2108 2132 procul
2139 2085 2254 2119 erant
2277 2090 2288 2116 τ
2322 2073 2382 2117 vi-

1345 2132 1430 2177 sum
1489 2132 1568 2178 fuit
1609 2134 1889 2178 inhumanum
1933 2134 2111 2178 retinere
2160 2130 2380 2175 intervalla

1344 2202 1576 2245 temporum
1606 2191 1745 2236 eadem
1780 2191 1824 2234 in
1854 2189 2084 2235 diversitate
2130 2189 2348 2242 regionum
2368 2218 2379 2231 .

1343 2248 1467 2290 Unde
1521 2259 1685 2303 propter
1739 2246 1925 2292 locorum
1987 2245 2336 2301 longinquitatem
2368 2274 2382 2297 ,

1342 2317 1529 2360 tempora
1575 2319 1734 2359 quoque
1783 2301 1976 2359 produxit
2016 2300 2307 2364 usucapionis,
2337 2300 2381 2343 8(

1341 2376 1527 2403 annuum
1571 2360 1743 2416 spatium
1770 2391 1784 2414 ,
1825 2360 1932 2415 quod
1974 2371 2062 2405 erat
2103 2356 2380 2414 usucapiendis

1341 2416 1564 2460 mobilibus
1601 2417 1906 2471 constitutum,
1936 2418 1986 2460 ad
2027 2415 2255 2461 triennium
2287 2429 2381 2478 pro-

1342 2473 1504 2526 traxit;
1535 2486 1722 2529 tempora
1771 2489 1868 2518 vero
1898 2474 1948 2518 ad
1979 2473 2269 2530 usucapionem
2301 2486 2381 2514 irn-

1340 2530 1563 2574 mobilium
1595 2530 1701 2582 juffit
1732 2529 1806 2575 effe
1822 2532 1972 2576 decem
2003 2547 2132 2576 annos
2157 2530 2264 2574 inter
2281 2542 2382 2582 prae-

1341 2587 1496 2640 sentes;
1517 2587 1669 2643 viginti
1699 2604 1795 2633 vero
1819 2589 1927 2634 inter
1949 2590 2153 2633 absentes.
2185 2586 2259 2630 Sed
2277 2584 2377 2647 quid

1339 2644 1387 2687 ad
1418 2644 1529 2688 hunc
1560 2644 1736 2700 Ulpiani
1767 2646 1904 2690 locum
1925 2645 2274 2701 respondebimus?
2307 2642 2377 2684 ubi

250 2688 371 2731 suas:
427 2704 474 2733 ac
503 2691 678 2748 denique
722 2705 766 2737 ut
795 2706 906 2739 certo
937 2708 1121 2752 tempore
1154 2699 1291 2743 litium
1341 2700 1505 2746 scribit:
1553 2702 1642 2755 (h)
1690 2702 1930 2760 Usucapione
1968 2703 2145 2747 dominia
2184 2699 2380 2755 adipisci-

252 2816 487 2827 u—.——

302 2846 351 2886 [a]
380 2846 484 2878 Lrbfi-
502 2848 540 2879 de
555 2850 642 2889 ling.
666 2854 730 2883 lat.

301 2890 351 2930 [b]
381 2890 511 2922 Libum.
528 2893 566 2924 de
582 2893 707 2930 ltm'bus
720 2917 730 2926 .

301 2935 347 2975 [c]
378 2934 488 2967 Liba.
516 2938 552 2969 de
581 2937 661 2980 offic.

302 2979 353 3020 [⁸]
381 2983 446 3012 Aut
471 2981 492 3013 si
521 2992 624 3024 neque
660 2983 899 3020 eustodiviffent
923 3008 936 3026 ‚
971 2998 1071 3031 neque
1095 2989 1182 3023 intra
1205 2998 1291 3025 tem-

871 2823 1291 2840 ᾑ--ἣ-μ-

252 3032 311 3066 pus
340 3024 524 3064 legitimum
550 3027 792 3069 vindicassent,
817 3030 966 3067 dominio
998 3043 1110 3074 earum
1123 3035 1289 3080 caderent,
1336 3038 1431 3072 und.

249 3063 382 3112 „exinde
408 3078 445 3104 ac
471 3069 494 3104 fi
519 3069 788 3116 dereliquissent.

2264 2772 2376 2808 mur,

1345 2828 1455 2840 ——u-—a
1462 2828 1702 2842 ——-.—-—
1925 2829 2380 2845 --u—,ss

1388 2859 1440 2899 [d]
1471 2860 1553 2891 Orat
1589 2867 1645 2912 pso
1669 2860 1790 2894 Caecin.

1383 2903 1435 2990 isi
1462 2905 1510 2979 112⁸
1519 2911 1640 2990 ᾳᾝῇᾎ
1651 2946 1689 2992 ff.
1705 2949 1742 2982 de
1759 2950 1836 2982 ns.

1381 2993 1439 3035 [g]
1467 2992 1577 3034 rasin.
1612 2995 1650 3026 aa
1687 2995 1817 3040 usucap.
1853 2993 1893 3030 Θ·
1918 2995 1957 3029 c.
1992 2993 2030 3029 aa
2067 2992 2203 3040 usum.
2230 2998 2370 3043 neasle-

1383 3082 1444 3126 (h)
1467 3082 1583 3127 Infids.
1596 3093 1624 3120 ε.
1643 3092 1696 3126 ¹9·
1866 3062 1871 3067 ι

2305 3154 2323 3166 ·

2272 3177 2274 3179 .
2287 3172 2304 3182 5.
2364 3173 2369 3177 ι
