2596 3479
230 68 328 171 hiim
359 133 610 181 agnatorum
624 119 711 174 jus,
742 122 786 165 δε
812 119 1097 177 gentilitium„
1128 119 1270 175 Agna-

227 197 366 228 torum
391 184 475 233 jure
496 180 760 236 potiebantur
785 179 811 221 ii
834 210 846 231 ‚
880 178 949 232 qui
980 176 1123 238 eadem
1142 176 1188 220 de
1211 176 1267 220 fa-

227 241 347 286 milia
369 239 717 295 proficiscerentur
737 268 749 288 ,
783 236 909 278 veluti
942 235 1153 288 Scipiones
1177 250 1271 276 om-

230 315 330 353 nes3
360 298 446 344 iure
483 311 576 339 vero
607 293 819 347 gentilitio
862 292 1094 349 gaudebant
1126 306 1272 334 ornnes

230 354 420 406 Cornelia*
457 352 593 410 gentis
615 351 783 396 familiae
805 366 817 403 3
851 364 998 404 nempe
1037 350 1239 404 Scipiones
1258 381 1269 402 ‚

228 414 417 465 Lentuli,
456 410 702 456 Dolabellae.
754 408 878 451 Unde
918 406 1046 451 tutela
1086 407 1274 462 legitima

227 471 482 518 Lentulorum
502 482 637 524 primo
655 467 704 510 ad
724 466 923 510 Lentulos
942 466 1043 508 alios
1066 467 1274 517 veniebat3

231 530 363 588 postea
389 543 511 577 vero,
532 524 816 569 deficientibus
855 522 1039 567 Lentulis
1058 555 1069 575 3
1101 523 1149 565 ad
1174 523 1274 565 alios

231 604 280 634 ex
305 601 450 641 genere
477 582 702 636 Cornelia,
731 595 829 638 puta
854 582 917 625 vel
945 581 993 623 ad
1020 579 1274 632 Dolabellas,

232 644 298 689 vel
318 642 554 698 Scipiones,
581 640 645 684 vel
664 641 767 685 alios
790 656 840 684 ex
866 639 959 689 aliis
986 637 1156 681 familiis
1173 670 1184 691 3
1206 638 1274 693 qui

231 702 358 747 essent
381 699 537 756 pupillo
559 699 854 754 proximiores.
885 697 990 740 Sunt
1024 696 1148 751 igitur
1176 711 1273 758 gen-

233 759 326 805 tiles
356 756 627 814 cognomines
650 789 664 811 3
696 756 871 808 ejusdem
908 769 1055 808 nempe
1089 768 1276 796 nominis

234 829 398 867 tantum
421 849 435 871 ‚
480 831 563 859 non
597 814 803 859 familiae:
851 825 1059 873 propterea
1108 813 1276 858 Marcus

233 875 402 919 Tullius
440 875 482 917 in
517 873 627 917 libris
651 873 697 916 de
724 871 878 925 legibus
902 868 1102 924 gentilem
1139 868 1172 911 se
1198 867 1276 912 fert

234 933 373 977 Tullii
395 932 522 990 regis:
541 932 728 986 idemque
748 942 848 985 quos
869 928 984 970 Plato
1003 939 1121 969 vocat
1140 927 1273 977 ὁμωνύ-

235 1007 286 1043 μκ
317 993 489 1048 gentiles
513 990 802 1043 interpretatur
833 1016 842 1027 .
882 987 969 1037 (a)
1014 986 1076 1026 De
1111 984 1274 1026 liberto-

235 1062 329 1091 rum
356 1064 452 1092 veto
482 1046 633 1099 tutela,
657 1042 846 1100 quamvis
875 1042 979 1085 nihil
1005 1041 1277 1085 X11.Tabul.

229 1106 370 1148 'verbis
393 1117 610 1157 caveatur3
645 1115 782 1144 tamen
810 1099 887 1142 fida
909 1114 1050 1143 earum
1076 1099 1278 1154 interpre-

235 1162 337 1205 tatio
368 1162 514 1205 detulit
537 1176 630 1204 eam
659 1160 706 1203 ad
735 1172 957 1213 patron033
991 1157 1060 1212 qui
1095 1158 1138 1200 &
1162 1158 1210 1199 ad
1232 1158 1278 1200 li-

237 1220 341 1264 berti
367 1232 567 1263 vocantur
595 1217 827 1272 legitimam
856 1214 1130 1258 hereditatem
1147 1218 1163 1256 .’
1189 1215 1282 1257 Tu-

239 1277 320 1320 tela
342 1277 464 1333 igitur
491 1276 661 1332 potestas
683 1274 736 1316 est
757 1304 770 1324 ,
801 1287 889 1327 quae
909 1273 956 1334 ad
985 1271 1130 1326 pupilli
1156 1272 1280 1326 bona,

239 1333 284 1376 &
308 1335 508 1389 praecipue
541 1333 590 1375 ad
611 1331 822 1386 personam
847 1329 1065 1384 dirigitur,
1097 1329 1162 1372 cui
1189 1344 1279 1383 pro-

239 1391 354 1434 xima
379 1391 433 1433 est
459 1389 625 1444 potestas
656 1388 735 1430 alia
756 1388 919 1437 tenuior
940 1418 952 1439 ‚
985 1401 1072 1441 quae
1098 1388 1145 1428 ad
1177 1386 1283 1429 bona

241 1461 403 1491 tantum
436 1446 701 1491 extenditur.
740 1446 859 1486 Unde
898 1459 982 1486 non
1022 1444 1149 1486 tutela
1178 1475 1190 1497 ‚
1223 1444 1284 1486 sed

243 1505 404 1549 curatio
426 1505 574 1548 dicitur
601 1535 613 1556 ,
657 1502 700 1545 &
737 1502 988 1556 patrimonio
1016 1501 1238 1555 praeficitur
1272 1533 1284 1555 ,

242 1578 328 1606 non
356 1560 564 1613 moribus,
595 1561 725 1614 qualis
739 1560 791 1600 eii
806 1574 898 1600 cura
914 1560 1123 1600 minorum
1140 1559 1284 1601 XXV.

244 1619 366 1664 annis
381 1651 393 1673 ‚
425 1633 512 1676 quae
534 1619 579 1661 de
606 1617 786 1659 Praetoris
808 1615 954 1658 Edisti)
981 1617 1164 1670 processit
1186 1647 1195 1657 .
1218 1617 1284 1658 Est

244 1678 371 1723 etiam
398 1693 492 1720 cura
517 1675 597 1718 alia
624 1673 870 1718 furiosorum
891 1704 904 1726 ‚
935 1673 978 1716 &
1005 1674 1285 1728 prodigorum,

245 1751 333 1792 quae
361 1736 408 1779 de
432 1735 538 1778 Xll.
576 1731 730 1774 Tabul.
760 1730 917 1786 legibus
945 1730 1213 1785 proficiscitur
1240 1732 1286 1773 ad

244 1795 484 1849 exemplum
512 1789 693 1833 instituta
717 1788 818 1839 juris
844 1788 976 1831 Attici
1010 1819 1022 1840 ,
1054 1803 1103 1830 ex
1131 1803 1211 1843 quo
1240 1787 1281 1830 li·

246 1853 362 1895 cebat
403 1851 489 1892 filio
534 1861 690 1902 patrem
733 1845 842 1888 senio
868 1844 1134 1900 desipientem
1160 1845 1202 1887 in
1230 1844 1283 1895 ju-

246 1908 403 1951 dicium
428 1920 573 1949 vocare
593 1935 607 1958 ,
640 1915 683 1946 ut
709 1917 792 1945 non
816 1909 939 1944 modo
966 1905 1015 1944 ab
1044 1918 1083 1945 re
1110 1902 1289 1945 familia-

246 1966 281 2009 ri
312 1976 571 2007 amoveretur
591 1992 603 2014 ‚
636 1974 780 2003 verum
813 1959 969 2012 etiam,
1003 1959 1175 2009 desipere
1192 1975 1291 2003 con-

246 2022 379 2065 vissus
403 2052 416 2074 ‚
466 2021 507 2061 in
538 2016 706 2061 vincula
732 2017 946 2060 duceretur
978 2047 987 2057 .
1036 2017 1156 2070 Quod
1188 2016 1292 2068 judi-

247 2079 360 2124 cium
398 2079 556 2121 summa
591 2090 686 2119 cum
726 2073 855 2129 gloria
883 2073 1107 2116 declinavit
1135 2074 1292 2128 Sopho-

246 2136 353 2187 cles,
375 2149 470 2179 cum
495 2134 620 2176 allato
648 2132 695 2174 ad
726 2130 876 2182 judices
889 2133 1049 2185 Oepido
1065 2132 1293 2184 Colonaeo,

248 2207 374 2250 quem
399 2207 536 2234 recens
560 2188 786 2233 absolverat
816 2219 828 2240 ‚
876 2189 1049 2230 ostendit
1092 2202 1175 2230 non
1216 2189 1250 2231 se
1284 2221 1296 2242 ‚

249 2250 319 2307 qui
357 2247 542 2292 confecta
586 2258 701 2289 aetate
731 2245 830 2288 adeo
853 2245 1074 2300 cogitando
1102 2245 1255 2288 valeret
1286 2278 1296 2297 3

252 2308 316 2351 sed
349 2306 456 2349 filios
475 2337 488 2357 3
521 2303 589 2361 qui
617 2318 712 2346 eum
739 2302 1028 2350 accusaverant
1062 2303 1213 2345 mentis
1238 2319 1299 2345 er-

250 2379 341 2408 rore
366 2362 504 2415 jaffari
541 2393 549 2403 .
595 2361 682 2412 (b)
713 2359 876 2415 Prodigi
905 2375 1064 2414 quoque
1093 2359 1297 2403 luxuriose

251 2421 439 2466 viventes
471 2434 617 2473 nempe
644 2416 743 2460 asoti
770 2448 782 2469 ‚
835 2417 987 2460 Atticis
1015 2416 1170 2472 legibus
1196 2417 1297 2469 judi-

250 2479 316 2523 cio
343 2477 659 2530 subjiciebantur
691 2505 702 2522 3
750 2489 879 2529 eoque
920 2474 1090 2519 nomine
1127 2476 1297 2520 damna.

253 2537 404 2579 bantur
439 2533 614 2578 infamia
646 2565 659 2586 ‚
707 2542 751 2575 ut
787 2530 874 2577 foro
935 2531 1005 2575 &·
1031 2533 1301 2584 concionibus

253 2605 533 2636 averterentur
551 2623 561 2634 .
591 2593 648 2642 (c)
677 2593 731 2632 At
749 2591 893 2632 Rom-:c
908 2602 1000 2633 ante
1017 2592 1121 2634 XII.
1143 2592 1296 2635 Tabul.

258 2660 476 2704 utrumque
502 2663 626 2703 genus
647 2648 871 2690 hominum
898 2647 1034 2690 furiosi
1066 2649 1301 2702 scilicet3&

260 2706 418 2764 prodigi
443 2738 456 2760 ‚
503 2707 643 2749 traditi
666 2711 943 2760 agnatorum,
974 2704 1017 2747 ὃ(
1043 2707 1300 2760 gentilitium

821 2838 1195 2854 -—-—-—-—-——..,

309 2876 370 2918 (a)
397 2876 474 2908 Vade
505 2872 617 2913 cujac.
650 2874 766 2915 t.Jaepe
791 2881 846 2912 43.
873 2871 909 2915 ff.
940 2876 972 2904 V.
989 2875 1026 2904 S.
1046 2873 1120 2915 five
1144 2879 1186 2909 ad
1206 2879 1232 2910 l.
1249 2886 1301 2918 59.

266 2922 383 2955 Paulli
409 2921 450 2953 ad
465 2918 560 2953 «dier.

307 2966 348 3006 (b
389 2966 457 3000 Cic.
488 2966 526 2998 de
547 2961 709 3005 seneflute
731 2983 740 2993 .

309 3013 360 3053 (ε)
383 3010 558 3044 Athenaeus
583 3009 784 3049 Dipnosopb.
798 3009 820 3039 1.
839 3018 871 3045 4-
903 3006 1044 3042 AEschin.
1062 3008 1096 3040 in
1113 3009 1276 3043 Timarch-

309 3056 372 3099 (εἰ)
396 3055 466 3089 Cic.
480 3055 527 3087 lib
543 3065 571 3094 3.
592 3054 724 3093 Tuscul.
741 3051 840 3095 quaesl.
875 3053 912 3085 (ν’
928 3052 987 3084 tib,
1008 3063 1037 3086 2.
1055 3055 1091 3085 de
1105 3056 1233 3089 invem.
1260 3056 1300 3088 (9·

265 3102 307 3136 ad
341 3104 479 3133 Herem.
502 3100 609 3141 Iuſsit.
625 3100 661 3130 de
680 3101 780 3130 Curat
808 3101 826 3141 §
851 3099 967 3139 furios:

310 3146 367 3187 (e)
388 3148 447 3181 Lx.
458 3143 499 3191 fi]
511 3147 549 3181 de
562 3153 664 3183 curat·
674 3143 909 3187 furios-Cuia.
925 3146 946 3177 Ι.
958 3153 986 3184 3.
998 3143 1084 3186 sent.
1103 3146 1201 3181 Paul.
1218 3145 1314 3185 rina„

661 47 766 100 DE
805 43 996 120 JURE
1039 43 1457 99 NATURALI
1485 86 1501 116 ‚
1542 48 1924 105 GENTIUM
1947 91 1964 121 ‚

1319 121 1530 175 custodiae,
1557 123 1762 169 bonorum
1783 124 2136 172 administratione
2158 127 2372 184 privaban—

1321 191 1386 241 tur
1411 181 1477 231 (d)
1505 195 1588 244 non
1618 195 1703 225 tam
1730 183 1814 239 lege
1846 216 1857 238 ‚
1888 199 2012 241 quam
2048 185 2232 230 moribus
2254 219 2265 240 ‚
2298 185 2372 244 qui

1320 237 1482 300 deinde·
1502 253 1546 279 in
1579 237 1872 285 decemvirales
1913 243 2019 297 leges
2046 244 2326 288 concesserunt
2362 276 2374 288 .

1324 293 1436 336 Hinc
1475 309 1515 336 in
1553 294 1665 339 libris
1687 298 1785 341 juris
1814 300 1935 343 modo
1968 301 2148 344 motibus
2179 333 2192 355 ,
2243 301 2368 345 modo

1322 351 1426 392 XII.
1444 350 1594 414 Tabul.
1615 353 1768 410 legibus
1793 355 1870 400 hoc
1896 357 2162 402 adscribitur:
2194 360 2253 412 (e)
2274 359 2369 415 quia

1325 422 1419 471 vero
1444 421 1528 452 tam
1555 411 1722 474 turiol‘us
1760 445 1773 467 ‚
1823 431 1946 469 quam
1974 416 2163 472 prodigus
2185 418 2238 459 ob
2273 417 2372 460 ino-

1326 480 1436 528 piam
1467 468 1622 512 consilii
1650 486 1741 529 >rem
1777 471 1886 515 suam
1914 474 2105 516 deterunt
2137 487 2259 530 atque
2295 473 2379 517 dif-

1326 524 1535 587 tunditant
1571 541 1583 578 3
1636 529 1702 569 lub
1729 544 1812 572 uno
1834 530 2059 586 eodemque
2087 533 2190 575 XII.
2223 531 2370 574 Tabul.

1326 595 1456 636 capite
1491 584 1544 625 ob
1578 586 1829 629 concinnam
1871 603 2013 630 earum
2049 589 2294 632 brevitatem
2332 604 2376 631 u·

1328 650 1513 695 tramque
1547 640 1883 686 interdictionem
1912 645 2252 700 comprehensam
2278 662 2377 690 cum

1326 697 1478 747 Jacobo
1509 698 1766 743 Gothofredo
1791 702 2074 744 existimamus
2097 733 2106 743 .
2127 701 2207 755 (f)
2231 704 2295 745 De
2315 702 2381 746 fu-

1329 755 1437 798 riofis
1462 769 1600 800 autem
1626 761 1688 801 lex
1717 760 1823 802 XII.
1852 759 2005 802 Tabul.
2033 761 2287 803 nominatim
2314 775 2384 802 ca-

1329 814 1420 868 vit3
1452 815 1547 870 quia
1574 814 1686 858 furor
1707 848 1719 868 ‚
1753 831 1797 860 ut
1823 817 1879 860 ait
1903 816 2054 883 Cicero
2084 849 2096 870 ‚
2141 817 2195 861 est
2223 817 2379 861 mentis

1327 871 1375 913 ad
1398 887 1541 915 omnia
1566 874 1733 917 coecitas
1753 906 1766 928 ,
1799 890 1845 917 ac
1872 890 2003 925 maior
2027 891 2153 931 quam
2179 875 2336 919 insania
2369 907 2382 930 ,

1327 945 1415 984 quae
1440 930 1596 974 insania
1623 930 1760 974 minor
1781 932 1835 974 est
1862 931 1995 976 furore
2017 965 2029 986 ,
2059 935 2154 989 quia
2181 934 2281 977 tueri
2305 949 2383 988 po-

1328 987 1402 1033 test
1436 989 1669 1031 officiorum
1709 989 2036 1033 mediocritatem
2065 1023 2076 1043 ,
2119 1004 2239 1047 atque
2267 1006 2386 1034 com-

1330 1059 1501 1087 munem
1545 1046 1589 1086 ό(
1627 1044 1819 1088 usitatum
1862 1045 1957 1088 vitae
1995 1047 2196 1100 cultum3
2247 1046 2379 1100 major

1331 1117 1424 1146 vero
1450 1118 1574 1157 quam
1608 1103 1812 1156 stultitia3
1845 1094 1950 1146 unde
1979 1105 2230 1147 Terentius:
2279 1114 2282 1119 ’

1387 1159 1468 1202 Hic
1493 1160 1666 1202 homines
1689 1160 1847 1216 prorsus
1869 1177 1915 1203 ex
1933 1159 2075 1215 stultis
2094 1159 2382 1216 insanosfacit.

1334 1219 1479 1272 Itaque
1508 1217 1644 1267 furiosi
1661 1250 1672 1268 3
1694 1217 1806 1268 cujus
1833 1234 1983 1262 mentis
2010 1220 2098 1262 ulus
2121 1220 2174 1262 est
2201 1223 2387 1264 interce-

1334 1287 1423 1329 ptus
1443 1306 1455 1326 ‚
1488 1276 1719 1318 contraE'tus
1747 1275 1882 1333 nullus
1906 1275 1992 1327 jure
2015 1276 2133 1319 civili
2164 1279 2388 1332 probatur,

1335 1331 1404 1374 etsi
1452 1333 1635 1375 nondum
1680 1333 1844 1376 subierit
1891 1347 2137 1388 agnatorum
2187 1334 2229 1378 &
2257 1334 2396 1390 genti-

1335 1390 1439 1432 lium
1466 1389 1637 1432 tutelam
1682 1407 1694 1444 3
1746 1406 1827 1444 quo
1861 1394 1975 1433 enim
2014 1407 2140 1434 omne
2178 1392 2334 1447 gestum
2366 1407 2391 1435 a

1337 1460 1520 1501 tempore
1548 1445 1696 1490 furoris
1718 1449 1898 1491 irritetur
1931 1480 1943 1502 3
1986 1447 2164 1491 furorem
2212 1448 2390 1503 probasse

1339 1503 1508 1547 sufficiet
1543 1536 1552 1546 .
1603 1508 1688 1561 (g)
1728 1506 1840 1548 furor
1876 1519 2014 1548 autem
2040 1506 2234 1548 omnium
2260 1506 2392 1549 oculis

1338 1561 1557 1604 aestimatur
1589 1593 1598 1603 .
1645 1563 1930 1617 Quamobrem
1959 1563 2027 1617 qui
2052 1579 2101 1605 eo
2126 1563 2346 1617 corripitur
2377 1594 2391 1617 ,

1340 1619 1736 1662 administrationem
1767 1621 1926 1663 amittit
1950 1619 2036 1673 ipso
2057 1619 2143 1670 jure
2159 1652 2171 1673 ,
2201 1621 2247 1664 δε
2266 1621 2395 1676 potest

1341 1676 1460 1731 ipsius
1484 1677 1557 1720 filii
1580 1709 1593 1730 ,
1626 1677 1652 1719 si
1676 1678 1810 1721 filium
1840 1678 1985 1720 habeat
2012 1678 2190 1720 sobrium
2220 1709 2233 1731 ‚
2277 1693 2398 1723 cura*

1342 1735 1444 1776 tioni
1474 1734 1611 1785 subjici
1634 1766 1643 1776 .
1675 1736 1741 1786 (h)
1774 1736 1969 1790 Prodigus
1993 1748 2136 1777 contra
2162 1736 2267 1779 reae
2292 1750 2398 1778 con-

1343 1791 1494 1845 trahit,
1514 1806 1737 1848 antequam
1762 1792 1961 1835 sententia
1989 1792 2244 1847 magistratus
2264 1808 2285 1834 a
2302 1792 2396 1835 suo-

1346 1865 1437 1892 rum
1462 1850 1665 1893 bonorum
1694 1850 1951 1892 commercio
1976 1862 2164 1892 arceatur
2185 1881 2194 1891 .
2228 1849 2390 1893 Mentis

1344 1908 1458 1949 enim
1483 1907 1672 1962 prodigus
1699 1907 1819 1949 habet
1846 1905 1961 1949 usum
1988 1921 2000 1958 3
2047 1905 2108 1948 sed
2132 1922 2181 1949 eo
2208 1919 2352 1960 peccat
2381 1937 2396 1960 ‚

1347 1965 1451 2018 quod
1478 1964 1608 2007 animi
1638 1966 1841 2007 rationem
1875 1962 2122 2018 appetitioni
2151 1963 2357 2006 submittit
2383 1992 2394 2005 .

1354 2022 1444 2063 ideo
1481 2021 1882 2064 administrationem
1920 2035 2003 2062 non
2045 2019 2129 2074 ipso
2154 2020 2240 2071 jure
2271 2046 2285 2074 ‚—
2337 2019 2402 2064 sed

1348 2078 1633 2122 interdiffione
1666 2079 1922 2133 magistratus
1946 2077 2103 2120 amittit
2133 2108 2142 2118 .
2177 2077 2294 2120 Hinc
2325 2079 2402 2130 Ju-

1350 2136 1482 2179 lianus
1512 2136 1568 2178 ait
1593 2137 1670 2187 (i)
1699 2152 1760 2179 eos
1782 2168 1794 2189 ,
1826 2136 1974 2191 quibus
1998 2145 2068 2190 per
2096 2136 2300 2176 Praetorem
2331 2135 2402 2176 bo-

1350 2195 1412 2235 nis
1435 2195 1685 2237 interdifflum
1710 2192 1762 2247 est
1783 2225 1795 2246 ,
1830 2194 1982 2235 Praetor
2007 2206 2145 2234 autern
2163 2190 2397 2234 auetorita-

1352 2266 1432 2293 tem
1458 2266 1506 2292 ex
1533 2251 1630 2304 legis
1658 2251 1848 2303 potestate
1879 2250 2052 2291 sumtam
2075 2280 2087 2302 ‚
2134 2247 2210 2291 hac
2234 2246 2400 2292 formu-

1354 2308 1389 2350 la
1417 2311 1656 2350 exercebat:
1691 2309 1783 2358 (k)

1424 2378 1659 2453 Quando
1719 2393 1808 2431 tua
1848 2378 1984 2432 hona
2028 2392 2243 2448 paterna
2286 2377 2400 2431 avi-

1353 2473 1505 2528 taque
1547 2453 1778 2526 nequitia
1822 2471 1909 2508 tua
1938 2453 2179 2525 disperdis
2207 2495 2221 2522 ‚
2267 2452 2401 2517 libe-

1354 2538 1533 2605 rosque
1580 2550 1702 2588 tuos.
1725 2533 1788 2586 ad
1817 2533 2094 2605 egestatem
2137 2532 2400 2604 perduci83

1353 2615 1421 2666 ob
1476 2630 1594 2665 eam
1638 2629 1748 2663 rem
1794 2609 1893 2664 tibi
1935 2630 1996 2664 ea
2040 2628 2092 2662 re
2138 2627 2398 2662 commer-

1355 2691 1537 2760 cioque
1581 2686 1839 2741 interdico
1864 2728 1878 2742 .

2309 2766 2401 2821 Qua

1399 2876 1452 2917 (f
1500 2875 1536 2906 in
1564 2875 1656 2908 notis
1689 2874 1802 2906 adhoc
1829 2881 1929 2915 capue
1955 2875 2040 2905 XII.
2069 2874 2133 2907 tab.
2154 2877 2183 2918 §.
2194 2876 2312 2919 furios.
2343 2886 2405 2911 aun

1376 2921 1446 2954 rodi
1472 2931 1530 2954 us.

1352 2928 1374 2964 p
1400 2931 1468 3006 (gg,
1485 2963 1579 3007 gloss.
1598 2962 1638 2996 <¹5
1653 2967 1734 2997 DD.
1749 2964 1825 2996 inl.
1840 2963 1869 2996 is
1884 2962 1985 3004 cuiffl
2005 2964 2035 2996 d.
2054 2967 2089 2996 V.
2107 2966 2146 2997 0.

1399 3013 1460 3051 (h)
1483 3012 1506 3043 Ι.
1538 3011 1586 3041 his
1599 3011 1656 3052 qui·
1679 3011 1715 3041 in
1731 3020 1768 3040 ea
1789 3006 1827 3052 ff.
1847 3009 1883 3041 de
1898 3011 1993 3042 tutet.

1399 3055 1453 3095 (ι’)
1476 3055 1675 3097 LJulianus
1700 3053 1736 3096 ff·
1753 3055 1790 3087 de
1817 3064 1919 3086 curat.
1934 3056 2004 3096 fur.
2207 3068 2214 3077 ·

1400 3101 1460 3140 (k)
1490 3101 1576 3131 (aul.
1591 3099 1686 3138 leb.3.
1704 3100 1796 3141 sem.
1814 3100 1906 3139 tit-4-
1926 3100 1984 3134 ubi
1997 3100 2112 3140 Cujac.
2146 3103 2204 3147 qui
2217 3095 2403 3146 informio-

1362 3148 1430 3182 lam
1456 3146 1537 3180 banc
1562 3142 1707 3186 restituit
1725 3167 1735 3180 .
1999 3163 2001 3165 -
