2596 3479
590 21 597 37 C

623 64 653 90 ,q
687 59 690 63 '

238 81 346 133 226
901 90 1043 146 DE
1123 93 1260 150 LE

1306 83 1725 171 GTBUss,

231 155 275 197 ἃ
323 153 467 200 falsum
502 139 738 208 divinitatis
779 165 959 210 colorem
994 168 1044 210 ab
1082 167 1275 216 humanis
1325 174 1430 229 cies,
1462 177 1530 220 ubi
1565 177 1718 233 legibus
1743 177 1992 221 famuletur.
2023 176 2230 234 Siquidem
2260 178 2364 224 sem-

237 212 434 260 institutis
454 211 727 264 absterfimus:
765 222 1044 278 legislatorem
1065 227 1266 282 accipien-

1326 247 1394 286 per
1414 233 1512 277 inest
1539 235 1582 277 in
1615 236 1796 279 humana
1829 249 1973 278 natura
1999 233 2176 278 ferinum
2203 237 2304 280 illud
2336 255 2361 282 a.

236 283 294 314 tes
318 288 440 327 eum,
473 277 542 332 qui
565 293 648 320 non
679 280 799 322 certis
829 281 1019 336 populis,
1045 297 1115 328 aut
1141 286 1272 341 regio·
1325 290 1440 332 nobis
1479 303 1599 335 antea
1638 293 1936 352 significatum,
1968 293 2074 355 quod
2114 296 2358 357 pacandum,

232 330 379 381 nibus,
413 333 471 376 sed
515 349 668 378 naturae
699 335 920 383 hominum
946 341 1141 405 universae
1165 344 1272 401 leges
1321 345 1364 388 ἅ
1395 348 1733 401 compescendum
1766 352 1819 395 est
1851 353 2091 394 verecundia
2118 350 2281 405 legum,
2312 368 2357 396 in

235 389 332 432 tulit
355 403 522 434 trternas
547 392 926 453 insinuatas,atque
948 413 1153 444 enutritas·
1171 417 1270 446 con-

234 445 324 490 silio
357 448 559 503 sapientiae
585 449 726 506 illius,
757 470 844 510 quae
879 457 1071 501 omnium
1098 461 1268 504 creatori

234 504 387 558 adfuit,
420 507 515 550 dum
539 511 774 554 extenderet
794 513 947 557 coelum
964 547 979 567 ,
999 516 1267 572 suspenderet-

233 578 309 618 que
332 562 599 609 fundamenta
631 580 771 623 terrae,
803 587 892 626 quae
918 572 1177 630 illisemper,
1209 589 1266 620 et-

230 619 315 664 iarn
345 635 439 666 ante
474 639 611 669 rerum
655 640 858 672 certarum
889 630 1054 675 exordia
1086 664 1098 686 ,
1133 634 1271 689 praesto

234 677 367 723 fuerat
388 711 397 722 .

374 855 444 898 De
460 856 595 899 vai-it&
612 858 796 902 civitatis
814 858 931 915 mista:
948 859 1092 915 formis
1109 894 1119 905 .

310 969 371 1012 Ed
395 968 477 1021 jam
513 971 561 1014 ad
584 971 738 1016 formas
764 974 944 1018 civitatis
970 977 1119 1032 mistae,
1152 977 1263 1030 cuius

326 1028 489 1071 exordia
512 1030 741 1085 posuimus,
775 1034 1047 1078 transeamus:
1081 1051 1127 1079 ac
1147 1037 1259 1080 dein-

226 1083 272 1125 de
298 1085 345 1127 ad
369 1085 494 1138 alias,
526 1086 570 1129 in
613 1104 711 1144 quas
734 1089 879 1134 civitas
902 1094 1018 1137 mista
1053 1096 1257 1139 converti·

225 1154 328 1193 tur,
360 1144 522 1197 quando
559 1161 783 1200 paucorum
826 1150 991 1205 quidem
1024 1151 1257 1208 opulentia,

223 1199 265 1242 ἂ
290 1199 526 1245 satellitium
547 1205 692 1258 unius,
723 1218 844 1262 atque
871 1209 1056 1263 potentia
1073 1243 1084 1263 ,
1118 1211 1183 1254 vel
1209 1211 1256 1254 li-

222 1258 357 1301 centia
399 1261 677 1306 multitudinis
713 1264 910 1321 redegerit
937 1266 1042 1322 leges
1073 1269 1115 1311 in
1148 1269 1257 1313 suam

223 1316 489 1370 potestatem,
522 1331 565 1361 ut
600 1320 662 1362 vis
700 1322 903 1366 rationem
939 1324 1008 1368 fibi
1033 1325 1257 1380 subjecerit,

224 1384 344 1427 atque
370 1373 527 1417 utilitas
555 1377 713 1431 publica
738 1380 891 1424 cesserit
912 1383 1033 1426 unius
1049 1397 1144 1437 ,aut
1160 1401 1255 1439 pau—

225 1445 368 1473 corum
404 1434 658 1489 commodis,
691 1450 759 1480 aut
791 1437 1069 1484 multitudinis
1099 1442 1257 1485 effrenae

225 1485 491 1543 libidinibus,
524 1503 619 1534 tum·
650 1495 761 1537 euim
785 1527 797 1547 ,
830 1497 925 1550 quia
963 1499 1160 1542 naturalis
1195 1512 1256 1542 at-

222 1560 301 1599 que
326 1547 460 1590 civilis
483 1550 737 1601 perturbatur
755 1552 852 1595 ordo
867 1584 878 1605 ,
909 1554 949 1596 &
969 1556 1071 1600 ratio
1091 1556 1140 1599 ab
1161 1557 1256 1600 affe·

221 1602 448 1656 &ionibus,
483 1605 587 1661 leges
612 1624 633 1650 a
656 1608 855 1653 violentia
879 1610 1137 1667 superantur,
1166 1629 1254 1658 me—

225 1660 304 1701 rito
338 1662 482 1704 civitas
515 1664 630 1707 nobis
666 1668 898 1721 perturbata
937 1672 1255 1725 nuncupabitur,

222 1717 267 1758 in
294 1733 371 1771 qua
398 1720 568 1774 perinde
593 1720 718 1779 atque
741 1724 788 1767 in
822 1725 990 1772 civitate
1028 1729 1144 1772 mista
1176 1743 1256 1774 tres

222 1774 366 1817 itidem
397 1791 517 1820 erunt
553 1779 675 1824 status
700 1813 713 1834 ,
757 1782 938 1828 invicem
971 1785 1040 1829 sibi
1075 1787 1256 1843 opposita

225 1833 385 1876 ratione
412 1836 717 1890 respondentes:
753 1855 908 1896 nempe
928 1842 1072 1897 unius,
1108 1860 1254 1900 pauco-

226 1904 345 1941 rum,
378 1891 419 1932 &
443 1893 742 1950 niu-ltitudinis3
778 1913 953 1954 quorum
989 1901 1157 1958 quisque
1183 1918 1254 1958 op·

223 1945 352 1989 timus
376 1949 574 1994 delabitur
605 1952 647 1995 in
677 1955 888 2007 pessimum
910 1957 979 2000 sibi
1005 1959 1253 2015 oppos-itum,

222 2002 455 2061 habentque
480 2008 626 2065 singuli
651 2011 884 2057 distinElum
910 2014 1028 2059 simul
1054 2033 1148 2060 cum
1179 2034 1259 2062 na-

225 2073 314 2104 tura
340 2078 516 2109 nomen.
558 2069 726 2112 Etenim
757 2071 803 2114 in
828 2072 996 2117 civitate
1030 2075 1148 2118 mista
1182 2091 1257 2132 po·

226 2120 340 2162 testas
359 2124 483 2166 unius
499 2140 670 2181 regnum
694 2129 948 2183 appellatum
970 2134 1138 2186 potestas
1160 2150 1260 2189 pau-

226 2193 371 2222 corum
407 2182 560 2226 dieitur
593 2185 711 2228 slatus
746 2187 1000 2241 optimatum
1029 2206 1042 2243 3
1089 2193 1256 2246 potestas

224 2234 503 2282 multitudinis
528 2241 747 2296 respublica
775 2258 1058 2301 nuncupatur,
1079 2264 1255 2304 quorum

226 2294 400 2336 nomina
435 2296 550 2340 simul
589 2314 683 2342 cum
709 2314 853 2344 natura
891 2318 1035 2348 eorum
1076 2305 1257 2350 civitatis

225 2352 530 2405 perturbatione
550 2369 784 2400 mutantur.
810 2360 1003 2416 Namque
1030 2361 1056 2404 si
1078 2361 1186 2419 leges
1206 2366 1256 2407 ab

226 2423 309 2450 uno
346 2409 604 2467 superentur,
637 2415 744 2457 cadit
781 2431 956 2472 regnum
992 2418 1036 2461 in
1063 2421 1255 2474 tyranni-

223 2466 345 2518 dem3
381 2467 404 2509 si
431 2485 452 2512 a
490 2472 654 2523 paucis,
685 2473 934 2527 optimatum
972 2476 1092 2520 status
1116 2480 1256 2523 transit

224 2522 271 2564 in
306 2524 635 2572 dominationem
677 2545 925 2585 paucorum,
956 2549 1081 2589 quam
1130 2552 1255 2592 graece

225 2580 396 2623 dicimur,
425 2583 675 2637 o'myoepxi'oem
709 2587 735 2628 si
755 2604 777 2630 a
799 2590 1090 2646 multitudine,
1124 2596 1257 2648 respu-

227 2636 333 2678 blica
374 2638 522 2682 defluet
560 2644 602 2683 in
658 2643 802 2688 statum
844 2648 1082 2701 popularem
1121 2682 1134 2704 ,
1178 2652 1257 2696 sive

226 2693 499 2747 δηςωκρατίκν,
523 2712 609 2750 quae
627 2699 712 2743 duae
728 2703 807 2757 post
818 2718 939 2746 remae
952 2706 1110 2760 possunt
1129 2710 1255 2752 etiam

225 2748 418 2801 asi-pedm
444 2756 679 2804 tyrannides
705 2789 717 2811 ,
749 2759 837 2802 hirc
862 2761 1014 2815 plebis,
1047 2763 1121 2808 illa
1159 2783 1257 2822 pau-

223 2821 389 2848 corum.

425 2866 864 2916 CAPUT
972 2877 1053 2921 XI.

600 2985 667 3028 De
697 2986 759 3029 Re
759 3003 835 3044 gno
846 3019 856 3030 .

332 3096 584 3140 Xordiamur
615 3111 753 3146 autem
803 3105 852 3146 ab
885 3105 1059 3159 imperio
1087 3110 1212 3154 unius

1321 403 1467 457 quibus
1488 403 1728 452 humanitas·
1746 408 1919 453 feritatis
1956 423 2097 471 expers
2117 407 2355 471 includitur.

1322 461 1498 505 Etenim
1527 475 1571 506 ut
1605 466 1731 520 probo
1755 467 1966 523 quisquam
1993 465 2040 508 sit
2067 479 2237 521 ingenio
2260 480 2357 518 prae-

1319 518 1453 572 ditus,
1486 533 1625 566 tamen
1664 522 1690 566 fi
1729 524 1869 579 procul
1905 540 1927 566 a
1965 523 2103 579 legum
2141 522 2356 586 conlpefi‘tu

1321 576 1540 632 recesserit,
1575 581 1816 637 proprioque
1837 580 2048 624 indulserit
2068 582 2266 631 arbitrio,
2300 581 2352 623 li-

1321 633 1488 690 beram,
1518 652 1564 680 ac
1607 637 1837 693 supremam
1875 654 2010 681 rerum
2046 637 2283 693 potestatem
2311 654 2354 681 a·

1306 690 1485 746 delium,
1518 693 1560 737 in
1592 697 1829 750 potestatem
1869 697 2060 738 deveniet
2093 710 2350 759 propriarum

1319 750 1613 803 cupiditatum:
1649 770 1671 796 a
1720 754 1867 809 quibus
1890 765 2036 813 exutus
2069 753 2259 815 dominio
2294 752 2350 796 sut

1320 806 1464 861 ipsius,
1496 809 1539 852 in
1565 810 1741 854 aliorum
1765 811 1922 862 vitani,
1949 815 1992 852 ὁ(
2013 824 2110 873 opes
2133 808 2262 871 ueluti
2290 808 2359 872 lu-

1319 879 1388 916 pus
1413 866 1674 922 impelletur.
1710 869 1859 924 Neque
1891 867 2002 911 enim
2029 865 2197 909 difficile.
2230 864 2353 929 fuerit

1315 921 1530 967 hominem
1563 924 1605 967 in
1639 925 1781 980 lupum
1821 926 2096 981 immigrare,
2128 923 2155 966 si
2190 923 2349 986 sangui-

1314 995 1408 1023 nem
1442 981 1621 1033 lambere
1658 983 1829 1039 coeperit
1852 984 2064 1043 alienum,
2095 995 2215 1037 atque
2258 993 2350 1024 vitae

1313 1038 1440 1081 unius·
1469 1039 1678 1084 insidiatus
1694 1036 1714 1093 ”,
1769 1054 1939 1103 cogatur
1985 1041 2173 1093 deinceps
2221 1039 2344 1104 modo

1312 1111 1442 1139 unuin
1477 1096 1647 1152 tollere,
1681 1098 1803 1142 modo
1840 1099 1998 1148 alium,
2031 1111 2164 1160 aquo
2196 1096 2260 1139 vel
2288 1113 2350 1140 vi-

1313 1168 1435 1197 vente
1463 1186 1475 1208 ,
1517 1155 1722 1200 ultionem
1758 1155 2004 1208 injuriarum
2042 1166 2185 1217 timeat
2214 1184 2236 1207 ,.
2279 1153 2348 1198 vel

1313 1213 1542 1265 moriente,
1577 1215 1750 1269 praedam
1780 1215 1905 1270 speret
1930 1215 2191 1275 pinguiorem
2206 1213 2347 1274 ,Un-

1309 1269 1354 1312 de
1382 1270 1413 1312 is
1437 1270 1493 1313 ibi
1516 1271 1645 1323 majus
1667 1283 1884 1327 peccatum
1902 1272 2145 1323 inveniens,
2168 1270 2234 1312 ubi
2257 1285 2346 1334 ma-

1307 1327 1368 1382 gis
1396 1343 1492 1382 opes
1515 1329 1749 1383 abundant,
1781 1329 2049 1373 criminandis
2068 1328 2347 1389 assiduodivi-

1308 1384 1476 1428 tioribus
1519 1386 1738 1444 alienisque
1790 1387 2016 1430 substantiis
2063 1387 2340 1438 devorandis,

1308 1442 1417 1485 suam
1449 1443 1494 1485 in
1525 1444 1607 1488 dies
1631 1445 1794 1500 augebit
1820 1444 1999 1488 famem:
2033 1442 2172 1505 quales
2207 1441 2345 1504 sabula

1307 1500 1425 1554 fingit
1456 1515 1549 1554 e03,
1584 1504 1652 1558 qui
1678 1503 1935 1546 comedendis
1960 1502 2154 1545 humanis
2180 1507 2344 1542 vilceri-

1306 1556 1376 1599 bus
1400 1557 1448 1600 ad
1471 1574 1584 1602 aram
1623 1560 1754 1613 Lycaei
1777 1560 1890 1611 Jovis
1915 1558 1958 1601 in
1985 1560 2101 1613 lupos
2126 1558 2344 1600 mutaban-

1305 1627 1390 1656 tur.
1426 1614 1540 1659 Hinc
1575 1632 1671 1660 euin
1707 1618 1916 1672 optimum
1942 1617 2137 1660 'dicemus
2175 1628 2344 1667 regem,

1303 1671 1372 1727 qui
1407 1672 1518 1716 norit
1554 1689 1699 1731 regere·
1735 1673 1992 1730 semetipsum
2013 1706 2026 1727 ,
2060 1673 2341 1734 reeloremque

1303 1730 1558 1786 propriarum
1601 1731 1876 1789 cupidi-tatum
1915 1733 2112 1795 rec'tprem
2157 1730 2341 1774 aliorum·

1303 1802 1462 1843 quoque
1494 1788 1580 1832 fore
1605 1792 1875 1834 beatissimum
1901 1791 2204 1851 existimamus3
2243 1789 2342 1830 Un-

1302 1844 1349 1887 de
1376 1845 1525 1890 merito
1554 1846 1667 1890 Plato
1691 1846 2016 1908 philosophicam
2042 1859 2172 1909 exigit
2196 1859 2240 1887 in
2277 1859 2344 1888 re-

1303 1917 1353 1958 ge
1384 1916 1599 1948 naturam:
1633 1905 1702 1961 qui
1741 1907 1912 1961 propriae
1955 1909 2175 1948 securitatis
2197 1917 2339 1964 arcem

1304 1975 1394 2002 non
1411 1960 1454 2004 in
1483 1964 1692 2018 praeruptis
1712 1964 1875 2019 rupibus
1900 1963 2098 2015 aedificet,
2121 1960 2181 2003 sed
2205 1974 2249 2023 in
2267 1958 2339 2023 'fa-

1303 2018 1422 2074 stigio
1460 2019 1660 2064 virtutum
1703 2022 1862 2065 suarum
1890 2036 1902 2074 3
1946 2035 2076 2085 neque
2106 2015 2304 2082 *satellitio
2326 2046 2341 2074 ,

1304 2075 1365 2118 sed
1390 2075 1539 2127 justitia
1567 2079 1636 2122 fibi
1671 2079 1852 2130 subjiciat
1888 2093 2050 2142 animps
2079 2091 2265 2137 civium,
2295 2074 2340 2118 ὅτ.

1302 2133 1602 2189 admiratione,
1622 2153 1668 2181 ac
1694 2137 1807 2180 laude
1830 2136 2045 2193 probitatis
2060 2135 2233 2178 latentes
2253 2147 2338 2174 ini-

1304 2192 1433 2235 micos
1469 2208 1692 2248 exarmet,
1723 2208 1847 2252 atque
1881 2195 2147 2255 prosternati
2186 2188 2338 2244 Quales

1305 2249 1544 2294 felicissimis
1564 2251 1672 2296 hisce
1697 2252 1947 2306 temporibus
1970 2251 2226 2295 Christianos
2250 2247 2339 2290 Eu-

1306 2321 1410 2361 ropae
1436 2323 1546 2363 reges
1577 2324 1722 2353 omnes
1766 2310 1987 2360 babemus,
2021 2308 2232 2364 qualesque
2266 2304 2342 2347 ho-

1306 2379 1398 2406 rum
1424 2366 1617 2421 exemplo
1641 2367 1825 2410 evasuros
1850 2367 2342 2427 confidimus‚quotquot

1306 2421 1618 2477 intellexerint,
1649 2439 1738 2467 eam
1769 2425 1878 2467 inter
1903 2424 2093 2468 homines
2129 2434 2257 2483 vitam
2282 2418 2340 2462 es-

1308 2480 1342 2523 se
1378 2479 1647 2525 beatissimam
1675 2513 1686 2535 ,
1719 2498 1806 2538 quae
1847 2482 2037 2525 dolorum
2072 2491 2225 2536 pariter
2249 2476 2339 2540 Q&

1308 2536 1568 2592 voluptatum
1593 2540 1806 2595 participet
1829 2541 1990 2593 minus,
2022 2535 2344 2598 quaeque-levio·

1308 2595 1415 2638 ribus
1443 2598 1623 2639 motibus
1646 2598 1908 2652 impellatur,
1941 2598 2019 2641 sive
2048 2593 2339 2644 molestisillis‚

1307 2652 1385 2695 five
1425 2651 1632 2703 jucundis:
1665 2670 1760 2698 cuzn
1786 2656 1906 2699 nulla
1932 2656 1978 2698 fit
2004 2653 2231 2697 vehemens.
2255 2648 2338 2691 sine

1308 2709 1607 2755 vehementiori
1634 2714 1938 2766 perturbatione
1965 2711 2177 2774 voluptas:
2195 2721 2241 2749 ac
2267 2720 2342 2748 ne-

1309 2767 1468 2809 minem·
1500 2780 1612 2821 tuto,
1645 2769 1687 2811 ἃ
1731 2769 1952 2825 tranquille
1988 2767 2177 2822 poshdere
2212 2764 2344 2816 suum,

1308 2825 1376 2880 qui
1413 2836 1607 2878 perpetuo
1626 2826 1764 2880 cupiat
1780 2827 1941 2869 aliena,
1973 2826 2159 2878 Quarum
2185 2821 2348 2884 senten-

1310 2883 1456 2925 tiarum
1485 2881 1611 2924 homo
1639 2883 1686 2925 ad
1713 2883 1933 2938 imperium
1973 2897 2057 2925 non
2095 2880 2344 2947 ambitione,

1307 2955 1352 2982 ac
1390 2939 1530 2995 sponte
1567 2939 1659 2992 si133
1694 2939 1753 2982 sed
1788 2941 1936 2995 partim
1976 2951 2119 2993 rogatu
2160 2948 2341 3004 aliorum

1311 3011 1444 3052 perget
1462 3029 1476 3050 ,
1506 2997 1658 3051 partim
1684 3012 1778 3040 vero
1805 3012 1943 3049 metu,
1975 3013 2025 3040 ne
2051 2997 2076 3039 fi
2103 3002 2341 3059 potestatem

1310 3055 1388 3107 'ipse
1419 3054 1625 3108 publicam
1663 3055 1882 3108 detrectet,
1918 3055 1952 3099 se
1980 3055 2123 3108 simul,
2155 3053 2340 3106 civesque

1247 3144 1259 3165 ,
1314 3111 1396 3154 suos
1417 3111 1619 3169 relinquat
1643 3111 1684 3155 in
1726 3114 1916 3166 potestate
1953 3113 2225 3182 deteriorum.
2260 3114 2341 3151 At·

348 3169 435 3208 quer
466 3156 623 3211 optima
653 3159 708 3203 est
752 3175 860 3206 certe
892 3163 1128 3221 reipublicae
1173 3175 1258 3226 lpe·
1311 3185 1386 3226 que
1420 3168 1514 3215 huic
1547 3186 1631 3214 non
1663 3169 1825 3216 aliunde
1858 3170 2039 3228 profesio
2075 3171 2264 3215 lateliites
2294 3163 2343 3207 ad

2265 3236 2357 3267 001·-
