<?xml version="1.0" encoding="UTF-8"?>
<!DOCTYPE html PUBLIC "-//W3C//DTD XHTML 1.0 Transitional//EN"
    "http://www.w3.org/TR/xhtml1/DTD/xhtml1-transitional.dtd">
<html xmlns="http://www.w3.org/1999/xhtml" xml:lang="en" lang="en">
 <head>
  <title>
</title>
<meta http-equiv="Content-Type" content="text/html;charset=utf-8" />
  <meta name='ocr-system' content='tesseract 3.04.00' />
  <meta name='ocr-capabilities' content='ocr_page ocr_carea ocr_par ocr_line ocrx_word'/>
</head>
<body>
  <div class='ocr_page' id='page_1' title='image "./janivincentiigra01gravuoft_0120.png"; bbox 0 0 2524 3479; ppageno 0'>
   <div class='ocr_carea' id='block_1_1' title="bbox 224 173 1248 1562">
    <p class='ocr_par' dir='ltr' id='par_1_1' title="bbox 224 173 1248 1439">
     <span class='ocr_line' id='line_1_1' title="bbox 232 173 1243 230; baseline 0.007 -16"><span class='ocrx_word' id='word_1_1' title='bbox 232 188 298 215; x_wconf 78' lang='lat' dir='ltr'>tur</span> <span class='ocrx_word' id='word_1_2' title='bbox 319 187 331 224; x_wconf 75' lang='lat'>3</span> <span class='ocrx_word' id='word_1_3' title='bbox 364 184 493 226; x_wconf 87' lang='lat' dir='ltr'>eoque</span> <span class='ocrx_word' id='word_1_4' title='bbox 517 185 628 215; x_wconf 84' lang='lat' dir='ltr'>anno</span> <span class='ocrx_word' id='word_1_5' title='bbox 654 173 826 218; x_wconf 86' lang='lat' dir='ltr'>ineunte</span> <span class='ocrx_word' id='word_1_6' title='bbox 851 174 1078 230; x_wconf 80' lang='lat' dir='ltr'>Papiniano</span> <span class='ocrx_word' id='word_1_7' title='bbox 1101 174 1243 221; x_wconf 85' lang='lat' dir='ltr'>festum</span> 
     </span>
     <span class='ocr_line' id='line_1_2' title="bbox 231 229 1243 286; baseline 0.003 -12"><span class='ocrx_word' id='word_1_8' title='bbox 231 231 343 274; x_wconf 88' lang='lat' dir='ltr'>diem</span> <span class='ocrx_word' id='word_1_9' title='bbox 371 229 572 285; x_wconf 87' lang='lat' dir='ltr'>agebant.</span> <span class='ocrx_word' id='word_1_10' title='bbox 598 232 714 275; x_wconf 82' lang='lat' dir='ltr'>Hinc</span> <span class='ocrx_word' id='word_1_11' title='bbox 740 232 1021 286; x_wconf 81' lang='lat' dir='ltr'>Hieronymus</span> <span class='ocrx_word' id='word_1_12' title='bbox 1046 233 1154 277; x_wconf 88' lang='lat' dir='ltr'>aliud</span> <span class='ocrx_word' id='word_1_13' title='bbox 1180 235 1243 277; x_wconf 88' lang='lat' dir='ltr'>in-</span> 
     </span>
     <span class='ocr_line' id='line_1_3' title="bbox 235 286 1247 347; baseline 0.004 -16"><span class='ocrx_word' id='word_1_14' title='bbox 235 289 328 346; x_wconf 83' lang='lat' dir='ltr'>quit</span> <span class='ocrx_word' id='word_1_15' title='bbox 357 286 517 330; x_wconf 80' lang='lat' dir='ltr'>Paullus</span> <span class='ocrx_word' id='word_1_16' title='bbox 545 289 707 343; x_wconf 79' lang='lat' dir='ltr'>noster3</span> <span class='ocrx_word' id='word_1_17' title='bbox 735 289 847 333; x_wconf 86' lang='lat' dir='ltr'>aliud</span> <span class='ocrx_word' id='word_1_18' title='bbox 873 290 1122 346; x_wconf 79' lang='lat' dir='ltr'>Papinianus</span> <span class='ocrx_word' id='word_1_19' title='bbox 1149 308 1247 347; x_wconf 84' lang='lat' dir='ltr'>prae-</span> 
     </span>
     <span class='ocr_line' id='line_1_4' title="bbox 233 346 1246 404; baseline 0.002 -13"><span class='ocrx_word' id='word_1_20' title='bbox 233 346 362 403; x_wconf 87' lang='lat' dir='ltr'>cipit:</span> <span class='ocrx_word' id='word_1_21' title='bbox 398 347 670 402; x_wconf 85' lang='lat' dir='ltr'>Eundemque</span> <span class='ocrx_word' id='word_1_22' title='bbox 699 347 836 392; x_wconf 91' lang='lat' dir='ltr'>locum</span> <span class='ocrx_word' id='word_1_23' title='bbox 862 348 1087 404; x_wconf 83' lang='lat' dir='ltr'>Papiniano</span> <span class='ocrx_word' id='word_1_24' title='bbox 1105 350 1246 393; x_wconf 77' lang='lat' dir='ltr'>tribuit</span> 
     </span>
     <span class='ocr_line' id='line_1_5' title="bbox 234 404 1247 462; baseline 0.002 -14"><span class='ocrx_word' id='word_1_25' title='bbox 234 404 278 449; x_wconf 89' lang='lat' dir='ltr'>in</span> <span class='ocrx_word' id='word_1_26' title='bbox 307 405 490 447; x_wconf 83' lang='lat' dir='ltr'>humano</span> <span class='ocrx_word' id='word_1_27' title='bbox 520 404 604 456; x_wconf 83' lang='lat' dir='ltr'>jure</span> <span class='ocrx_word' id='word_1_28' title='bbox 639 438 650 458; x_wconf 90' lang='lat'><strong>‚</strong></span> <span class='ocrx_word' id='word_1_29' title='bbox 700 422 823 462; x_wconf 89' lang='lat' dir='ltr'>quem</span> <span class='ocrx_word' id='word_1_30' title='bbox 858 406 977 450; x_wconf 86' lang='lat' dir='ltr'>habet</span> <span class='ocrx_word' id='word_1_31' title='bbox 1011 406 1174 450; x_wconf 82' lang='lat' dir='ltr'>Paullus</span> <span class='ocrx_word' id='word_1_32' title='bbox 1205 408 1247 451; x_wconf 90' lang='lat' dir='ltr'>in</span> 
     </span>
     <span class='ocr_line' id='line_1_6' title="bbox 230 462 1247 519; baseline 0.002 -13"><span class='ocrx_word' id='word_1_33' title='bbox 230 463 392 506; x_wconf 89' lang='lat' dir='ltr'>Divino</span> <span class='ocrx_word' id='word_1_34' title='bbox 417 494 426 504; x_wconf 93' lang='lat'><strong>.</strong></span> <span class='ocrx_word' id='word_1_35' title='bbox 460 462 704 507; x_wconf 78' lang='lat' dir='ltr'>Maximum</span> <span class='ocrx_word' id='word_1_36' title='bbox 733 464 823 508; x_wconf 86' lang='lat' dir='ltr'>sane</span> <span class='ocrx_word' id='word_1_37' title='bbox 845 464 1164 519; x_wconf 78' lang='lat' dir='ltr'>jurisprudentiae</span> <span class='ocrx_word' id='word_1_38' title='bbox 1183 465 1247 508; x_wconf 87' lang='lat' dir='ltr'>in-</span> 
     </span>
     <span class='ocr_line' id='line_1_7' title="bbox 233 521 1247 578; baseline 0.002 -14"><span class='ocrx_word' id='word_1_39' title='bbox 233 533 491 564; x_wconf 87' lang='lat' dir='ltr'>crementum</span> <span class='ocrx_word' id='word_1_40' title='bbox 511 553 522 574; x_wconf 91' lang='lat'>,</span> <span class='ocrx_word' id='word_1_41' title='bbox 553 521 596 564; x_wconf 73' lang='lat'>8&lt;</span> <span class='ocrx_word' id='word_1_42' title='bbox 622 521 688 565; x_wconf 79' lang='lat' dir='ltr'>vir</span> <span class='ocrx_word' id='word_1_43' title='bbox 714 522 850 577; x_wconf 81' lang='lat' dir='ltr'>priscis</span> <span class='ocrx_word' id='word_1_44' title='bbox 874 523 1123 578; x_wconf 81' lang='lat' dir='ltr'>Reipublicae</span> <span class='ocrx_word' id='word_1_45' title='bbox 1143 536 1247 566; x_wconf 88' lang='lat' dir='ltr'>tem-</span> 
     </span>
     <span class='ocr_line' id='line_1_8' title="bbox 233 576 1246 635; baseline 0.003 -14"><span class='ocrx_word' id='word_1_46' title='bbox 233 578 398 634; x_wconf 80' lang='lat' dir='ltr'>poribus</span> <span class='ocrx_word' id='word_1_47' title='bbox 434 576 579 634; x_wconf 85' lang='lat' dir='ltr'>dignus</span> <span class='ocrx_word' id='word_1_48' title='bbox 618 611 630 631; x_wconf 90' lang='lat'><strong>‚</strong></span> <span class='ocrx_word' id='word_1_49' title='bbox 680 579 749 635; x_wconf 83' lang='lat' dir='ltr'>qui</span> <span class='ocrx_word' id='word_1_50' title='bbox 792 579 1027 624; x_wconf 81' lang='lat' dir='ltr'>Romanam</span> <span class='ocrx_word' id='word_1_51' title='bbox 1054 580 1246 632; x_wconf 75' lang='lat' dir='ltr'>justitiam</span> 
     </span>
     <span class='ocr_line' id='line_1_9' title="bbox 237 635 1248 694; baseline 0.002 -15"><span class='ocrx_word' id='word_1_52' title='bbox 237 635 394 691; x_wconf 85' lang='lat' dir='ltr'>scriptis</span> <span class='ocrx_word' id='word_1_53' title='bbox 415 635 553 678; x_wconf 84' lang='lat' dir='ltr'>docuit</span> <span class='ocrx_word' id='word_1_54' title='bbox 576 667 588 688; x_wconf 73' lang='lat'>‚</span> <span class='ocrx_word' id='word_1_55' title='bbox 639 636 682 679; x_wconf 85' lang='lat'>&amp;</span> <span class='ocrx_word' id='word_1_56' title='bbox 713 637 768 681; x_wconf 88' lang='lat' dir='ltr'>sui</span> <span class='ocrx_word' id='word_1_57' title='bbox 795 638 913 693; x_wconf 86' lang='lat' dir='ltr'>ipsius</span> <span class='ocrx_word' id='word_1_58' title='bbox 938 638 1082 693; x_wconf 86' lang='lat' dir='ltr'>capitis</span> <span class='ocrx_word' id='word_1_59' title='bbox 1109 639 1248 694; x_wconf 89' lang='lat' dir='ltr'>perni—</span> 
     </span>
     <span class='ocr_line' id='line_1_10' title="bbox 238 693 1243 750; baseline 0.004 -14"><span class='ocrx_word' id='word_1_60' title='bbox 238 693 301 736; x_wconf 87' lang='lat' dir='ltr'>cie</span> <span class='ocrx_word' id='word_1_61' title='bbox 335 725 343 733; x_wconf 95' lang='lat'>.</span> <span class='ocrx_word' id='word_1_62' title='bbox 397 693 518 746; x_wconf 81' lang='lat' dir='ltr'>Quod</span> <span class='ocrx_word' id='word_1_63' title='bbox 553 693 769 750; x_wconf 82' lang='lat' dir='ltr'>ingenium</span> <span class='ocrx_word' id='word_1_64' title='bbox 797 695 872 738; x_wconf 82' lang='lat' dir='ltr'>suis</span> <span class='ocrx_word' id='word_1_65' title='bbox 897 697 1089 739; x_wconf 91' lang='lat' dir='ltr'>omnibus</span> <span class='ocrx_word' id='word_1_66' title='bbox 1114 697 1154 739; x_wconf 91' lang='lat' dir='ltr'>in</span> <span class='ocrx_word' id='word_1_67' title='bbox 1184 712 1243 740; x_wconf 89' lang='lat' dir='ltr'>re-</span> 
     </span>
     <span class='ocr_line' id='line_1_11' title="bbox 238 749 1245 808; baseline 0.006 -17"><span class='ocrx_word' id='word_1_68' title='bbox 238 749 386 806; x_wconf 85' lang='lat' dir='ltr'>sponsis</span> <span class='ocrx_word' id='word_1_69' title='bbox 459 763 625 807; x_wconf 90' lang='lat' dir='ltr'>totoque</span> <span class='ocrx_word' id='word_1_70' title='bbox 677 768 822 808; x_wconf 82' lang='lat' dir='ltr'>genere</span> <span class='ocrx_word' id='word_1_71' title='bbox 851 753 1052 796; x_wconf 86' lang='lat' dir='ltr'>orationis</span> <span class='ocrx_word' id='word_1_72' title='bbox 1076 752 1210 797; x_wconf 89' lang='lat' dir='ltr'>elucet</span> <span class='ocrx_word' id='word_1_73' title='bbox 1237 787 1245 797; x_wconf 92' lang='lat'><em>.</em></span> 
     </span>
     <span class='ocr_line' id='line_1_12' title="bbox 244 806 1246 866; baseline 0.005 -16"><span class='ocrx_word' id='word_1_74' title='bbox 244 807 351 850; x_wconf 88' lang='lat' dir='ltr'>Inest</span> <span class='ocrx_word' id='word_1_75' title='bbox 390 806 503 850; x_wconf 86' lang='lat' dir='ltr'>enim</span> <span class='ocrx_word' id='word_1_76' title='bbox 542 809 582 851; x_wconf 89' lang='lat' dir='ltr'>in</span> <span class='ocrx_word' id='word_1_77' title='bbox 618 825 666 853; x_wconf 86' lang='lat' dir='ltr'>eo</span> <span class='ocrx_word' id='word_1_78' title='bbox 705 823 844 864; x_wconf 59' lang='lat' dir='ltr'>praeter</span> <span class='ocrx_word' id='word_1_79' title='bbox 869 810 1122 866; x_wconf 78' lang='lat' dir='ltr'>elegantiam</span> <span class='ocrx_word' id='word_1_80' title='bbox 1148 843 1160 864; x_wconf 92' lang='lat'>‚</span> <span class='ocrx_word' id='word_1_81' title='bbox 1203 812 1246 855; x_wconf 69' lang='grc' dir='ltr'>ἃ</span> 
     </span>
     <span class='ocr_line' id='line_1_13' title="bbox 232 865 1244 920; baseline 0.003 -11"><span class='ocrx_word' id='word_1_82' title='bbox 232 865 453 909; x_wconf 89' lang='lat' dir='ltr'>candorem</span> <span class='ocrx_word' id='word_1_83' title='bbox 478 866 694 910; x_wconf 84' lang='lat' dir='ltr'>latinitatis</span> <span class='ocrx_word' id='word_1_84' title='bbox 716 899 727 920; x_wconf 83' lang='lat'>‚</span> <span class='ocrx_word' id='word_1_85' title='bbox 759 868 952 911; x_wconf 84' lang='lat' dir='ltr'>omnibus</span> <span class='ocrx_word' id='word_1_86' title='bbox 975 868 1244 920; x_wconf 86' lang='lat' dir='ltr'>Jurisconsul-</span> 
     </span>
     <span class='ocr_line' id='line_1_14' title="bbox 229 921 1243 981; baseline 0.004 -15"><span class='ocrx_word' id='word_1_87' title='bbox 229 923 284 966; x_wconf 83' lang='lat' dir='ltr'>tis</span> <span class='ocrx_word' id='word_1_88' title='bbox 311 921 584 977; x_wconf 81' lang='lat' dir='ltr'>familiarem,</span> <span class='ocrx_word' id='word_1_89' title='bbox 620 926 798 981; x_wconf 82' lang='lat' dir='ltr'>gravitas</span> <span class='ocrx_word' id='word_1_90' title='bbox 829 926 945 979; x_wconf 81' lang='lat' dir='ltr'>talis,</span> <span class='ocrx_word' id='word_1_91' title='bbox 980 939 1022 968; x_wconf 92' lang='lat' dir='ltr'>ut</span> <span class='ocrx_word' id='word_1_92' title='bbox 1050 941 1133 968; x_wconf 89' lang='lat' dir='ltr'>non</span> <span class='ocrx_word' id='word_1_93' title='bbox 1161 940 1243 970; x_wconf 91' lang='lat' dir='ltr'>tam</span> 
     </span>
     <span class='ocr_line' id='line_1_15' title="bbox 232 981 1245 1040; baseline 0.004 -16"><span class='ocrx_word' id='word_1_94' title='bbox 232 981 501 1035; x_wconf 85' lang='lat' dir='ltr'>interpretem</span> <span class='ocrx_word' id='word_1_95' title='bbox 529 1014 540 1034; x_wconf 82' lang='lat'>,</span> <span class='ocrx_word' id='word_1_96' title='bbox 586 997 709 1036; x_wconf 77' lang='lat' dir='ltr'>quam</span> <span class='ocrx_word' id='word_1_97' title='bbox 751 982 925 1025; x_wconf 85' lang='lat' dir='ltr'>latorem</span> <span class='ocrx_word' id='word_1_98' title='bbox 962 983 1098 1038; x_wconf 79' lang='lat' dir='ltr'>legum</span> <span class='ocrx_word' id='word_1_99' title='bbox 1129 1000 1245 1040; x_wconf 81' lang='lat' dir='ltr'>agere</span> 
     </span>
     <span class='ocr_line' id='line_1_16' title="bbox 235 1038 1242 1085; baseline 0.005 -5"><span class='ocrx_word' id='word_1_100' title='bbox 235 1038 420 1080; x_wconf 68' lang='lat' dir='ltr'>videatur</span> <span class='ocrx_word' id='word_1_101' title='bbox 463 1070 471 1079; x_wconf 91' lang='lat'>.</span> <span class='ocrx_word' id='word_1_102' title='bbox 528 1039 811 1082; x_wconf 84' lang='lat' dir='ltr'>Catonianam</span> <span class='ocrx_word' id='word_1_103' title='bbox 859 1055 930 1083; x_wconf 89' lang='lat' dir='ltr'>nos</span> <span class='ocrx_word' id='word_1_104' title='bbox 972 1041 1242 1085; x_wconf 79' lang='lat' dir='ltr'>constantiam</span> 
     </span>
     <span class='ocr_line' id='line_1_17' title="bbox 231 1094 1244 1148; baseline 0.004 -10"><span class='ocrx_word' id='word_1_105' title='bbox 231 1094 434 1144; x_wconf 86' lang='lat' dir='ltr'>Principis</span> <span class='ocrx_word' id='word_1_106' title='bbox 469 1094 844 1146; x_wconf 80' lang='lat' dir='ltr'>jurisconsultorum</span> <span class='ocrx_word' id='word_1_107' title='bbox 867 1129 879 1148; x_wconf 75' lang='lat'>,</span> <span class='ocrx_word' id='word_1_108' title='bbox 933 1097 973 1140; x_wconf 90' lang='lat' dir='ltr'>in</span> <span class='ocrx_word' id='word_1_109' title='bbox 1005 1098 1165 1142; x_wconf 84' lang='lat' dir='ltr'>scenam</span> <span class='ocrx_word' id='word_1_110' title='bbox 1198 1099 1244 1142; x_wconf 87' lang='lat' dir='ltr'>ad</span> 
     </span>
     <span class='ocr_line' id='line_1_18' title="bbox 227 1152 1241 1211; baseline 0.005 -16"><span class='ocrx_word' id='word_1_111' title='bbox 227 1152 467 1207; x_wconf 85' lang='lat' dir='ltr'>popularem</span> <span class='ocrx_word' id='word_1_112' title='bbox 496 1153 815 1198; x_wconf 84' lang='lat' dir='ltr'>admirationem</span> <span class='ocrx_word' id='word_1_113' title='bbox 841 1155 1082 1199; x_wconf 86' lang='lat' dir='ltr'>adduximus</span> <span class='ocrx_word' id='word_1_114' title='bbox 1103 1189 1115 1211; x_wconf 83' lang='lat'>‚</span> <span class='ocrx_word' id='word_1_115' title='bbox 1137 1158 1241 1201; x_wconf 88' lang='lat' dir='ltr'>Ver-</span> 
     </span>
     <span class='ocr_line' id='line_1_19' title="bbox 224 1209 1241 1271; baseline 0.006 -19"><span class='ocrx_word' id='word_1_116' title='bbox 224 1209 466 1253; x_wconf 85' lang='lat' dir='ltr'>nacularum</span> <span class='ocrx_word' id='word_1_117' title='bbox 492 1211 812 1265; x_wconf 79' lang='lat' dir='ltr'>Tragoediarum</span> <span class='ocrx_word' id='word_1_118' title='bbox 845 1214 929 1266; x_wconf 79' lang='lat'>&lt;*)</span> <span class='ocrx_word' id='word_1_119' title='bbox 953 1227 1121 1269; x_wconf 76' lang='lat' dir='ltr'>quarta,</span> <span class='ocrx_word' id='word_1_120' title='bbox 1153 1231 1241 1271; x_wconf 76' lang='lat' dir='ltr'>quae</span> 
     </span>
     <span class='ocr_line' id='line_1_20' title="bbox 225 1267 777 1323; baseline 0.005 -13"><span class='ocrx_word' id='word_1_121' title='bbox 225 1267 463 1315; x_wconf 85' lang='lat' dir='ltr'>inscribitur</span> <span class='ocrx_word' id='word_1_122' title='bbox 489 1269 746 1323; x_wconf 78' lang='lat' dir='ltr'>Papinianus</span> <span class='ocrx_word' id='word_1_123' title='bbox 766 1300 777 1313; x_wconf 79' lang='grc'><strong>.</strong></span> 
     </span>
     <span class='ocr_line' id='line_1_21' title="bbox 427 1325 1036 1371; baseline 0.007 -4"><span class='ocrx_word' id='word_1_124' title='bbox 427 1325 467 1367; x_wconf 87' lang='lat' dir='ltr'>C</span> <span class='ocrx_word' id='word_1_125' title='bbox 529 1330 569 1369; x_wconf 90' lang='lat' dir='ltr'><strong>A</strong></span> <span class='ocrx_word' id='word_1_126' title='bbox 632 1327 660 1368; x_wconf 92' lang='lat' dir='ltr'>P</span> <span class='ocrx_word' id='word_1_127' title='bbox 721 1329 764 1369; x_wconf 95' lang='lat' dir='ltr'>U</span> <span class='ocrx_word' id='word_1_128' title='bbox 828 1328 871 1368; x_wconf 91' lang='lat' dir='ltr'><strong>T</strong></span> <span class='ocrx_word' id='word_1_129' title='bbox 984 1328 1036 1371; x_wconf 91' lang='lat' dir='ltr'>C.</span> 
     </span>
     <span class='ocr_line' id='line_1_22' title="bbox 479 1384 991 1439; baseline 0 -12"><span class='ocrx_word' id='word_1_130' title='bbox 479 1384 547 1427; x_wconf 77' lang='lat' dir='ltr'>De</span> <span class='ocrx_word' id='word_1_131' title='bbox 579 1384 761 1426; x_wconf 81' lang='lat' dir='ltr'>Domitio</span> <span class='ocrx_word' id='word_1_132' title='bbox 795 1385 963 1439; x_wconf 76' lang='lat' dir='ltr'>Ulpiano</span> <span class='ocrx_word' id='word_1_133' title='bbox 982 1417 991 1427; x_wconf 90' lang='lat'><em>.</em></span> 
     </span>
    </p>

    <p class='ocr_par' dir='ltr' id='par_1_2' title="bbox 236 1437 1224 1540">
     <span class='ocr_line' id='line_1_23' title="bbox 236 1437 1224 1540; baseline 0.006 -60"><span class='ocrx_word' id='word_1_134' title='bbox 236 1437 253 1540; x_wconf 73' lang='grc' dir='ltr'>Ι</span> <span class='ocrx_word' id='word_1_135' title='bbox 313 1437 328 1540; x_wconf 74' lang='grc' dir='ltr'>Ι</span> <span class='ocrx_word' id='word_1_136' title='bbox 358 1440 458 1482; x_wconf 89' lang='lat' dir='ltr'>Une</span> <span class='ocrx_word' id='word_1_137' title='bbox 495 1440 672 1496; x_wconf 89' lang='lat' dir='ltr'>sequitur</span> <span class='ocrx_word' id='word_1_138' title='bbox 697 1442 912 1485; x_wconf 88' lang='lat' dir='ltr'>Domitius</span> <span class='ocrx_word' id='word_1_139' title='bbox 941 1442 1151 1499; x_wconf 87' lang='lat' dir='ltr'>Ulpianus</span> <span class='ocrx_word' id='word_1_140' title='bbox 1171 1444 1224 1498; x_wconf 83' lang='lat' dir='ltr'>Sy</span> 
     </span>
    </p>

    <p class='ocr_par' dir='ltr' id='par_1_3' title="bbox 377 1498 1241 1562">
     <span class='ocr_line' id='line_1_24' title="bbox 377 1498 1241 1562; baseline 0.007 -23"><span class='ocrx_word' id='word_1_141' title='bbox 377 1513 445 1540; x_wconf 88' lang='lat' dir='ltr'>rus</span> <span class='ocrx_word' id='word_1_142' title='bbox 470 1529 489 1562; x_wconf 34' lang='grc' dir='ltr'>ς,</span> <span class='ocrx_word' id='word_1_143' title='bbox 520 1498 588 1554; x_wconf 91' lang='lat' dir='ltr'>qui</span> <span class='ocrx_word' id='word_1_144' title='bbox 616 1499 853 1554; x_wconf 75' lang='lat' dir='ltr'>praetoribus</span> <span class='ocrx_word' id='word_1_145' title='bbox 881 1500 1014 1554; x_wconf 89' lang='lat' dir='ltr'>primo</span> <span class='ocrx_word' id='word_1_146' title='bbox 1042 1519 1050 1543; x_wconf 93' lang='lat'>:</span> <span class='ocrx_word' id='word_1_147' title='bbox 1098 1502 1241 1545; x_wconf 89' lang='lat' dir='ltr'>deinde</span> 
     </span>
    </p>
   </div>
   <div class='ocr_carea' id='block_1_2' title="bbox 225 1553 1261 1611">
    <p class='ocr_par' dir='ltr' id='par_1_4' title="bbox 225 1553 1261 1611">
     <span class='ocr_line' id='line_1_25' title="bbox 225 1553 1261 1611; baseline 0 -14"><span class='ocrx_word' id='word_1_148' title='bbox 225 1553 297 1608; x_wconf 91' lang='lat' dir='ltr'>ipsi</span> <span class='ocrx_word' id='word_1_149' title='bbox 336 1554 562 1609; x_wconf 84' lang='lat' dir='ltr'>Papiniano</span> <span class='ocrx_word' id='word_1_150' title='bbox 600 1556 788 1611; x_wconf 65' lang='lat' dir='ltr'>praefeS’to</span> <span class='ocrx_word' id='word_1_151' title='bbox 830 1559 1015 1611; x_wconf 64' lang='lat' dir='ltr'>praetorio</span> <span class='ocrx_word' id='word_1_152' title='bbox 1055 1559 1205 1601; x_wconf 84' lang='lat' dir='ltr'>adledit</span> <span class='ocrx_word' id='word_1_153' title='bbox 1233 1592 1261 1600; x_wconf 74' lang='grc'>.,</span> 
     </span>
    </p>
   </div>
   <div class='ocr_carea' id='block_1_3' title="bbox 222 1612 1243 2595">
    <p class='ocr_par' dir='ltr' id='par_1_5' title="bbox 222 1612 1243 2595">
     <span class='ocr_line' id='line_1_26' title="bbox 223 1612 1240 1670; baseline 0.006 -18"><span class='ocrx_word' id='word_1_154' title='bbox 223 1612 311 1662; x_wconf 84' lang='lat' dir='ltr'>(a)</span> <span class='ocrx_word' id='word_1_155' title='bbox 344 1613 501 1656; x_wconf 88' lang='lat' dir='ltr'>Verum</span> <span class='ocrx_word' id='word_1_156' title='bbox 529 1628 597 1667; x_wconf 90' lang='lat' dir='ltr'>per</span> <span class='ocrx_word' id='word_1_157' title='bbox 625 1613 1035 1670; x_wconf 53' lang='lat' dir='ltr'>Heliogabalumflob</span> <span class='ocrx_word' id='word_1_158' title='bbox 1067 1616 1240 1659; x_wconf 86' lang='lat' dir='ltr'>invisam</span> 
     </span>
     <span class='ocr_line' id='line_1_27' title="bbox 230 1669 1243 1728; baseline 0.007 -19"><span class='ocrx_word' id='word_1_159' title='bbox 230 1669 483 1724; x_wconf 64' lang='lat' dir='ltr'>propudiosae</span> <span class='ocrx_word' id='word_1_160' title='bbox 525 1669 687 1714; x_wconf 88' lang='lat' dir='ltr'>libidini</span> <span class='ocrx_word' id='word_1_161' title='bbox 736 1671 984 1723; x_wconf 62' lang='lat' dir='ltr'>trobitatem</span> <span class='ocrx_word' id='word_1_162' title='bbox 1018 1690 1040 1715; x_wconf 91' lang='lat' dir='ltr'>a</span> <span class='ocrx_word' id='word_1_163' title='bbox 1072 1673 1243 1728; x_wconf 81' lang='lat' dir='ltr'>publicis</span> 
     </span>
     <span class='ocr_line' id='line_1_28' title="bbox 225 1727 1242 1786; baseline 0.006 -19"><span class='ocrx_word' id='word_1_164' title='bbox 225 1727 469 1770; x_wconf 81' lang='lat' dir='ltr'>muneribus</span> <span class='ocrx_word' id='word_1_165' title='bbox 505 1727 587 1780; x_wconf 74' lang='lat' dir='ltr'>,iam</span> <span class='ocrx_word' id='word_1_166' title='bbox 629 1729 778 1782; x_wconf 64' lang='lat' dir='ltr'>ejeeius</span> <span class='ocrx_word' id='word_1_167' title='bbox 820 1761 830 1782; x_wconf 84' lang='grc'><em>,</em></span> <span class='ocrx_word' id='word_1_168' title='bbox 881 1730 1014 1786; x_wconf 86' lang='lat' dir='ltr'>postea</span> <span class='ocrx_word' id='word_1_169' title='bbox 1069 1731 1242 1774; x_wconf 88' lang='lat' dir='ltr'>redditus</span> 
     </span>
     <span class='ocr_line' id='line_1_29' title="bbox 226 1784 1237 1842; baseline 0.005 -16"><span class='ocrx_word' id='word_1_170' title='bbox 226 1784 482 1839; x_wconf 75' lang='lat' dir='ltr'>Reipublicae</span> <span class='ocrx_word' id='word_1_171' title='bbox 525 1785 602 1828; x_wconf 87' lang='lat' dir='ltr'>fuit</span> <span class='ocrx_word' id='word_1_172' title='bbox 632 1819 645 1840; x_wconf 79' lang='lat'>‚</span> <span class='ocrx_word' id='word_1_173' title='bbox 693 1786 735 1830; x_wconf 69' lang='grc' dir='ltr'>ὃς</span> <span class='ocrx_word' id='word_1_174' title='bbox 766 1788 966 1842; x_wconf 73' lang='lat' dir='ltr'>Magister</span> <span class='ocrx_word' id='word_1_175' title='bbox 1007 1788 1141 1831; x_wconf 84' lang='lat' dir='ltr'>scrinii</span> <span class='ocrx_word' id='word_1_176' title='bbox 1184 1788 1237 1831; x_wconf 90' lang='lat' dir='ltr'>as—</span> 
     </span>
     <span class='ocr_line' id='line_1_30' title="bbox 228 1842 1237 1901; baseline 0.006 -18"><span class='ocrx_word' id='word_1_177' title='bbox 228 1842 386 1884; x_wconf 79' lang='lat' dir='ltr'>sumtus</span> <span class='ocrx_word' id='word_1_178' title='bbox 411 1843 460 1885; x_wconf 89' lang='lat' dir='ltr'>ab</span> <span class='ocrx_word' id='word_1_179' title='bbox 484 1843 724 1887; x_wconf 82' lang='lat' dir='ltr'>Alexandro</span> <span class='ocrx_word' id='word_1_180' title='bbox 748 1846 930 1888; x_wconf 88' lang='lat' dir='ltr'>Severo:</span> <span class='ocrx_word' id='word_1_181' title='bbox 966 1844 1078 1896; x_wconf 82' lang='lat' dir='ltr'>cujus</span> <span class='ocrx_word' id='word_1_182' title='bbox 1111 1846 1237 1901; x_wconf 87' lang='lat' dir='ltr'>impe-</span> 
     </span>
     <span class='ocr_line' id='line_1_31' title="bbox 228 1900 1238 1959; baseline 0.007 -19"><span class='ocrx_word' id='word_1_183' title='bbox 228 1914 336 1941; x_wconf 62' lang='lat' dir='ltr'>runi</span> <span class='ocrx_word' id='word_1_184' title='bbox 370 1900 581 1955; x_wconf 73' lang='lat' dir='ltr'>regebatur</span> <span class='ocrx_word' id='word_1_185' title='bbox 613 1931 624 1954; x_wconf 89' lang='lat'>‚</span> <span class='ocrx_word' id='word_1_186' title='bbox 658 1902 834 1958; x_wconf 88' lang='lat' dir='ltr'>Ulpiani</span> <span class='ocrx_word' id='word_1_187' title='bbox 861 1902 1032 1945; x_wconf 81' lang='lat' dir='ltr'>confilio</span> <span class='ocrx_word' id='word_1_188' title='bbox 1056 1935 1067 1956; x_wconf 90' lang='lat'>‚</span> <span class='ocrx_word' id='word_1_189' title='bbox 1118 1919 1238 1959; x_wconf 87' lang='lat' dir='ltr'>quem</span> 
     </span>
     <span class='ocr_line' id='line_1_32' title="bbox 228 1959 1241 2014; baseline 0.008 -17"><span class='ocrx_word' id='word_1_190' title='bbox 228 1971 482 2012; x_wconf 77' lang='lat' dir='ltr'>repugnante</span> <span class='ocrx_word' id='word_1_191' title='bbox 499 1959 681 2014; x_wconf 86' lang='lat' dir='ltr'>primum</span> <span class='ocrx_word' id='word_1_192' title='bbox 697 1992 709 2013; x_wconf 92' lang='lat'>,</span> <span class='ocrx_word' id='word_1_193' title='bbox 736 1960 878 2003; x_wconf 84' lang='lat' dir='ltr'>deinde</span> <span class='ocrx_word' id='word_1_194' title='bbox 894 1959 1084 2004; x_wconf 77' lang='lat' dir='ltr'>laudante</span> <span class='ocrx_word' id='word_1_195' title='bbox 1100 1962 1241 2005; x_wconf 85' lang='lat' dir='ltr'>Mam-</span> 
     </span>
     <span class='ocr_line' id='line_1_33' title="bbox 223 2016 1239 2074; baseline 0.006 -18"><span class='ocrx_word' id='word_1_196' title='bbox 223 2029 325 2056; x_wconf 48' lang='grc' dir='ltr'>πῆξε</span> <span class='ocrx_word' id='word_1_197' title='bbox 351 2028 480 2058; x_wconf 84' lang='lat' dir='ltr'>matre</span> <span class='ocrx_word' id='word_1_198' title='bbox 496 2032 566 2072; x_wconf 90' lang='lat' dir='ltr'>pro</span> <span class='ocrx_word' id='word_1_199' title='bbox 583 2028 715 2060; x_wconf 88' lang='lat' dir='ltr'>tutore</span> <span class='ocrx_word' id='word_1_200' title='bbox 730 2016 918 2060; x_wconf 82' lang='lat' dir='ltr'>adhibuit</span> <span class='ocrx_word' id='word_1_201' title='bbox 939 2049 950 2070; x_wconf 87' lang='lat'><em>‚</em></span> <span class='ocrx_word' id='word_1_202' title='bbox 983 2019 1046 2070; x_wconf 76' lang='lat' dir='ltr'>(b)</span> <span class='ocrx_word' id='word_1_203' title='bbox 1064 2034 1239 2074; x_wconf 86' lang='lat' dir='ltr'>eumque</span> 
     </span>
     <span class='ocr_line' id='line_1_34' title="bbox 222 2071 1240 2132; baseline 0.007 -20"><span class='ocrx_word' id='word_1_204' title='bbox 222 2071 368 2114; x_wconf 80' lang='lat' dir='ltr'>dilexit</span> <span class='ocrx_word' id='word_1_205' title='bbox 397 2088 474 2127; x_wconf 71' lang='lat' dir='ltr'>prae</span> <span class='ocrx_word' id='word_1_206' title='bbox 500 2074 640 2117; x_wconf 89' lang='lat' dir='ltr'>ceteris</span> <span class='ocrx_word' id='word_1_207' title='bbox 666 2074 972 2126; x_wconf 66' lang='lat' dir='ltr'>jurisconsultis</span> <span class='ocrx_word' id='word_1_208' title='bbox 1007 2107 1018 2128; x_wconf 91' lang='lat'><strong>‚</strong></span> <span class='ocrx_word' id='word_1_209' title='bbox 1052 2091 1152 2132; x_wconf 81' lang='lat' dir='ltr'>quos</span> <span class='ocrx_word' id='word_1_210' title='bbox 1173 2078 1240 2119; x_wconf 86' lang='lat' dir='ltr'>ad-</span> 
     </span>
     <span class='ocr_line' id='line_1_35' title="bbox 224 2131 1238 2189; baseline 0.008 -20"><span class='ocrx_word' id='word_1_211' title='bbox 224 2145 369 2172; x_wconf 66' lang='lat' dir='ltr'>⁷vocare</span> <span class='ocrx_word' id='word_1_212' title='bbox 405 2131 447 2173; x_wconf 90' lang='lat' dir='ltr'>in</span> <span class='ocrx_word' id='word_1_213' title='bbox 485 2131 702 2175; x_wconf 79' lang='lat' dir='ltr'>consilium</span> <span class='ocrx_word' id='word_1_214' title='bbox 734 2132 998 2176; x_wconf 82' lang='lat' dir='ltr'>consueverat</span> <span class='ocrx_word' id='word_1_215' title='bbox 1019 2164 1030 2186; x_wconf 85' lang='lat'>‚</span> <span class='ocrx_word' id='word_1_216' title='bbox 1063 2133 1238 2189; x_wconf 88' lang='lat' dir='ltr'>quosque</span> 
     </span>
     <span class='ocr_line' id='line_1_36' title="bbox 227 2186 1235 2246; baseline 0.006 -18"><span class='ocrx_word' id='word_1_217' title='bbox 227 2186 355 2229; x_wconf 82' lang='lat' dir='ltr'>veluti</span> <span class='ocrx_word' id='word_1_218' title='bbox 383 2187 574 2241; x_wconf 72' lang='lat' dir='ltr'>Pythiam</span> <span class='ocrx_word' id='word_1_219' title='bbox 603 2189 837 2233; x_wconf 85' lang='lat' dir='ltr'>consulebat</span> <span class='ocrx_word' id='word_1_220' title='bbox 861 2223 872 2244; x_wconf 88' lang='lat'>‚</span> <span class='ocrx_word' id='word_1_221' title='bbox 905 2202 1127 2246; x_wconf 86' lang='lat' dir='ltr'>antequam</span> <span class='ocrx_word' id='word_1_222' title='bbox 1147 2207 1235 2245; x_wconf 78' lang='lat' dir='ltr'>gra·</span> 
     </span>
     <span class='ocr_line' id='line_1_37' title="bbox 226 2243 1234 2305; baseline 0.005 -21"><span class='ocrx_word' id='word_1_223' title='bbox 226 2258 276 2305; x_wconf 76' lang='lat' dir='ltr'>ve</span> <span class='ocrx_word' id='word_1_224' title='bbox 302 2243 457 2298; x_wconf 83' lang='lat' dir='ltr'>aliquid</span> <span class='ocrx_word' id='word_1_225' title='bbox 485 2247 782 2299; x_wconf 76' lang='lat' dir='ltr'>aggrederetur.</span> <span class='ocrx_word' id='word_1_226' title='bbox 800 2249 858 2300; x_wconf 89' lang='lat' dir='ltr'>(c)</span> <span class='ocrx_word' id='word_1_227' title='bbox 881 2249 1050 2292; x_wconf 82' lang='lat' dir='ltr'>Horum</span> <span class='ocrx_word' id='word_1_228' title='bbox 1080 2247 1234 2302; x_wconf 90' lang='lat' dir='ltr'>sapien-</span> 
     </span>
     <span class='ocr_line' id='line_1_38' title="bbox 229 2301 1237 2358; baseline 0.007 -17"><span class='ocrx_word' id='word_1_229' title='bbox 229 2312 296 2342; x_wconf 82' lang='lat' dir='ltr'>tiae</span> <span class='ocrx_word' id='word_1_230' title='bbox 322 2301 533 2345; x_wconf 84' lang='lat' dir='ltr'>tribuenda</span> <span class='ocrx_word' id='word_1_231' title='bbox 568 2304 622 2346; x_wconf 87' lang='lat' dir='ltr'>est</span> <span class='ocrx_word' id='word_1_232' title='bbox 657 2305 884 2348; x_wconf 88' lang='lat' dir='ltr'>moderatio</span> <span class='ocrx_word' id='word_1_233' title='bbox 909 2304 980 2349; x_wconf 87' lang='lat' dir='ltr'>illa</span> <span class='ocrx_word' id='word_1_234' title='bbox 997 2306 1143 2358; x_wconf 65' lang='lat' dir='ltr'>¹Severi</span> <span class='ocrx_word' id='word_1_235' title='bbox 1177 2306 1237 2348; x_wconf 82' lang='lat' dir='ltr'>su-</span> 
     </span>
     <span class='ocr_line' id='line_1_39' title="bbox 232 2359 1235 2420; baseline 0.009 -22"><span class='ocrx_word' id='word_1_236' title='bbox 232 2372 304 2412; x_wconf 82' lang='lat' dir='ltr'>per</span> <span class='ocrx_word' id='word_1_237' title='bbox 334 2359 416 2401; x_wconf 86' lang='lat' dir='ltr'>fisci</span> <span class='ocrx_word' id='word_1_238' title='bbox 452 2360 626 2415; x_wconf 86' lang='lat' dir='ltr'>negotiis</span> <span class='ocrx_word' id='word_1_239' title='bbox 657 2393 670 2414; x_wconf 86' lang='lat'>‚</span> <span class='ocrx_word' id='word_1_240' title='bbox 719 2363 1063 2420; x_wconf 74' lang='lat' dir='ltr'>conditarumque</span> <span class='ocrx_word' id='word_1_241' title='bbox 1101 2364 1151 2406; x_wconf 85' lang='lat' dir='ltr'>ab</span> <span class='ocrx_word' id='word_1_242' title='bbox 1187 2379 1235 2407; x_wconf 94' lang='lat' dir='ltr'>eo</span> 
     </span>
     <span class='ocr_line' id='line_1_40' title="bbox 225 2415 1233 2477; baseline 0.007 -21"><span class='ocrx_word' id='word_1_243' title='bbox 225 2415 569 2461; x_wconf 86' lang='lat' dir='ltr'>constitutionum</span> <span class='ocrx_word' id='word_1_244' title='bbox 585 2417 755 2474; x_wconf 88' lang='lat' dir='ltr'>lenitas,</span> <span class='ocrx_word' id='word_1_245' title='bbox 775 2434 895 2476; x_wconf 85' lang='lat' dir='ltr'>atque</span> <span class='ocrx_word' id='word_1_246' title='bbox 909 2425 1099 2477; x_wconf 73' lang='lat' dir='ltr'>aequitas.</span> <span class='ocrx_word' id='word_1_247' title='bbox 1121 2422 1233 2466; x_wconf 81' lang='lat' dir='ltr'>Cum</span> 
     </span>
     <span class='ocr_line' id='line_1_41' title="bbox 225 2473 1229 2524; baseline 0.009 -10"><span class='ocrx_word' id='word_1_248' title='bbox 225 2473 439 2518; x_wconf 87' lang='lat' dir='ltr'>nerninem</span> <span class='ocrx_word' id='word_1_249' title='bbox 475 2475 538 2519; x_wconf 50' lang='lat' dir='ltr'>ad*</span> <span class='ocrx_word' id='word_1_250' title='bbox 562 2474 597 2519; x_wconf 89' lang='lat' dir='ltr'>se</span> <span class='ocrx_word' id='word_1_251' title='bbox 624 2475 752 2520; x_wconf 92' lang='lat' dir='ltr'>solum</span> <span class='ocrx_word' id='word_1_252' title='bbox 780 2479 1016 2523; x_wconf 83' lang='lat' dir='ltr'>Alexander</span> <span class='ocrx_word' id='word_1_253' title='bbox 1043 2479 1229 2524; x_wconf 83' lang='lat' dir='ltr'>admitte-</span> 
     </span>
     <span class='ocr_line' id='line_1_42' title="bbox 222 2533 1234 2595; baseline 0.01 -22"><span class='ocrx_word' id='word_1_254' title='bbox 222 2544 310 2583; x_wconf 76' lang='lat' dir='ltr'>ret3</span> <span class='ocrx_word' id='word_1_255' title='bbox 345 2543 434 2576; x_wconf 88' lang='lat' dir='ltr'>tum</span> <span class='ocrx_word' id='word_1_256' title='bbox 461 2547 512 2577; x_wconf 88' lang='lat' dir='ltr'>ne</span> <span class='ocrx_word' id='word_1_257' title='bbox 536 2533 600 2577; x_wconf 91' lang='lat' dir='ltr'>cui</span> <span class='ocrx_word' id='word_1_258' title='bbox 623 2533 798 2579; x_wconf 86' lang='lat' dir='ltr'>nimiam</span> <span class='ocrx_word' id='word_1_259' title='bbox 819 2538 922 2593; x_wconf 88' lang='lat' dir='ltr'>apud</span> <span class='ocrx_word' id='word_1_260' title='bbox 943 2537 1142 2595; x_wconf 85' lang='lat' dir='ltr'>populum</span> <span class='ocrx_word' id='word_1_261' title='bbox 1163 2554 1234 2595; x_wconf 87' lang='lat' dir='ltr'>po-</span> 
     </span>
    </p>
   </div>
   <div class='ocr_carea' id='block_1_4' title="bbox 547 2670 651 2679">
    <p class='ocr_par' dir='ltr' id='par_1_6' title="bbox 547 2670 651 2679">
     <span class='ocr_line' id='line_1_43' title="bbox 547 2670 651 2679; baseline 0 0"><span class='ocrx_word' id='word_1_262' title='bbox 547 2670 651 2679; x_wconf 95' lang='lat' dir='ltr'> </span> 
     </span>
    </p>
   </div>
   <div class='ocr_carea' id='block_1_5' title="bbox 654 2671 865 2680">
    <p class='ocr_par' dir='ltr' id='par_1_7' title="bbox 654 2671 865 2680">
     <span class='ocr_line' id='line_1_44' title="bbox 654 2671 865 2680; baseline 0 799"><span class='ocrx_word' id='word_1_263' title='bbox 654 2671 865 2680; x_wconf 95' lang='lat' dir='ltr'> </span> 
     </span>
    </p>
   </div>
   <div class='ocr_carea' id='block_1_6' title="bbox 867 2673 969 2682">
    <p class='ocr_par' dir='ltr' id='par_1_8' title="bbox 867 2673 969 2682">
     <span class='ocr_line' id='line_1_45' title="bbox 867 2673 969 2682; baseline 0 797"><span class='ocrx_word' id='word_1_264' title='bbox 867 2673 969 2682; x_wconf 95' lang='lat' dir='ltr'> </span> 
     </span>
    </p>
   </div>
   <div class='ocr_carea' id='block_1_7' title="bbox 1130 2672 1231 2683">
    <p class='ocr_par' dir='ltr' id='par_1_9' title="bbox 1130 2672 1231 2683">
     <span class='ocr_line' id='line_1_46' title="bbox 1130 2672 1231 2683; baseline 0.01 -1"><span class='ocrx_word' id='word_1_265' title='bbox 1130 2672 1231 2683; x_wconf 62' lang='lat'>——4</span> 
     </span>
    </p>
   </div>
   <div class='ocr_carea' id='block_1_8' title="bbox 229 2698 1235 3199">
    <p class='ocr_par' dir='ltr' id='par_1_10' title="bbox 229 2698 1235 3004">
     <span class='ocr_line' id='line_1_47' title="bbox 281 2698 1235 2750; baseline 0.009 -19"><span class='ocrx_word' id='word_1_266' title='bbox 281 2698 339 2737; x_wconf 60' lang='lat' dir='ltr'>U)</span> <span class='ocrx_word' id='word_1_267' title='bbox 367 2704 422 2732; x_wconf 78' lang='lat' dir='ltr'>Hae</span> <span class='ocrx_word' id='word_1_268' title='bbox 448 2712 588 2734; x_wconf 85' lang='lat' dir='ltr'>numero</span> <span class='ocrx_word' id='word_1_269' title='bbox 611 2704 754 2747; x_wconf 87' lang='lat' dir='ltr'>quinque</span> <span class='ocrx_word' id='word_1_270' title='bbox 785 2703 923 2742; x_wconf 68' lang='lat' dir='ltr'>iunftiiri</span> <span class='ocrx_word' id='word_1_271' title='bbox 948 2709 1094 2750; x_wconf 76' lang='lat' dir='ltr'>Neapoli</span> <span class='ocrx_word' id='word_1_272' title='bbox 1122 2709 1235 2747; x_wconf 72' lang='lat' dir='ltr'>excuse</span> 
     </span>
     <span class='ocr_line' id='line_1_48' title="bbox 229 2743 1232 2795; baseline 0.011 -23"><span class='ocrx_word' id='word_1_273' title='bbox 229 2743 370 2785; x_wconf 78' lang='lat' dir='ltr'>fuerunt</span> <span class='ocrx_word' id='word_1_274' title='bbox 393 2755 486 2785; x_wconf 70' lang='lat'>³7¹2·</span> <span class='ocrx_word' id='word_1_275' title='bbox 504 2745 543 2778; x_wconf 69' lang='lat'>(9⁶</span> <span class='ocrx_word' id='word_1_276' title='bbox 562 2756 656 2788; x_wconf 80' lang='lat'>17¹7·</span> <span class='ocrx_word' id='word_1_277' title='bbox 673 2750 708 2780; x_wconf 85' lang='lat' dir='ltr'>in</span> <span class='ocrx_word' id='word_1_278' title='bbox 726 2752 755 2781; x_wconf 89' lang='lat'>8.</span> <span class='ocrx_word' id='word_1_279' title='bbox 792 2751 1015 2785; x_wconf 76' lang='lat' dir='ltr'>inscribuntur</span> <span class='ocrx_word' id='word_1_280' title='bbox 1029 2763 1108 2786; x_wconf 84' lang='lat' dir='ltr'>vero</span> <span class='ocrx_word' id='word_1_281' title='bbox 1127 2753 1232 2795; x_wconf 84' lang='lat' dir='ltr'>prima</span> 
     </span>
     <span class='ocr_line' id='line_1_49' title="bbox 237 2787 1234 2840; baseline 0.014 -22"><span class='ocrx_word' id='word_1_282' title='bbox 237 2787 429 2821; x_wconf 78' lang='lat' dir='ltr'>Palamedes</span> <span class='ocrx_word' id='word_1_283' title='bbox 462 2812 473 2830; x_wconf 90' lang='lat'>,</span> <span class='ocrx_word' id='word_1_284' title='bbox 512 2791 649 2824; x_wconf 80' lang='lat' dir='ltr'>secunda</span> <span class='ocrx_word' id='word_1_285' title='bbox 691 2793 900 2828; x_wconf 80' lang='lat' dir='ltr'>Andromeda</span> <span class='ocrx_word' id='word_1_286' title='bbox 927 2819 937 2835; x_wconf 85' lang='lat'>‚</span> <span class='ocrx_word' id='word_1_287' title='bbox 974 2798 1075 2831; x_wconf 68' lang='lat' dir='ltr'>tertia</span> <span class='ocrx_word' id='word_1_288' title='bbox 1107 2798 1234 2840; x_wconf 75' lang='lat' dir='ltr'>Appius</span> 
     </span>
     <span class='ocr_line' id='line_1_50' title="bbox 233 2831 1235 2884; baseline 0.008 -18"><span class='ocrx_word' id='word_1_289' title='bbox 233 2831 390 2866; x_wconf 84' lang='lat' dir='ltr'>Claudius</span> <span class='ocrx_word' id='word_1_290' title='bbox 419 2857 429 2874; x_wconf 84' lang='lat'>‚</span> <span class='ocrx_word' id='word_1_291' title='bbox 470 2845 587 2878; x_wconf 80' lang='lat' dir='ltr'>quarta</span> <span class='ocrx_word' id='word_1_292' title='bbox 620 2838 818 2879; x_wconf 78' lang='lat' dir='ltr'>Papinianus</span> <span class='ocrx_word' id='word_1_293' title='bbox 844 2862 856 2879; x_wconf 87' lang='lat'>,</span> <span class='ocrx_word' id='word_1_294' title='bbox 903 2841 934 2872; x_wconf 83' lang='lat'>&amp;</span> <span class='ocrx_word' id='word_1_295' title='bbox 959 2842 1075 2884; x_wconf 74' lang='lat' dir='ltr'>quinta</span> <span class='ocrx_word' id='word_1_296' title='bbox 1104 2844 1235 2877; x_wconf 81' lang='lat' dir='ltr'>Servius</span> 
     </span>
     <span class='ocr_line' id='line_1_51' title="bbox 233 2878 1231 2924; baseline 0.013 -16"><span class='ocrx_word' id='word_1_297' title='bbox 233 2878 365 2911; x_wconf 77' lang='lat' dir='ltr'>Tullius</span> <span class='ocrx_word' id='word_1_298' title='bbox 390 2902 397 2910; x_wconf 92' lang='lat'>.</span> <span class='ocrx_word' id='word_1_299' title='bbox 426 2884 508 2923; x_wconf 81' lang='lat' dir='ltr'>Quae</span> <span class='ocrx_word' id='word_1_300' title='bbox 526 2881 679 2924; x_wconf 84' lang='lat' dir='ltr'>deinceps</span> <span class='ocrx_word' id='word_1_301' title='bbox 699 2883 739 2915; x_wconf 83' lang='lat' dir='ltr'>ab</span> <span class='ocrx_word' id='word_1_302' title='bbox 757 2883 888 2918; x_wconf 66' lang='lat' dir='ltr'>auctore</span> <span class='ocrx_word' id='word_1_303' title='bbox 915 2887 949 2917; x_wconf 86' lang='lat' dir='ltr'>in</span> <span class='ocrx_word' id='word_1_304' title='bbox 969 2888 1125 2922; x_wconf 79' lang='lat' dir='ltr'>Latinum</span> <span class='ocrx_word' id='word_1_305' title='bbox 1156 2899 1231 2921; x_wconf 86' lang='lat' dir='ltr'>con-</span> 
     </span>
     <span class='ocr_line' id='line_1_52' title="bbox 242 2924 1232 2974; baseline 0.014 -21"><span class='ocrx_word' id='word_1_306' title='bbox 242 2924 341 2955; x_wconf 77' lang='lat' dir='ltr'>versae</span> <span class='ocrx_word' id='word_1_307' title='bbox 370 2924 555 2959; x_wconf 78' lang='lat' dir='ltr'>sermonem</span> <span class='ocrx_word' id='word_1_308' title='bbox 584 2928 810 2960; x_wconf 80' lang='lat' dir='ltr'>custodiuntur</span> <span class='ocrx_word' id='word_1_309' title='bbox 835 2930 918 2973; x_wconf 84' lang='lat' dir='ltr'>apud</span> <span class='ocrx_word' id='word_1_310' title='bbox 946 2931 1098 2968; x_wconf 83' lang='lat' dir='ltr'>heredem</span> <span class='ocrx_word' id='word_1_311' title='bbox 1125 2933 1203 2972; x_wconf 75' lang='lat' dir='ltr'>eius</span> <span class='ocrx_word' id='word_1_312' title='bbox 1221 2956 1232 2974; x_wconf 79' lang='lat'><strong>‚</strong></span> 
     </span>
     <span class='ocr_line' id='line_1_53' title="bbox 240 2971 650 3004; baseline 0.012 -5"><span class='ocrx_word' id='word_1_313' title='bbox 240 2971 371 3000; x_wconf 75' lang='lat' dir='ltr'>Petrum</span> <span class='ocrx_word' id='word_1_314' title='bbox 394 2971 621 3004; x_wconf 74' lang='lat' dir='ltr'>Metastafium</span> <span class='ocrx_word' id='word_1_315' title='bbox 640 2994 650 3003; x_wconf 90' lang='lat'><strong>.</strong></span> 
     </span>
    </p>

    <p class='ocr_par' dir='ltr' id='par_1_11' title="bbox 282 3013 1186 3071">
     <span class='ocr_line' id='line_1_54' title="bbox 282 3013 1186 3071; baseline 0.02 -28"><span class='ocrx_word' id='word_1_316' title='bbox 282 3013 341 3051; x_wconf 74' lang='lat' dir='ltr'>(a)</span> <span class='ocrx_word' id='word_1_317' title='bbox 369 3018 405 3046; x_wconf 80' lang='lat' dir='ltr'>L.</span> <span class='ocrx_word' id='word_1_318' title='bbox 418 3026 442 3046; x_wconf 86' lang='lat'>1.</span> <span class='ocrx_word' id='word_1_319' title='bbox 456 3014 493 3059; x_wconf 77' lang='lat' dir='ltr'>ff.</span> <span class='ocrx_word' id='word_1_320' title='bbox 511 3018 549 3049; x_wconf 76' lang='lat' dir='ltr'>de</span> <span class='ocrx_word' id='word_1_321' title='bbox 563 3016 672 3059; x_wconf 80' lang='lat' dir='ltr'>cenfib.</span> <span class='ocrx_word' id='word_1_322' title='bbox 691 3017 858 3061; x_wconf 80' lang='lat' dir='ltr'>Lamprid.</span> <span class='ocrx_word' id='word_1_323' title='bbox 876 3020 910 3054; x_wconf 75' lang='lat' dir='ltr'>in</span> <span class='ocrx_word' id='word_1_324' title='bbox 923 3021 1035 3059; x_wconf 70' lang='lat' dir='ltr'>sever.</span> <span class='ocrx_word' id='word_1_325' title='bbox 1056 3027 1186 3071; x_wconf 75' lang='lat' dir='ltr'>cap.26e</span> 
     </span>
    </p>

    <p class='ocr_par' dir='ltr' id='par_1_12' title="bbox 281 3057 717 3102">
     <span class='ocr_line' id='line_1_55' title="bbox 281 3057 717 3102; baseline 0.011 -13"><span class='ocrx_word' id='word_1_326' title='bbox 281 3057 339 3098; x_wconf 71' lang='lat' dir='ltr'>(b)</span> <span class='ocrx_word' id='word_1_327' title='bbox 366 3061 534 3102; x_wconf 69' lang='lat' dir='ltr'>Lamprid.</span> <span class='ocrx_word' id='word_1_328' title='bbox 563 3064 597 3094; x_wconf 78' lang='lat' dir='ltr'>in</span> <span class='ocrx_word' id='word_1_329' title='bbox 628 3065 717 3095; x_wconf 79' lang='lat' dir='ltr'>Alex.</span> 
     </span>
    </p>

    <p class='ocr_par' dir='ltr' id='par_1_13' title="bbox 278 3103 856 3147">
     <span class='ocr_line' id='line_1_56' title="bbox 278 3103 856 3147; baseline 0.019 -14"><span class='ocrx_word' id='word_1_330' title='bbox 278 3103 332 3143; x_wconf 74' lang='grc' dir='ltr'>(τ)</span> <span class='ocrx_word' id='word_1_331' title='bbox 357 3106 530 3147; x_wconf 80' lang='lat' dir='ltr'>Lamprid.</span> <span class='ocrx_word' id='word_1_332' title='bbox 560 3109 594 3140; x_wconf 82' lang='lat' dir='ltr'>in</span> <span class='ocrx_word' id='word_1_333' title='bbox 627 3111 718 3140; x_wconf 80' lang='lat' dir='ltr'>Alex.</span> <span class='ocrx_word' id='word_1_334' title='bbox 740 3109 856 3144; x_wconf 67' lang='lat' dir='ltr'>sever.</span> 
     </span>
    </p>

    <p class='ocr_par' dir='ltr' id='par_1_14' title="bbox 279 3148 820 3199">
     <span class='ocr_line' id='line_1_57' title="bbox 279 3148 820 3199; baseline 0.017 -18"><span class='ocrx_word' id='word_1_335' title='bbox 279 3148 341 3190; x_wconf 79' lang='lat' dir='ltr'>(d)</span> <span class='ocrx_word' id='word_1_336' title='bbox 368 3153 553 3186; x_wconf 71' lang='lat' dir='ltr'>animadv.</span> <span class='ocrx_word' id='word_1_337' title='bbox 570 3154 605 3186; x_wconf 78' lang='lat' dir='ltr'>in</span> <span class='ocrx_word' id='word_1_338' title='bbox 622 3155 700 3187; x_wconf 76' lang='lat' dir='ltr'>Arh.</span> <span class='ocrx_word' id='word_1_339' title='bbox 720 3161 820 3199; x_wconf 78' lang='lat' dir='ltr'>cap.7·</span> 
     </span>
    </p>
   </div>
   <div class='ocr_carea' id='block_1_9' title="bbox 973 2675 1128 2683">
    <p class='ocr_par' dir='ltr' id='par_1_15' title="bbox 973 2675 1128 2683">
     <span class='ocr_line' id='line_1_58' title="bbox 973 2675 1128 2683; baseline 0 0"><span class='ocrx_word' id='word_1_340' title='bbox 973 2675 1128 2683; x_wconf 95' lang='lat' dir='ltr'> </span> 
     </span>
    </p>
   </div>
   <div class='ocr_carea' id='block_1_10' title="bbox 618 97 1964 174">
    <p class='ocr_par' dir='ltr' id='par_1_16' title="bbox 618 97 1964 174">
     <span class='ocr_line' id='line_1_59' title="bbox 618 97 1964 174; baseline 0.016 -24"><span class='ocrx_word' id='word_1_341' title='bbox 618 97 744 151; x_wconf 88' lang='lat' dir='ltr'>DE</span> <span class='ocrx_word' id='word_1_342' title='bbox 808 99 1101 167; x_wconf 86' lang='lat' dir='ltr'>ORTU</span> <span class='ocrx_word' id='word_1_343' title='bbox 1165 101 1964 174; x_wconf 82' lang='lat' dir='ltr'>ET.PROGRESSU</span> 
     </span>
    </p>
   </div>
   <div class='ocr_carea' id='block_1_11' title="bbox 1284 187 2366 2547">
    <p class='ocr_par' dir='ltr' id='par_1_17' title="bbox 1296 187 2318 1054">
     <span class='ocr_line' id='line_1_60' title="bbox 1297 187 2312 245; baseline 0.012 -22"><span class='ocrx_word' id='word_1_344' title='bbox 1297 193 1470 245; x_wconf 79' lang='lat' dir='ltr'>tentiam</span> <span class='ocrx_word' id='word_1_345' title='bbox 1498 199 1654 240; x_wconf 89' lang='lat' dir='ltr'>pareret</span> <span class='ocrx_word' id='word_1_346' title='bbox 1679 187 1815 233; x_wconf 81' lang='lat' dir='ltr'>favore</span> <span class='ocrx_word' id='word_1_347' title='bbox 1842 190 1907 234; x_wconf 89' lang='lat' dir='ltr'>suo</span> <span class='ocrx_word' id='word_1_348' title='bbox 1940 206 1952 244; x_wconf 69' lang='grc' dir='ltr'>ς</span> <span class='ocrx_word' id='word_1_349' title='bbox 1996 200 2084 239; x_wconf 86' lang='lat' dir='ltr'>tum</span> <span class='ocrx_word' id='word_1_350' title='bbox 2116 207 2165 237; x_wconf 87' lang='lat' dir='ltr'>ne</span> <span class='ocrx_word' id='word_1_351' title='bbox 2195 189 2312 237; x_wconf 79' lang='lat' dir='ltr'>invi·-</span> 
     </span>
     <span class='ocr_line' id='line_1_61' title="bbox 1296 238 2313 305; baseline 0.012 -24"><span class='ocrx_word' id='word_1_352' title='bbox 1296 238 1404 283; x_wconf 89' lang='lat' dir='ltr'>diam</span> <span class='ocrx_word' id='word_1_353' title='bbox 1429 241 1575 305; x_wconf 80' lang='lat' dir='ltr'>sereret</span> <span class='ocrx_word' id='word_1_354' title='bbox 1605 245 1712 291; x_wconf 90' lang='lat' dir='ltr'>inter</span> <span class='ocrx_word' id='word_1_355' title='bbox 1737 248 1891 292; x_wconf 89' lang='lat' dir='ltr'>amicos</span> <span class='ocrx_word' id='word_1_356' title='bbox 1933 264 1944 303; x_wconf 80' lang='lat'>3</span> <span class='ocrx_word' id='word_1_357' title='bbox 1996 264 2126 294; x_wconf 89' lang='lat' dir='ltr'>unum</span> <span class='ocrx_word' id='word_1_358' title='bbox 2168 263 2313 295; x_wconf 87' lang='lat' dir='ltr'>tamen</span> 
     </span>
     <span class='ocr_line' id='line_1_62' title="bbox 1297 301 2312 362; baseline 0.011 -23"><span class='ocrx_word' id='word_1_359' title='bbox 1297 311 1457 360; x_wconf 72' lang='lat' dir='ltr'>excepit</span> <span class='ocrx_word' id='word_1_360' title='bbox 1488 301 1721 357; x_wconf 83' lang='lat' dir='ltr'>Ulpianum</span> <span class='ocrx_word' id='word_1_361' title='bbox 1749 338 1761 359; x_wconf 85' lang='lat'>‚</span> <span class='ocrx_word' id='word_1_362' title='bbox 1805 322 1927 362; x_wconf 87' lang='lat' dir='ltr'>quem</span> <span class='ocrx_word' id='word_1_363' title='bbox 1961 338 1972 359; x_wconf 87' lang='lat'>‚</span> <span class='ocrx_word' id='word_1_364' title='bbox 2009 306 2170 352; x_wconf 87' lang='lat' dir='ltr'>semotis</span> <span class='ocrx_word' id='word_1_365' title='bbox 2204 308 2312 352; x_wconf 87' lang='lat' dir='ltr'>arbi-</span> 
     </span>
     <span class='ocr_line' id='line_1_63' title="bbox 1298 353 2312 422; baseline 0.014 -27"><span class='ocrx_word' id='word_1_366' title='bbox 1298 365 1368 396; x_wconf 87' lang='lat' dir='ltr'>tris</span> <span class='ocrx_word' id='word_1_367' title='bbox 1391 387 1403 408; x_wconf 86' lang='lat'>‚</span> <span class='ocrx_word' id='word_1_368' title='bbox 1436 357 1483 399; x_wconf 87' lang='lat' dir='ltr'>ad</span> <span class='ocrx_word' id='word_1_369' title='bbox 1510 358 1543 402; x_wconf 91' lang='lat' dir='ltr'>se</span> <span class='ocrx_word' id='word_1_370' title='bbox 1571 353 1772 408; x_wconf 78' lang='lat' dir='ltr'>introduci</span> <span class='ocrx_word' id='word_1_371' title='bbox 1806 364 1986 420; x_wconf 84' lang='lat' dir='ltr'>permisit</span> <span class='ocrx_word' id='word_1_372' title='bbox 2015 396 2024 406; x_wconf 89' lang='lat'><strong>.</strong></span> <span class='ocrx_word' id='word_1_373' title='bbox 2070 367 2186 409; x_wconf 86' lang='lat' dir='ltr'>Nam</span> <span class='ocrx_word' id='word_1_374' title='bbox 2215 381 2312 422; x_wconf 70' lang='lat' dir='ltr'>prce-</span> 
     </span>
     <span class='ocr_line' id='line_1_64' title="bbox 1299 414 2315 481; baseline 0.012 -26"><span class='ocrx_word' id='word_1_375' title='bbox 1299 424 1357 477; x_wconf 79' lang='lat' dir='ltr'>ter</span> <span class='ocrx_word' id='word_1_376' title='bbox 1383 414 1638 481; x_wconf 83' lang='lat' dir='ltr'>prudentiam</span> <span class='ocrx_word' id='word_1_377' title='bbox 1661 451 1674 473; x_wconf 83' lang='lat'>,</span> <span class='ocrx_word' id='word_1_378' title='bbox 1705 422 1864 465; x_wconf 90' lang='lat' dir='ltr'>erudito</span> <span class='ocrx_word' id='word_1_379' title='bbox 1885 422 1967 474; x_wconf 82' lang='lat' dir='ltr'>ejus</span> <span class='ocrx_word' id='word_1_380' title='bbox 1991 422 2202 479; x_wconf 85' lang='lat' dir='ltr'>colloquio</span> <span class='ocrx_word' id='word_1_381' title='bbox 2225 440 2315 467; x_wconf 84' lang='lat' dir='ltr'>ma-</span> 
     </span>
     <span class='ocr_line' id='line_1_65' title="bbox 1297 475 2315 535; baseline 0.013 -24"><span class='ocrx_word' id='word_1_382' title='bbox 1297 486 1409 513; x_wconf 85' lang='lat' dir='ltr'>xime</span> <span class='ocrx_word' id='word_1_383' title='bbox 1440 475 1676 529; x_wconf 84' lang='lat' dir='ltr'>capiebatur</span> <span class='ocrx_word' id='word_1_384' title='bbox 1701 511 1710 521; x_wconf 89' lang='lat'>.</span> <span class='ocrx_word' id='word_1_385' title='bbox 1759 479 1967 524; x_wconf 61' lang='lat' dir='ltr'>Praefetius</span> <span class='ocrx_word' id='word_1_386' title='bbox 1995 482 2180 535; x_wconf 68' lang='lat' dir='ltr'>practorio</span> <span class='ocrx_word' id='word_1_387' title='bbox 2205 497 2315 525; x_wconf 89' lang='lat' dir='ltr'>crea-</span> 
     </span>
     <span class='ocr_line' id='line_1_66' title="bbox 1299 529 2308 595; baseline 0.012 -27"><span class='ocrx_word' id='word_1_388' title='bbox 1299 540 1359 589; x_wconf 78' lang='lat' dir='ltr'>tus</span> <span class='ocrx_word' id='word_1_389' title='bbox 1383 529 1432 571; x_wconf 87' lang='lat' dir='ltr'>ab</span> <span class='ocrx_word' id='word_1_390' title='bbox 1451 532 1592 595; x_wconf 82' lang='lat' dir='ltr'>eodem</span> <span class='ocrx_word' id='word_1_391' title='bbox 1617 536 1805 592; x_wconf 88' lang='lat' dir='ltr'>Principe</span> <span class='ocrx_word' id='word_1_392' title='bbox 1830 538 2035 592; x_wconf 84' lang='lat' dir='ltr'>Ulpianus</span> <span class='ocrx_word' id='word_1_393' title='bbox 2054 539 2152 582; x_wconf 87' lang='lat' dir='ltr'>adeo</span> <span class='ocrx_word' id='word_1_394' title='bbox 2164 539 2308 582; x_wconf 82' lang='lat' dir='ltr'>adver-</span> 
     </span>
     <span class='ocr_line' id='line_1_67' title="bbox 1301 585 2315 647; baseline 0.013 -20"><span class='ocrx_word' id='word_1_395' title='bbox 1301 588 1354 628; x_wconf 79' lang='lat' dir='ltr'>sas</span> <span class='ocrx_word' id='word_1_396' title='bbox 1373 585 1513 631; x_wconf 88' lang='lat' dir='ltr'>habuit</span> <span class='ocrx_word' id='word_1_397' title='bbox 1527 592 1712 637; x_wconf 88' lang='lat' dir='ltr'>militum</span> <span class='ocrx_word' id='word_1_398' title='bbox 1730 595 1960 638; x_wconf 79' lang='lat' dir='ltr'>voluntates</span> <span class='ocrx_word' id='word_1_399' title='bbox 1975 628 1986 647; x_wconf 81' lang='grc'><em>,</em></span> <span class='ocrx_word' id='word_1_400' title='bbox 2003 610 2045 639; x_wconf 90' lang='lat' dir='ltr'>ut</span> <span class='ocrx_word' id='word_1_401' title='bbox 2060 598 2108 640; x_wconf 89' lang='lat' dir='ltr'>ab</span> <span class='ocrx_word' id='word_1_402' title='bbox 2123 596 2171 640; x_wconf 86' lang='lat' dir='ltr'>iis</span> <span class='ocrx_word' id='word_1_403' title='bbox 2185 597 2315 640; x_wconf 83' lang='lat' dir='ltr'>etiam</span> 
     </span>
     <span class='ocr_line' id='line_1_68' title="bbox 1297 643 2313 709; baseline 0.011 -24"><span class='ocrx_word' id='word_1_404' title='bbox 1297 643 1343 686; x_wconf 90' lang='lat' dir='ltr'>ad</span> <span class='ocrx_word' id='word_1_405' title='bbox 1366 659 1508 690; x_wconf 86' lang='lat' dir='ltr'>necem</span> <span class='ocrx_word' id='word_1_406' title='bbox 1532 663 1733 702; x_wconf 88' lang='lat' dir='ltr'>peteretur</span> <span class='ocrx_word' id='word_1_407' title='bbox 1757 669 1765 693; x_wconf 75' lang='grc' dir='ltr'><em>ε</em></span> <span class='ocrx_word' id='word_1_408' title='bbox 1812 669 1833 695; x_wconf 90' lang='lat' dir='ltr'>a</span> <span class='ocrx_word' id='word_1_409' title='bbox 1853 669 1931 708; x_wconf 87' lang='lat' dir='ltr'>qua</span> <span class='ocrx_word' id='word_1_410' title='bbox 1952 653 2071 697; x_wconf 86' lang='lat' dir='ltr'>illum</span> <span class='ocrx_word' id='word_1_411' title='bbox 2097 655 2191 709; x_wconf 71' lang='lat' dir='ltr'>saepe</span> <span class='ocrx_word' id='word_1_412' title='bbox 2223 657 2313 696; x_wconf 86' lang='lat' dir='ltr'>Im-</span> 
     </span>
     <span class='ocr_line' id='line_1_69' title="bbox 1300 706 2314 764; baseline 0.011 -21"><span class='ocrx_word' id='word_1_413' title='bbox 1300 715 1459 756; x_wconf 85' lang='lat' dir='ltr'>perator</span> <span class='ocrx_word' id='word_1_414' title='bbox 1479 737 1490 758; x_wconf 85' lang='lat'>,</span> <span class='ocrx_word' id='word_1_415' title='bbox 1520 706 1564 749; x_wconf 67' lang='grc' dir='ltr'>ὃς</span> <span class='ocrx_word' id='word_1_416' title='bbox 1594 707 1842 764; x_wconf 85' lang='lat' dir='ltr'>aliquando,</span> <span class='ocrx_word' id='word_1_417' title='bbox 1874 710 2028 761; x_wconf 57' lang='lat' dir='ltr'>objecf‘m</span> <span class='ocrx_word' id='word_1_418' title='bbox 2053 711 2181 754; x_wconf 86' lang='lat' dir='ltr'>etiam</span> <span class='ocrx_word' id='word_1_419' title='bbox 2207 711 2314 754; x_wconf 87' lang='lat' dir='ltr'>sum·</span> 
     </span>
     <span class='ocr_line' id='line_1_70' title="bbox 1297 766 2314 822; baseline 0.01 -21"><span class='ocrx_word' id='word_1_420' title='bbox 1297 775 1364 802; x_wconf 89' lang='lat' dir='ltr'>ma</span> <span class='ocrx_word' id='word_1_421' title='bbox 1389 776 1560 816; x_wconf 87' lang='lat' dir='ltr'>purpura</span> <span class='ocrx_word' id='word_1_422' title='bbox 1582 796 1592 816; x_wconf 87' lang='lat'>‚</span> <span class='ocrx_word' id='word_1_423' title='bbox 1624 766 1775 821; x_wconf 87' lang='lat' dir='ltr'>eripuit</span> <span class='ocrx_word' id='word_1_424' title='bbox 1797 799 1806 808; x_wconf 92' lang='lat'><strong>.</strong></span> <span class='ocrx_word' id='word_1_425' title='bbox 1841 768 2045 822; x_wconf 83' lang='lat' dir='ltr'>Quamvis</span> <span class='ocrx_word' id='word_1_426' title='bbox 2076 783 2170 810; x_wconf 84' lang='lat' dir='ltr'>vero</span> <span class='ocrx_word' id='word_1_427' title='bbox 2199 781 2314 811; x_wconf 86' lang='lat' dir='ltr'>tanta</span> 
     </span>
     <span class='ocr_line' id='line_1_71' title="bbox 1298 816 2316 879; baseline 0.01 -20"><span class='ocrx_word' id='word_1_428' title='bbox 1298 816 1421 861; x_wconf 88' lang='lat' dir='ltr'>fuerit</span> <span class='ocrx_word' id='word_1_429' title='bbox 1460 820 1643 866; x_wconf 86' lang='lat' dir='ltr'>hominis</span> <span class='ocrx_word' id='word_1_430' title='bbox 1679 825 1861 867; x_wconf 52' lang='lat' dir='ltr'>doctrina</span> <span class='ocrx_word' id='word_1_431' title='bbox 1897 857 1909 878; x_wconf 87' lang='lat'>,</span> <span class='ocrx_word' id='word_1_432' title='bbox 1957 825 2108 868; x_wconf 84' lang='lat' dir='ltr'>nescias</span> <span class='ocrx_word' id='word_1_433' title='bbox 2132 837 2270 868; x_wconf 87' lang='lat' dir='ltr'>tamen</span> <span class='ocrx_word' id='word_1_434' title='bbox 2301 855 2316 879; x_wconf 85' lang='lat'>‚</span> 
     </span>
     <span class='ocr_line' id='line_1_72' title="bbox 1303 874 2318 940; baseline 0.007 -22"><span class='ocrx_word' id='word_1_435' title='bbox 1303 874 1466 940; x_wconf 77' lang='lat' dir='ltr'>plusne</span> <span class='ocrx_word' id='word_1_436' title='bbox 1491 879 1687 934; x_wconf 86' lang='lat' dir='ltr'>profuerit</span> <span class='ocrx_word' id='word_1_437' title='bbox 1713 881 1898 925; x_wconf 84' lang='lat' dir='ltr'>humano</span> <span class='ocrx_word' id='word_1_438' title='bbox 1921 881 1998 934; x_wconf 81' lang='lat' dir='ltr'>juri</span> <span class='ocrx_word' id='word_1_439' title='bbox 2033 915 2044 934; x_wconf 91' lang='lat'><strong>‚</strong></span> <span class='ocrx_word' id='word_1_440' title='bbox 2089 898 2213 938; x_wconf 91' lang='lat' dir='ltr'>quam</span> <span class='ocrx_word' id='word_1_441' title='bbox 2243 883 2318 925; x_wconf 78' lang='lat' dir='ltr'>ob-</span> 
     </span>
     <span class='ocr_line' id='line_1_73' title="bbox 1296 933 2317 995; baseline 0.009 -21"><span class='ocrx_word' id='word_1_442' title='bbox 1296 933 1438 977; x_wconf 86' lang='lat' dir='ltr'>stiterit</span> <span class='ocrx_word' id='word_1_443' title='bbox 1464 937 1623 981; x_wconf 87' lang='lat' dir='ltr'>Divino</span> <span class='ocrx_word' id='word_1_444' title='bbox 1661 971 1671 981; x_wconf 88' lang='lat'><strong><em>.</em></strong></span> <span class='ocrx_word' id='word_1_445' title='bbox 1721 939 1931 995; x_wconf 85' lang='lat' dir='ltr'>Siquidem</span> <span class='ocrx_word' id='word_1_446' title='bbox 1956 940 2244 984; x_wconf 64' lang='lat' dir='ltr'>aufioritatem</span> <span class='ocrx_word' id='word_1_447' title='bbox 2270 955 2317 983; x_wconf 92' lang='lat' dir='ltr'>o-</span> 
     </span>
     <span class='ocr_line' id='line_1_74' title="bbox 1297 995 2317 1054; baseline 0.007 -21"><span class='ocrx_word' id='word_1_448' title='bbox 1297 1006 1437 1035; x_wconf 87' lang='lat' dir='ltr'>rnnem</span> <span class='ocrx_word' id='word_1_449' title='bbox 1472 1026 1483 1047; x_wconf 90' lang='lat'>‚</span> <span class='ocrx_word' id='word_1_450' title='bbox 1528 995 1570 1038; x_wconf 72' lang='grc' dir='ltr'>ἃ</span> <span class='ocrx_word' id='word_1_451' title='bbox 1612 996 1784 1051; x_wconf 83' lang='lat' dir='ltr'>gratiam</span> <span class='ocrx_word' id='word_1_452' title='bbox 1814 999 1923 1041; x_wconf 89' lang='lat' dir='ltr'>suam</span> <span class='ocrx_word' id='word_1_453' title='bbox 1947 1000 2050 1054; x_wconf 89' lang='lat' dir='ltr'>apud</span> <span class='ocrx_word' id='word_1_454' title='bbox 2080 998 2317 1052; x_wconf 87' lang='lat' dir='ltr'>Principem</span> 
     </span>
    </p>

    <p class='ocr_par' dir='ltr' id='par_1_18' title="bbox 1284 1049 2366 2547">
     <span class='ocr_line' id='line_1_75' title="bbox 1294 1049 2366 1110; baseline 0.007 -20"><span class='ocrx_word' id='word_1_455' title='bbox 1294 1049 1446 1092; x_wconf 87' lang='lat' dir='ltr'>direxit·</span> <span class='ocrx_word' id='word_1_456' title='bbox 1465 1051 1650 1095; x_wconf 83' lang='lat' dir='ltr'>adversus</span> <span class='ocrx_word' id='word_1_457' title='bbox 1680 1054 1934 1097; x_wconf 85' lang='lat' dir='ltr'>Christianos</span> <span class='ocrx_word' id='word_1_458' title='bbox 1962 1073 1969 1096; x_wconf 93' lang='lat'>:</span> <span class='ocrx_word' id='word_1_459' title='bbox 2016 1071 2038 1098; x_wconf 89' lang='lat' dir='ltr'>a</span> <span class='ocrx_word' id='word_1_460' title='bbox 2063 1054 2210 1110; x_wconf 79' lang='lat' dir='ltr'>quibus</span> <span class='ocrx_word' id='word_1_461' title='bbox 2245 1055 2315 1097; x_wconf 86' lang='lat' dir='ltr'>be·</span> <span class='ocrx_word' id='word_1_462' title='bbox 2363 1054 2366 1057; x_wconf 73' lang='grc'>’</span> 
     </span>
     <span class='ocr_line' id='line_1_76' title="bbox 1295 1107 2307 1164; baseline 0.007 -16"><span class='ocrx_word' id='word_1_463' title='bbox 1295 1107 1488 1151; x_wconf 82' lang='lat' dir='ltr'>nevolurn</span> <span class='ocrx_word' id='word_1_464' title='bbox 1525 1110 1788 1164; x_wconf 88' lang='lat' dir='ltr'>Imperatoris</span> <span class='ocrx_word' id='word_1_465' title='bbox 1818 1112 2008 1155; x_wconf 85' lang='lat' dir='ltr'>animum</span> <span class='ocrx_word' id='word_1_466' title='bbox 2038 1144 2049 1163; x_wconf 85' lang='lat'>,</span> <span class='ocrx_word' id='word_1_467' title='bbox 2084 1110 2307 1155; x_wconf 82' lang='lat' dir='ltr'>seminibus</span> 
     </span>
     <span class='ocr_line' id='line_1_77' title="bbox 1293 1165 2317 1222; baseline 0.003 -14"><span class='ocrx_word' id='word_1_468' title='bbox 1293 1165 1418 1208; x_wconf 80' lang='lat' dir='ltr'>etiam</span> <span class='ocrx_word' id='word_1_469' title='bbox 1446 1167 1588 1210; x_wconf 80' lang='lat' dir='ltr'>nostrae</span> <span class='ocrx_word' id='word_1_470' title='bbox 1619 1167 1832 1222; x_wconf 84' lang='lat' dir='ltr'>religionis</span> <span class='ocrx_word' id='word_1_471' title='bbox 1852 1200 1863 1221; x_wconf 89' lang='lat'>‚</span> <span class='ocrx_word' id='word_1_472' title='bbox 1897 1169 2133 1212; x_wconf 88' lang='lat' dir='ltr'>imitatione</span> <span class='ocrx_word' id='word_1_473' title='bbox 2168 1169 2317 1211; x_wconf 85' lang='lat' dir='ltr'>Marn-</span> 
     </span>
     <span class='ocr_line' id='line_1_78' title="bbox 1297 1226 2316 1279; baseline 0.006 -16"><span class='ocrx_word' id='word_1_474' title='bbox 1297 1237 1403 1265; x_wconf 65' lang='lat' dir='ltr'>maere</span> <span class='ocrx_word' id='word_1_475' title='bbox 1431 1226 1573 1268; x_wconf 85' lang='lat' dir='ltr'>matris</span> <span class='ocrx_word' id='word_1_476' title='bbox 1601 1257 1612 1276; x_wconf 79' lang='lat'>,</span> <span class='ocrx_word' id='word_1_477' title='bbox 1647 1226 1852 1270; x_wconf 89' lang='lat' dir='ltr'>imbutum</span> <span class='ocrx_word' id='word_1_478' title='bbox 1876 1258 1887 1279; x_wconf 87' lang='lat'>,</span> <span class='ocrx_word' id='word_1_479' title='bbox 1918 1226 2082 1270; x_wconf 84' lang='lat' dir='ltr'>detorsit</span> <span class='ocrx_word' id='word_1_480' title='bbox 2111 1243 2119 1267; x_wconf 88' lang='lat'><strong>:</strong></span> <span class='ocrx_word' id='word_1_481' title='bbox 2155 1226 2316 1269; x_wconf 84' lang='lat' dir='ltr'>mitissi-</span> 
     </span>
     <span class='ocr_line' id='line_1_79' title="bbox 1296 1283 2318 1337; baseline 0.005 -15"><span class='ocrx_word' id='word_1_482' title='bbox 1296 1296 1490 1337; x_wconf 80' lang='lat' dir='ltr'>mumque</span> <span class='ocrx_word' id='word_1_483' title='bbox 1518 1283 1753 1336; x_wconf 88' lang='lat' dir='ltr'>Principem</span> <span class='ocrx_word' id='word_1_484' title='bbox 1771 1316 1781 1336; x_wconf 83' lang='lat'><strong>‚</strong></span> <span class='ocrx_word' id='word_1_485' title='bbox 1815 1284 1996 1328; x_wconf 59' lang='lat' dir='ltr'>collectis</span> <span class='ocrx_word' id='word_1_486' title='bbox 2017 1283 2211 1328; x_wconf 86' lang='lat' dir='ltr'>omnibus</span> <span class='ocrx_word' id='word_1_487' title='bbox 2229 1285 2318 1327; x_wconf 88' lang='lat' dir='ltr'>Im-</span> 
     </span>
     <span class='ocr_line' id='line_1_80' title="bbox 1297 1340 2315 1391; baseline 0.003 -11"><span class='ocrx_word' id='word_1_488' title='bbox 1297 1351 1530 1391; x_wconf 82' lang='lat' dir='ltr'>peratorum</span> <span class='ocrx_word' id='word_1_489' title='bbox 1576 1341 1936 1385; x_wconf 78' lang='lat' dir='ltr'>constitutionibus</span> <span class='ocrx_word' id='word_1_490' title='bbox 1980 1342 2023 1384; x_wconf 90' lang='lat' dir='ltr'>in</span> <span class='ocrx_word' id='word_1_491' title='bbox 2056 1340 2315 1384; x_wconf 87' lang='lat' dir='ltr'>Christianos</span> 
     </span>
     <span class='ocr_line' id='line_1_81' title="bbox 1294 1395 2310 1454; baseline 0.006 -18"><span class='ocrx_word' id='word_1_492' title='bbox 1294 1395 1470 1439; x_wconf 88' lang='lat' dir='ltr'>conditis</span> <span class='ocrx_word' id='word_1_493' title='bbox 1503 1429 1514 1450; x_wconf 87' lang='lat'>,</span> <span class='ocrx_word' id='word_1_494' title='bbox 1567 1397 1610 1440; x_wconf 88' lang='lat' dir='ltr'>in</span> <span class='ocrx_word' id='word_1_495' title='bbox 1652 1413 1720 1441; x_wconf 85' lang='lat' dir='ltr'>eos</span> <span class='ocrx_word' id='word_1_496' title='bbox 1754 1430 1765 1449; x_wconf 81' lang='grc'><em>,</em></span> <span class='ocrx_word' id='word_1_497' title='bbox 1814 1399 2006 1453; x_wconf 80' lang='lat' dir='ltr'>exemplo</span> <span class='ocrx_word' id='word_1_498' title='bbox 2053 1397 2310 1454; x_wconf 86' lang='lat' dir='ltr'>superiorum</span> 
     </span>
     <span class='ocr_line' id='line_1_82' title="bbox 1295 1452 2314 1511; baseline 0.005 -16"><span class='ocrx_word' id='word_1_499' title='bbox 1295 1452 1533 1509; x_wconf 88' lang='lat' dir='ltr'>Principum</span> <span class='ocrx_word' id='word_1_500' title='bbox 1563 1487 1574 1509; x_wconf 83' lang='lat'>‚</span> <span class='ocrx_word' id='word_1_501' title='bbox 1621 1455 1817 1499; x_wconf 88' lang='lat' dir='ltr'>incitabat</span> <span class='ocrx_word' id='word_1_502' title='bbox 1850 1488 1859 1499; x_wconf 88' lang='lat'>.</span> <span class='ocrx_word' id='word_1_503' title='bbox 1905 1456 2116 1499; x_wconf 84' lang='lat' dir='ltr'>Scribendi</span> <span class='ocrx_word' id='word_1_504' title='bbox 2164 1471 2314 1511; x_wconf 87' lang='lat' dir='ltr'>genere</span> 
     </span>
     <span class='ocr_line' id='line_1_83' title="bbox 1295 1512 2315 1568; baseline 0.002 -15"><span class='ocrx_word' id='word_1_505' title='bbox 1295 1512 1382 1555; x_wconf 85' lang='lat' dir='ltr'>usus</span> <span class='ocrx_word' id='word_1_506' title='bbox 1414 1513 1466 1556; x_wconf 83' lang='lat' dir='ltr'>est</span> <span class='ocrx_word' id='word_1_507' title='bbox 1510 1512 1591 1556; x_wconf 90' lang='lat' dir='ltr'>leni</span> <span class='ocrx_word' id='word_1_508' title='bbox 1621 1545 1632 1567; x_wconf 86' lang='lat'>,</span> <span class='ocrx_word' id='word_1_509' title='bbox 1676 1526 1902 1568; x_wconf 86' lang='lat' dir='ltr'>temperato</span> <span class='ocrx_word' id='word_1_510' title='bbox 1936 1546 1947 1567; x_wconf 88' lang='lat'>,</span> <span class='ocrx_word' id='word_1_511' title='bbox 1989 1514 2029 1557; x_wconf 75' lang='grc' dir='ltr'>ὅ(</span> <span class='ocrx_word' id='word_1_512' title='bbox 2078 1513 2188 1555; x_wconf 84' lang='lat' dir='ltr'>facili</span> <span class='ocrx_word' id='word_1_513' title='bbox 2224 1545 2236 1566; x_wconf 89' lang='lat'>‚</span> <span class='ocrx_word' id='word_1_514' title='bbox 2269 1524 2315 1557; x_wconf 90' lang='lat' dir='ltr'>ut</span> 
     </span>
     <span class='ocr_line' id='line_1_84' title="bbox 1296 1570 2313 1626; baseline 0 -15"><span class='ocrx_word' id='word_1_515' title='bbox 1296 1585 1504 1625; x_wconf 87' lang='lat' dir='ltr'>nunquam</span> <span class='ocrx_word' id='word_1_516' title='bbox 1532 1583 1670 1613; x_wconf 88' lang='lat' dir='ltr'>tamen</span> <span class='ocrx_word' id='word_1_517' title='bbox 1695 1572 1870 1626; x_wconf 80' lang='lat' dir='ltr'>gravitas</span> <span class='ocrx_word' id='word_1_518' title='bbox 1896 1571 1939 1614; x_wconf 91' lang='lat' dir='ltr'>in</span> <span class='ocrx_word' id='word_1_519' title='bbox 1966 1586 2015 1614; x_wconf 92' lang='lat' dir='ltr'>eo</span> <span class='ocrx_word' id='word_1_520' title='bbox 2041 1570 2281 1613; x_wconf 84' lang='lat' dir='ltr'>desideretur</span> <span class='ocrx_word' id='word_1_521' title='bbox 2304 1601 2313 1611; x_wconf 95' lang='lat'>.</span> 
     </span>
     <span class='ocr_line' id='line_1_85' title="bbox 1294 1626 2308 1683; baseline 0.002 -14"><span class='ocrx_word' id='word_1_522' title='bbox 1294 1628 1406 1670; x_wconf 88' lang='lat' dir='ltr'>Mira</span> <span class='ocrx_word' id='word_1_523' title='bbox 1430 1628 1482 1670; x_wconf 82' lang='lat' dir='ltr'>est</span> <span class='ocrx_word' id='word_1_524' title='bbox 1505 1626 1589 1679; x_wconf 85' lang='lat' dir='ltr'>ejus</span> <span class='ocrx_word' id='word_1_525' title='bbox 1615 1629 1836 1682; x_wconf 88' lang='lat' dir='ltr'>proprietas</span> <span class='ocrx_word' id='word_1_526' title='bbox 1859 1630 2101 1671; x_wconf 88' lang='lat' dir='ltr'>verborum:</span> <span class='ocrx_word' id='word_1_527' title='bbox 2128 1642 2308 1683; x_wconf 85' lang='lat' dir='ltr'>quorum</span> 
     </span>
     <span class='ocr_line' id='line_1_86' title="bbox 1292 1684 2312 1741; baseline 0 -13"><span class='ocrx_word' id='word_1_528' title='bbox 1292 1685 1389 1728; x_wconf 87' lang='lat' dir='ltr'>adeo</span> <span class='ocrx_word' id='word_1_529' title='bbox 1418 1697 1503 1728; x_wconf 85' lang='lat' dir='ltr'>erat</span> <span class='ocrx_word' id='word_1_530' title='bbox 1527 1684 1734 1740; x_wconf 80' lang='lat' dir='ltr'>religiosus</span> <span class='ocrx_word' id='word_1_531' title='bbox 1762 1717 1775 1739; x_wconf 88' lang='lat'>,</span> <span class='ocrx_word' id='word_1_532' title='bbox 1808 1686 2061 1741; x_wconf 83' lang='lat' dir='ltr'>curiosusque</span> <span class='ocrx_word' id='word_1_533' title='bbox 2090 1685 2312 1739; x_wconf 78' lang='lat' dir='ltr'>investiga-</span> 
     </span>
     <span class='ocr_line' id='line_1_87' title="bbox 1292 1742 2312 1798; baseline 0.002 -14"><span class='ocrx_word' id='word_1_534' title='bbox 1292 1756 1355 1785; x_wconf 89' lang='lat' dir='ltr'>tor</span> <span class='ocrx_word' id='word_1_535' title='bbox 1385 1758 1397 1795; x_wconf 67' lang='grc' dir='ltr'><strong>ς</strong></span> <span class='ocrx_word' id='word_1_536' title='bbox 1447 1756 1493 1786; x_wconf 89' lang='lat' dir='ltr'>ut</span> <span class='ocrx_word' id='word_1_537' title='bbox 1530 1742 1776 1795; x_wconf 84' lang='lat' dir='ltr'>Theodorus</span> <span class='ocrx_word' id='word_1_538' title='bbox 1806 1744 2021 1798; x_wconf 85' lang='lat' dir='ltr'>Cynulcus</span> <span class='ocrx_word' id='word_1_539' title='bbox 2046 1744 2147 1797; x_wconf 89' lang='lat' dir='ltr'>apud</span> <span class='ocrx_word' id='word_1_540' title='bbox 2178 1742 2312 1786; x_wconf 70' lang='lat' dir='ltr'>Ache-</span> 
     </span>
     <span class='ocr_line' id='line_1_88' title="bbox 1294 1799 2308 1854; baseline 0.002 -13"><span class='ocrx_word' id='word_1_541' title='bbox 1294 1815 1425 1842; x_wconf 67' lang='lat' dir='ltr'>nsfum</span> <span class='ocrx_word' id='word_1_542' title='bbox 1454 1800 1774 1854; x_wconf 81' lang='lat' dir='ltr'>superstitionem</span> <span class='ocrx_word' id='word_1_543' title='bbox 1801 1800 1984 1843; x_wconf 88' lang='lat' dir='ltr'>hominis</span> <span class='ocrx_word' id='word_1_544' title='bbox 2005 1832 2016 1851; x_wconf 81' lang='grc'><em>,</em></span> <span class='ocrx_word' id='word_1_545' title='bbox 2050 1800 2091 1843; x_wconf 84' lang='lat'>&amp;</span> <span class='ocrx_word' id='word_1_546' title='bbox 2115 1799 2308 1844; x_wconf 85' lang='lat' dir='ltr'>inutilem</span> 
     </span>
     <span class='ocr_line' id='line_1_89' title="bbox 1294 1855 2310 1912; baseline 0 -13"><span class='ocrx_word' id='word_1_547' title='bbox 1294 1855 1557 1900; x_wconf 82' lang='lat' dir='ltr'>subtilitatem</span> <span class='ocrx_word' id='word_1_548' title='bbox 1588 1856 1795 1907; x_wconf 84' lang='lat' dir='ltr'>fastidierit</span> <span class='ocrx_word' id='word_1_549' title='bbox 1816 1890 1825 1900; x_wconf 82' lang='grc'><strong>.</strong></span> <span class='ocrx_word' id='word_1_550' title='bbox 1847 1859 1971 1900; x_wconf 85' lang='lat' dir='ltr'>Unde</span> <span class='ocrx_word' id='word_1_551' title='bbox 1996 1858 2202 1912; x_wconf 87' lang='lat' dir='ltr'>spinarum</span> <span class='ocrx_word' id='word_1_552' title='bbox 2225 1857 2310 1900; x_wconf 90' lang='lat' dir='ltr'>col-</span> 
     </span>
     <span class='ocr_line' id='line_1_90' title="bbox 1293 1913 2307 1970; baseline -0.001 -13"><span class='ocrx_word' id='word_1_553' title='bbox 1293 1914 1416 1957; x_wconf 69' lang='lat' dir='ltr'>IeStor</span> <span class='ocrx_word' id='word_1_554' title='bbox 1449 1913 1731 1970; x_wconf 84' lang='lat' dir='ltr'>appellabatur</span> <span class='ocrx_word' id='word_1_555' title='bbox 1770 1947 1779 1957; x_wconf 91' lang='lat'><strong>.</strong></span> <span class='ocrx_word' id='word_1_556' title='bbox 1831 1915 2067 1958; x_wconf 77' lang='lat' dir='ltr'>Molestiam</span> <span class='ocrx_word' id='word_1_557' title='bbox 2104 1915 2216 1958; x_wconf 88' lang='lat' dir='ltr'>enirn</span> <span class='ocrx_word' id='word_1_558' title='bbox 2245 1913 2307 1957; x_wconf 87' lang='lat' dir='ltr'>fa-</span> 
     </span>
     <span class='ocr_line' id='line_1_91' title="bbox 1290 1971 2310 2028; baseline -0.003 -13"><span class='ocrx_word' id='word_1_559' title='bbox 1290 1971 1516 2015; x_wconf 85' lang='lat' dir='ltr'>miliaribus</span> <span class='ocrx_word' id='word_1_560' title='bbox 1563 1971 1785 2023; x_wconf 81' lang='lat' dir='ltr'>objiciebat</span> <span class='ocrx_word' id='word_1_561' title='bbox 1821 1972 1971 2016; x_wconf 85' lang='lat' dir='ltr'>crebris</span> <span class='ocrx_word' id='word_1_562' title='bbox 2004 1971 2310 2028; x_wconf 61' lang='lat' dir='ltr'>quaestiunculis</span> 
     </span>
     <span class='ocr_line' id='line_1_92' title="bbox 1288 2029 2307 2085; baseline 0 -13"><span class='ocrx_word' id='word_1_563' title='bbox 1288 2030 1334 2073; x_wconf 86' lang='lat' dir='ltr'>de</span> <span class='ocrx_word' id='word_1_564' title='bbox 1359 2029 1522 2085; x_wconf 79' lang='lat' dir='ltr'>singulis</span> <span class='ocrx_word' id='word_1_565' title='bbox 1546 2029 1755 2073; x_wconf 88' lang='lat' dir='ltr'>vocabulis</span> <span class='ocrx_word' id='word_1_566' title='bbox 1781 2029 1994 2085; x_wconf 79' lang='lat' dir='ltr'>rogitando</span> <span class='ocrx_word' id='word_1_567' title='bbox 2016 2060 2027 2081; x_wconf 91' lang='lat'>,</span> <span class='ocrx_word' id='word_1_568' title='bbox 2061 2042 2180 2084; x_wconf 85' lang='lat' dir='ltr'>atque</span> <span class='ocrx_word' id='word_1_569' title='bbox 2205 2045 2307 2073; x_wconf 82' lang='lat' dir='ltr'>con-</span> 
     </span>
     <span class='ocr_line' id='line_1_93' title="bbox 1289 2086 2306 2142; baseline 0.001 -12"><span class='ocrx_word' id='word_1_570' title='bbox 1289 2087 1492 2131; x_wconf 86' lang='lat' dir='ltr'>tendendo</span> <span class='ocrx_word' id='word_1_571' title='bbox 1517 2120 1530 2142; x_wconf 88' lang='lat'>,</span> <span class='ocrx_word' id='word_1_572' title='bbox 1575 2086 1761 2142; x_wconf 85' lang='lat' dir='ltr'>nullique</span> <span class='ocrx_word' id='word_1_573' title='bbox 1793 2087 1968 2130; x_wconf 87' lang='lat' dir='ltr'>cedendo</span> <span class='ocrx_word' id='word_1_574' title='bbox 1989 2118 1999 2128; x_wconf 90' lang='lat'><strong>.</strong></span> <span class='ocrx_word' id='word_1_575' title='bbox 2035 2088 2091 2129; x_wconf 84' lang='lat' dir='ltr'>Et</span> <span class='ocrx_word' id='word_1_576' title='bbox 2120 2102 2215 2130; x_wconf 90' lang='lat' dir='ltr'>cum</span> <span class='ocrx_word' id='word_1_577' title='bbox 2242 2087 2306 2131; x_wconf 88' lang='lat' dir='ltr'>in-</span> 
     </span>
     <span class='ocr_line' id='line_1_94' title="bbox 1287 2143 2308 2199; baseline 0 -12"><span class='ocrx_word' id='word_1_578' title='bbox 1287 2158 1347 2188; x_wconf 88' lang='lat' dir='ltr'>ter</span> <span class='ocrx_word' id='word_1_579' title='bbox 1374 2144 1512 2197; x_wconf 81' lang='lat' dir='ltr'>epulas</span> <span class='ocrx_word' id='word_1_580' title='bbox 1537 2144 1584 2188; x_wconf 88' lang='lat' dir='ltr'>de</span> <span class='ocrx_word' id='word_1_581' title='bbox 1610 2143 1797 2199; x_wconf 81' lang='lat' dir='ltr'>cujusque</span> <span class='ocrx_word' id='word_1_582' title='bbox 1818 2144 1899 2189; x_wconf 89' lang='lat' dir='ltr'>cibi</span> <span class='ocrx_word' id='word_1_583' title='bbox 1919 2143 2195 2199; x_wconf 87' lang='lat' dir='ltr'>appellatione</span> <span class='ocrx_word' id='word_1_584' title='bbox 2219 2159 2308 2199; x_wconf 87' lang='lat' dir='ltr'>per-</span> 
     </span>
     <span class='ocr_line' id='line_1_95' title="bbox 1287 2200 2304 2255; baseline -0.002 -9"><span class='ocrx_word' id='word_1_585' title='bbox 1287 2203 1544 2246; x_wconf 61' lang='lat' dir='ltr'>cunfiiaretur</span> <span class='ocrx_word' id='word_1_586' title='bbox 1581 2234 1592 2255; x_wconf 87' lang='lat'><em>‚</em></span> <span class='ocrx_word' id='word_1_587' title='bbox 1642 2214 1799 2248; x_wconf 78' lang='lat' dir='ltr'>extaret</span> <span class='ocrx_word' id='word_1_588' title='bbox 1840 2218 1889 2246; x_wconf 89' lang='lat' dir='ltr'>ne</span> <span class='ocrx_word' id='word_1_589' title='bbox 1917 2200 2066 2246; x_wconf 84' lang='lat' dir='ltr'>alicubi</span> <span class='ocrx_word' id='word_1_590' title='bbox 2094 2202 2262 2245; x_wconf 88' lang='lat' dir='ltr'>verbum</span> <span class='ocrx_word' id='word_1_591' title='bbox 2288 2231 2304 2255; x_wconf 88' lang='lat'>‚</span> 
     </span>
     <span class='ocr_line' id='line_1_96' title="bbox 1285 2258 2298 2314; baseline -0.002 -12"><span class='ocrx_word' id='word_1_592' title='bbox 1285 2276 1336 2303; x_wconf 88' lang='lat' dir='ltr'>an</span> <span class='ocrx_word' id='word_1_593' title='bbox 1373 2276 1455 2302; x_wconf 89' lang='lat' dir='ltr'>non</span> <span class='ocrx_word' id='word_1_594' title='bbox 1483 2272 1673 2312; x_wconf 82' lang='lat' dir='ltr'>extaret,</span> <span class='ocrx_word' id='word_1_595' title='bbox 1703 2260 1927 2300; x_wconf 63' lang='grc' dir='ltr'>κειτῦκει-τος</span> <span class='ocrx_word' id='word_1_596' title='bbox 1946 2258 2023 2302; x_wconf 89' lang='lat' dir='ltr'>fuit</span> <span class='ocrx_word' id='word_1_597' title='bbox 2050 2258 2298 2314; x_wconf 79' lang='lat' dir='ltr'>appellatus:</span> 
     </span>
     <span class='ocr_line' id='line_1_97' title="bbox 1285 2314 2300 2373; baseline -0.002 -12"><span class='ocrx_word' id='word_1_598' title='bbox 1285 2316 1475 2373; x_wconf 84' lang='lat' dir='ltr'>quamvis</span> <span class='ocrx_word' id='word_1_599' title='bbox 1513 2314 1747 2360; x_wconf 79' lang='lat' dir='ltr'>casauboni</span> <span class='ocrx_word' id='word_1_600' title='bbox 1793 2314 1989 2359; x_wconf 88' lang='lat' dir='ltr'>sententia</span> <span class='ocrx_word' id='word_1_601' title='bbox 2019 2315 2098 2359; x_wconf 78' lang='lat' dir='ltr'>hic</span> <span class='ocrx_word' id='word_1_602' title='bbox 2118 2316 2220 2359; x_wconf 88' lang='lat' dir='ltr'>alius</span> <span class='ocrx_word' id='word_1_603' title='bbox 2253 2315 2300 2359; x_wconf 86' lang='lat' dir='ltr'>sit</span> 
     </span>
     <span class='ocr_line' id='line_1_98' title="bbox 1284 2372 2299 2430; baseline -0.001 -12"><span class='ocrx_word' id='word_1_604' title='bbox 1284 2376 1333 2418; x_wconf 88' lang='lat' dir='ltr'>ab</span> <span class='ocrx_word' id='word_1_605' title='bbox 1357 2374 1543 2430; x_wconf 87' lang='lat' dir='ltr'>Ulpiano</span> <span class='ocrx_word' id='word_1_606' title='bbox 1569 2372 1884 2425; x_wconf 71' lang='lat' dir='ltr'>Iurisconsulto.</span> <span class='ocrx_word' id='word_1_607' title='bbox 1906 2374 1973 2426; x_wconf 79' lang='lat' dir='ltr'>(d)</span> <span class='ocrx_word' id='word_1_608' title='bbox 1994 2372 2112 2416; x_wconf 89' lang='lat' dir='ltr'>Vicit</span> <span class='ocrx_word' id='word_1_609' title='bbox 2133 2374 2299 2417; x_wconf 85' lang='lat' dir='ltr'>tandem</span> 
     </span>
     <span class='ocr_line' id='line_1_99' title="bbox 1284 2430 2299 2486; baseline -0.002 -10"><span class='ocrx_word' id='word_1_610' title='bbox 1284 2431 1568 2476; x_wconf 53' lang='lat' dir='ltr'>austeritatem</span> <span class='ocrx_word' id='word_1_611' title='bbox 1599 2430 1784 2475; x_wconf 89' lang='lat' dir='ltr'>hominis</span> <span class='ocrx_word' id='word_1_612' title='bbox 1811 2463 1823 2484; x_wconf 89' lang='lat'>,</span> <span class='ocrx_word' id='word_1_613' title='bbox 1871 2430 1915 2474; x_wconf 68' lang='grc' dir='ltr'>ἃ.</span> <span class='ocrx_word' id='word_1_614' title='bbox 1940 2431 2114 2486; x_wconf 78' lang='lat' dir='ltr'>gratiam</span> <span class='ocrx_word' id='word_1_615' title='bbox 2142 2431 2299 2475; x_wconf 84' lang='lat' dir='ltr'>Princi-</span> 
     </span>
     <span class='ocr_line' id='line_1_100' title="bbox 1286 2489 2298 2547; baseline 0 -14"><span class='ocrx_word' id='word_1_616' title='bbox 1286 2490 1344 2545; x_wconf 82' lang='lat' dir='ltr'>pis</span> <span class='ocrx_word' id='word_1_617' title='bbox 1369 2490 1549 2533; x_wconf 88' lang='lat' dir='ltr'>militare</span> <span class='ocrx_word' id='word_1_618' title='bbox 1572 2489 1714 2534; x_wconf 86' lang='lat' dir='ltr'>odium</span> <span class='ocrx_word' id='word_1_619' title='bbox 1741 2521 1753 2545; x_wconf 90' lang='lat'>‚</span> <span class='ocrx_word' id='word_1_620' title='bbox 1796 2504 1878 2546; x_wconf 85' lang='lat' dir='ltr'>quo</span> <span class='ocrx_word' id='word_1_621' title='bbox 1897 2489 2065 2534; x_wconf 86' lang='lat' dir='ltr'>demum</span> <span class='ocrx_word' id='word_1_622' title='bbox 2089 2489 2298 2547; x_wconf 78' lang='lat' dir='ltr'>Ulpianus</span> 
     </span>
    </p>
   </div>
   <div class='ocr_carea' id='block_1_12' title="bbox 1286 2547 2214 2650">
    <p class='ocr_par' dir='ltr' id='par_1_19' title="bbox 1286 2547 2214 2650">
     <span class='ocr_line' id='line_1_101' title="bbox 1286 2547 2214 2650; baseline 0.001 -57"><span class='ocrx_word' id='word_1_623' title='bbox 1286 2547 1444 2593; x_wconf 89' lang='lat' dir='ltr'>interiit</span> <span class='ocrx_word' id='word_1_624' title='bbox 1465 2580 1475 2591; x_wconf 91' lang='lat'><strong>.</strong></span> <span class='ocrx_word' id='word_1_625' title='bbox 1509 2548 1589 2601; x_wconf 74' lang='lat'>(*)</span> <span class='ocrx_word' id='word_1_626' title='bbox 2122 2594 2214 2650; x_wconf 74' lang='lat' dir='ltr'>CA</span> 
     </span>
    </p>
   </div>
   <div class='ocr_carea' id='block_1_13' title="bbox 1285 2678 2188 2692">
    <p class='ocr_par' dir='ltr' id='par_1_20' title="bbox 1285 2678 2188 2692">
     <span class='ocr_line' id='line_1_102' title="bbox 1285 2678 2188 2692; baseline -0.001 -2"><span class='ocrx_word' id='word_1_627' title='bbox 1285 2680 1391 2692; x_wconf 77' lang='lat'>-—-</span> <span class='ocrx_word' id='word_1_628' title='bbox 1506 2678 2188 2690; x_wconf 70' lang='lat'>——————-—-—-—-—-—-=-</span> 
     </span>
    </p>
   </div>
   <div class='ocr_carea' id='block_1_14' title="bbox 1281 2708 2294 3205">
    <p class='ocr_par' dir='ltr' id='par_1_21' title="bbox 1281 2708 2294 3205">
     <span class='ocr_line' id='line_1_103' title="bbox 1328 2708 2293 2752; baseline -0.002 -11"><span class='ocrx_word' id='word_1_629' title='bbox 1328 2711 1384 2752; x_wconf 61' lang='grc' dir='ltr'>Ο)</span> <span class='ocrx_word' id='word_1_630' title='bbox 1411 2712 1493 2750; x_wconf 83' lang='lat' dir='ltr'>Quae</span> <span class='ocrx_word' id='word_1_631' title='bbox 1522 2708 1560 2740; x_wconf 85' lang='lat' dir='ltr'>de</span> <span class='ocrx_word' id='word_1_632' title='bbox 1593 2709 1740 2752; x_wconf 87' lang='lat' dir='ltr'>Ulpiano</span> <span class='ocrx_word' id='word_1_633' title='bbox 1781 2708 2058 2743; x_wconf 82' lang='lat' dir='ltr'>circumferuntur</span> <span class='ocrx_word' id='word_1_634' title='bbox 2085 2730 2095 2745; x_wconf 85' lang='lat'><strong>‚</strong></span> <span class='ocrx_word' id='word_1_635' title='bbox 2136 2716 2293 2741; x_wconf 78' lang='lat' dir='ltr'>accurato</span> 
     </span>
     <span class='ocr_line' id='line_1_104' title="bbox 1285 2752 2293 2798; baseline -0.001 -10"><span class='ocrx_word' id='word_1_636' title='bbox 1285 2755 1407 2794; x_wconf 79' lang='lat' dir='ltr'>judicio</span> <span class='ocrx_word' id='word_1_637' title='bbox 1422 2753 1590 2796; x_wconf 81' lang='lat' dir='ltr'>castigavit</span> <span class='ocrx_word' id='word_1_638' title='bbox 1621 2759 1705 2788; x_wconf 85' lang='lat' dir='ltr'>Ant.</span> <span class='ocrx_word' id='word_1_639' title='bbox 1724 2754 1948 2798; x_wconf 84' lang='lat' dir='ltr'>Schultingius</span> <span class='ocrx_word' id='word_1_640' title='bbox 1964 2755 2000 2786; x_wconf 77' lang='lat' dir='ltr'>in</span> <span class='ocrx_word' id='word_1_641' title='bbox 2027 2752 2293 2794; x_wconf 71' lang='lat' dir='ltr'>jurisprudentia</span> 
     </span>
     <span class='ocr_line' id='line_1_105' title="bbox 1287 2797 2294 2842; baseline -0.003 -8"><span class='ocrx_word' id='word_1_642' title='bbox 1287 2797 1601 2842; x_wconf 65' lang='lat' dir='ltr'>Ante-Juninianea</span> <span class='ocrx_word' id='word_1_643' title='bbox 1617 2821 1625 2830; x_wconf 88' lang='lat'><em>.</em></span> <span class='ocrx_word' id='word_1_644' title='bbox 1652 2798 1824 2840; x_wconf 76' lang='lat' dir='ltr'>Rescripta</span> <span class='ocrx_word' id='word_1_645' title='bbox 1856 2799 2043 2841; x_wconf 81' lang='lat' dir='ltr'>principum</span> <span class='ocrx_word' id='word_1_646' title='bbox 2064 2806 2181 2831; x_wconf 85' lang='lat' dir='ltr'>contra</span> <span class='ocrx_word' id='word_1_647' title='bbox 2195 2797 2294 2832; x_wconf 76' lang='lat' dir='ltr'>chri-</span> 
     </span>
     <span class='ocr_line' id='line_1_106' title="bbox 1284 2842 2293 2885; baseline -0.002 -7"><span class='ocrx_word' id='word_1_648' title='bbox 1284 2847 1402 2878; x_wconf 85' lang='lat' dir='ltr'>stianos</span> <span class='ocrx_word' id='word_1_649' title='bbox 1421 2843 1636 2885; x_wconf 78' lang='lat' dir='ltr'>colligentem</span> <span class='ocrx_word' id='word_1_650' title='bbox 1663 2844 1794 2876; x_wconf 75' lang='lat' dir='ltr'>excusat</span> <span class='ocrx_word' id='word_1_651' title='bbox 1810 2855 1873 2876; x_wconf 88' lang='lat' dir='ltr'>van</span> <span class='ocrx_word' id='word_1_652' title='bbox 1900 2842 2149 2883; x_wconf 74' lang='lat' dir='ltr'>Bynkershoek</span> <span class='ocrx_word' id='word_1_653' title='bbox 2164 2845 2201 2877; x_wconf 74' lang='lat' dir='ltr'>de</span> <span class='ocrx_word' id='word_1_654' title='bbox 2214 2845 2293 2877; x_wconf 70' lang='lat' dir='ltr'>reli-</span> 
     </span>
     <span class='ocr_line' id='line_1_107' title="bbox 1281 2887 2292 2934; baseline 0.002 -13"><span class='ocrx_word' id='word_1_655' title='bbox 1281 2892 1377 2934; x_wconf 82' lang='lat' dir='ltr'>gione</span> <span class='ocrx_word' id='word_1_656' title='bbox 1391 2891 1558 2933; x_wconf 74' lang='lat' dir='ltr'>peregrina</span> <span class='ocrx_word' id='word_1_657' title='bbox 1573 2897 1724 2931; x_wconf 74' lang='lat' dir='ltr'>par-240.</span> <span class='ocrx_word' id='word_1_658' title='bbox 1744 2888 1845 2922; x_wconf 85' lang='lat' dir='ltr'>Illum</span> <span class='ocrx_word' id='word_1_659' title='bbox 1869 2898 1946 2920; x_wconf 87' lang='lat' dir='ltr'>vero</span> <span class='ocrx_word' id='word_1_660' title='bbox 1960 2887 2155 2923; x_wconf 70' lang='grc' dir='ltr'>κειτέκειτον</span> <span class='ocrx_word' id='word_1_661' title='bbox 2186 2889 2292 2923; x_wconf 84' lang='lat' dir='ltr'>Athe-</span> 
     </span>
     <span class='ocr_line' id='line_1_108' title="bbox 1284 2933 2292 2975; baseline -0.005 -7"><span class='ocrx_word' id='word_1_662' title='bbox 1284 2936 1343 2968; x_wconf 84' lang='lat' dir='ltr'>naei</span> <span class='ocrx_word' id='word_1_663' title='bbox 1362 2959 1372 2975; x_wconf 75' lang='lat'>‚</span> <span class='ocrx_word' id='word_1_664' title='bbox 1403 2946 1422 2967; x_wconf 84' lang='lat' dir='ltr'>a</span> <span class='ocrx_word' id='word_1_665' title='bbox 1443 2933 1680 2968; x_wconf 82' lang='lat' dir='ltr'>Iurisconsulto</span> <span class='ocrx_word' id='word_1_666' title='bbox 1693 2933 1857 2966; x_wconf 84' lang='lat' dir='ltr'>diversum</span> <span class='ocrx_word' id='word_1_667' title='bbox 1874 2933 1935 2966; x_wconf 77' lang='lat' dir='ltr'>esse</span> <span class='ocrx_word' id='word_1_668' title='bbox 1947 2955 1957 2972; x_wconf 84' lang='lat'><strong>‚</strong></span> <span class='ocrx_word' id='word_1_669' title='bbox 1984 2934 2085 2967; x_wconf 83' lang='lat' dir='ltr'>etiam</span> <span class='ocrx_word' id='word_1_670' title='bbox 2102 2934 2211 2969; x_wconf 84' lang='lat' dir='ltr'>Celeb.</span> <span class='ocrx_word' id='word_1_671' title='bbox 2229 2937 2292 2968; x_wconf 63' lang='lat' dir='ltr'>Fa.</span> 
     </span>
     <span class='ocr_line' id='line_1_109' title="bbox 1282 2977 2290 3022; baseline -0.002 -8"><span class='ocrx_word' id='word_1_672' title='bbox 1282 2981 1404 3015; x_wconf 80' lang='lat' dir='ltr'>bricius</span> <span class='ocrx_word' id='word_1_673' title='bbox 1430 2979 1606 3012; x_wconf 86' lang='lat' dir='ltr'>annotavit</span> <span class='ocrx_word' id='word_1_674' title='bbox 1637 2977 1800 3011; x_wconf 75' lang='lat' dir='ltr'>Biblinth.</span> <span class='ocrx_word' id='word_1_675' title='bbox 1816 2980 1939 3011; x_wconf 72' lang='lat' dir='ltr'>vGraecae</span> <span class='ocrx_word' id='word_1_676' title='bbox 1953 2981 2009 3010; x_wconf 90' lang='lat' dir='ltr'>IV.</span> <span class='ocrx_word' id='word_1_677' title='bbox 2040 2990 2091 3012; x_wconf 85' lang='lat'>20.</span> <span class='ocrx_word' id='word_1_678' title='bbox 2107 2983 2138 3012; x_wconf 87' lang='lat'>6.</span> <span class='ocrx_word' id='word_1_679' title='bbox 2171 2979 2290 3022; x_wconf 74' lang='lat' dir='ltr'>jacobi</span> 
     </span>
     <span class='ocr_line' id='line_1_110' title="bbox 1284 3024 2288 3066; baseline 0.002 -8"><span class='ocrx_word' id='word_1_680' title='bbox 1284 3025 1386 3058; x_wconf 55' lang='lat' dir='ltr'>Laeni</span> <span class='ocrx_word' id='word_1_681' title='bbox 1407 3025 1592 3057; x_wconf 78' lang='lat' dir='ltr'>orationem</span> <span class='ocrx_word' id='word_1_682' title='bbox 1623 3026 1661 3056; x_wconf 81' lang='lat' dir='ltr'>de</span> <span class='ocrx_word' id='word_1_683' title='bbox 1675 3026 1749 3057; x_wconf 75' lang='lat' dir='ltr'>vita</span> <span class='ocrx_word' id='word_1_684' title='bbox 1768 3024 1944 3066; x_wconf 73' lang='lat' dir='ltr'>&amp;firipris</span> <span class='ocrx_word' id='word_1_685' title='bbox 1960 3025 2124 3066; x_wconf 71' lang='lat' dir='ltr'>Ulpiani,</span> <span class='ocrx_word' id='word_1_686' title='bbox 2151 3025 2288 3064; x_wconf 72' lang='lat' dir='ltr'>exhibet</span> 
     </span>
     <span class='ocr_line' id='line_1_111' title="bbox 1283 3069 2287 3113; baseline 0 -9"><span class='ocrx_word' id='word_1_687' title='bbox 1283 3073 1406 3104; x_wconf 71' lang='lat' dir='ltr'>Tamus</span> <span class='ocrx_word' id='word_1_688' title='bbox 1423 3072 1453 3102; x_wconf 87' lang='lat' dir='ltr'>I.</span> <span class='ocrx_word' id='word_1_689' title='bbox 1476 3071 1638 3109; x_wconf 78' lang='lat' dir='ltr'>Thesauri</span> <span class='ocrx_word' id='word_1_690' title='bbox 1653 3069 1834 3103; x_wconf 82' lang='lat' dir='ltr'>Ottoniani</span> <span class='ocrx_word' id='word_1_691' title='bbox 1851 3092 1859 3101; x_wconf 87' lang='lat'><strong>.</strong></span> <span class='ocrx_word' id='word_1_692' title='bbox 1890 3069 2044 3103; x_wconf 80' lang='lat' dir='ltr'>Eminent</span> <span class='ocrx_word' id='word_1_693' title='bbox 2063 3070 2151 3104; x_wconf 86' lang='lat' dir='ltr'>inter</span> <span class='ocrx_word' id='word_1_694' title='bbox 2167 3071 2287 3113; x_wconf 66' lang='lat' dir='ltr'>scripta</span> 
     </span>
     <span class='ocr_line' id='line_1_112' title="bbox 1283 3113 2288 3165; baseline 0 -16"><span class='ocrx_word' id='word_1_695' title='bbox 1283 3115 1423 3158; x_wconf 73' lang='lat' dir='ltr'>Ulpiani</span> <span class='ocrx_word' id='word_1_696' title='bbox 1439 3113 1598 3165; x_wconf 36' lang='lat' dir='ltr'>libri-eius</span> <span class='ocrx_word' id='word_1_697' title='bbox 1610 3113 1650 3150; x_wconf 77' lang='lat' dir='ltr'>ad</span> <span class='ocrx_word' id='word_1_698' title='bbox 1669 3113 1820 3150; x_wconf 54' lang='lat' dir='ltr'>Edictum</span> <span class='ocrx_word' id='word_1_699' title='bbox 1837 3113 1930 3149; x_wconf 78' lang='lat' dir='ltr'>laude</span> <span class='ocrx_word' id='word_1_700' title='bbox 1947 3114 2098 3151; x_wconf 76' lang='lat' dir='ltr'>candoris</span> <span class='ocrx_word' id='word_1_701' title='bbox 2116 3117 2146 3150; x_wconf 69' lang='grc' dir='ltr'><strong>ἃ</strong></span> <span class='ocrx_word' id='word_1_702' title='bbox 2162 3114 2288 3161; x_wconf 68' lang='lat' dir='ltr'>perspi-</span> 
     </span>
     <span class='ocr_line' id='line_1_113' title="bbox 1286 3167 1568 3205; baseline -0.007 -10"><span class='ocrx_word' id='word_1_703' title='bbox 1286 3171 1355 3195; x_wconf 69' lang='grc' dir='ltr'>ωε</span> <span class='ocrx_word' id='word_1_704' title='bbox 1369 3167 1544 3205; x_wconf 77' lang='lat' dir='ltr'>gravitatis</span> <span class='ocrx_word' id='word_1_705' title='bbox 1558 3181 1568 3193; x_wconf 87' lang='lat'><strong><em>.</em></strong></span> 
     </span>
    </p>
   </div>
   <div class='ocr_carea' id='block_1_15' title="bbox 2189 2678 2299 2688">
    <p class='ocr_par' dir='ltr' id='par_1_22' title="bbox 2189 2678 2299 2688">
     <span class='ocr_line' id='line_1_114' title="bbox 2189 2678 2299 2688; baseline 0 0"><span class='ocrx_word' id='word_1_706' title='bbox 2189 2678 2299 2688; x_wconf 95' lang='lat' dir='ltr'> </span> 
     </span>
    </p>
   </div>
   <div class='ocr_carea' id='block_1_16' title="bbox 1395 2680 1503 2689">
    <p class='ocr_par' dir='ltr' id='par_1_23' title="bbox 1395 2680 1503 2689">
     <span class='ocr_line' id='line_1_115' title="bbox 1395 2680 1503 2689; baseline 0 0"><span class='ocrx_word' id='word_1_707' title='bbox 1395 2680 1503 2689; x_wconf 95' lang='lat' dir='ltr'> </span> 
     </span>
    </p>
   </div>
   <div class='ocr_carea' id='block_1_17' title="bbox 2468 1449 2524 3479">
    <p class='ocr_par' dir='ltr' id='par_1_24' title="bbox 2468 1449 2524 3479">
     <span class='ocr_line' id='line_1_116' title="bbox 2468 1449 2524 3479; baseline 0 0"><span class='ocrx_word' id='word_1_708' title='bbox 2468 1449 2524 3479; x_wconf 95' lang='lat' dir='ltr'> </span> 
     </span>
    </p>
   </div>
  </div>
 </body>
</html>
