2596 3479
191 100 275 171 ‚⁸4
632 90 759 146 DE
814 83 1100 147 oRTU
1152 82 1281 140 ET
1331 82 1961 142 PROGREssu

208 173 295 233 gari
329 166 648 225 iurisdiffionem
672 167 880 224 extinguit
913 183 925 220 ;
969 177 1099 218 neque
1131 160 1180 204 ad
1211 160 1250 204 id

211 229 471 288 probandum
506 227 544 272 ei
580 239 712 272 certus
742 241 792 269 ex
817 224 902 276 jure
930 222 1039 265 locus
1063 233 1252 263 occurre-

213 303 274 334 ret
299 307 308 331 :
344 287 479 332 amico
505 286 740 341 suggerente
773 314 786 336 ‚
834 281 978 326 citavit
1008 289 1127 341 caput
1154 276 1253 317 rela-

216 361 301 391 tum
325 347 373 390 de
398 343 522 402 officio
543 343 741 399 delegati:
777 351 817 382 at
842 338 1090 381 adversamus
1113 331 1251 377 confe-

213 406 309 449 stim
335 401 522 459 opposuit
550 401 736 456 proxime
764 396 928 454 sequens
953 406 1072 457 caput
1097 404 1254 454 gracum

213 463 358 507 eodem
387 459 539 512 titulo,
571 473 652 513 quo
679 454 848 498 traditur
874 487 886 508 ,
936 450 1253 504 jurisdictionem

213 518 387 565 excitari
415 534 437 560 a
464 516 542 559 sola
567 514 786 560 citatione,
822 512 993 566 indeque
1019 519 1254 564 perpetuam

217 590 461 634 permanere
499 606 508 616 .
542 575 634 616 Hac
666 570 948 625 redargutione
979 571 1073 610 Azo
1102 563 1259 620 percul-

219 635 280 678 sus
307 632 463 677 amicos
490 630 661 686 respexit
683 661 696 683 ‚
727 628 771 671 δε
796 626 1048 682 pudibundus
1073 624 1198 666 dixit:

278 749 452 792 Gratum
483 778 496 800 ,
543 744 599 789 (9⁶
648 744 813 787 relatum
854 757 912 784 me
958 740 1073 783 habet
1104 738 1261 793 vitupe—

340 818 469 847 ratum
499 834 511 847 .

218 920 289 966 Ad
334 917 534 976 gymnasii
597 916 817 960 custodiam
864 911 1020 966 famulo
1064 909 1118 954 est
1177 908 1266 952 usus

222 978 488 1028 Tarentino,
521 973 797 1027 Galiopressus
829 971 1027 1022 nomine,
1050 968 1119 1024 qui
1153 966 1267 1031 colo-

222 1035 278 1080 ris
314 1033 555 1089 nigredine,
589 1032 821 1085 staturaeque
856 1027 1053 1072 brevitate
1081 1058 1094 1080 ,
1123 1025 1167 1068 ἃ
1187 1040 1267 1068 oris

223 1091 484 1147 corporisqne
517 1088 779 1132 deformitate
815 1119 826 1139 ‚
871 1084 1043 1137 juvenili
1080 1082 1266 1139 petulan-

225 1152 291 1192 tiae
324 1147 545 1199 jucundum
580 1145 804 1189 ludibrium
838 1143 916 1187 fuit
946 1175 957 1195 ‚
1005 1141 1266 1197 preciumque

228 1205 486 1250 scurrilitatis
517 1204 567 1246 ab
598 1201 919 1247 adolescentibus
944 1200 1022 1243 duo
1044 1198 1177 1242 millia
1198 1199 1271 1241 flo-

228 1278 425 1307 renorum
458 1293 469 1315 ‚
517 1273 561 1304 ut
595 1272 780 1312 vocant,
814 1258 964 1302 servitii
998 1257 1054 1299 sui
1087 1268 1269 1308 tempore

228 1320 430 1375 collegit.
465 1319 658 1361 Mortuus
689 1317 742 1359 est
772 1317 831 1369 (*)
864 1318 956 1358 Azo
987 1329 1096 1356 anno
1118 1314 1265 1356 MCC.

226 1391 344 1421 tanto
378 1390 554 1418 moerore
588 1374 780 1417 omnium
808 1406 820 1427 ,
865 1387 909 1416 ut
943 1371 1126 1416 universa
1161 1371 1269 1425 luge-

233 1451 275 1478 re
310 1431 535 1477 Academia
568 1431 802 1474 videretur:
838 1447 883 1473 ac
911 1461 923 1483 ,
976 1427 1101 1471 veluti
1139 1430 1268 1482 prola-

230 1493 281 1535 tis
315 1490 468 1534 funeris
498 1489 611 1532 causa
644 1489 760 1531 rebus
797 1519 808 1542 ,
860 1503 943 1530 non
979 1485 1051 1528 nisi
1085 1486 1167 1538 post
1199 1500 1269 1527 an-

230 1547 502 1592 niversarium
548 1547 754 1588 Divorum
797 1545 988 1588 omniurn
1036 1542 1178 1584 festum
1211 1543 1273 1584 in-

229 1603 472 1661 terpretatio
505 1602 604 1655 juris
635 1603 687 1645 est
719 1602 913 1646 inchoata
948 1632 957 1643 .
990 1602 1103 1643 Hinc
1136 1612 1271 1654 aperte

231 1662 437 1707 mendacii
474 1660 725 1715 redarguitur
749 1691 760 1712 ,
799 1659 977 1715 quisquis
1009 1655 1189 1700 fabulam
1222 1657 1272 1699 il-

233 1720 317 1764 lam
350 1718 605 1775 excogitavit
637 1717 686 1759 ab
722 1716 886 1761 Alciato
918 1717 982 1769 (a)
1013 1715 1272 1770 evulgatam,

230 1778 278 1822 de
311 1775 586 1832 ignominiosa
619 1786 750 1818 morte
784 1774 942 1817 Amnis
967 1805 978 1825 ,
1011 1773 1063 1814 ob
1096 1772 1273 1815 Martini

232 1850 380 1884 necem
407 1850 415 1874 τ
451 1833 515 1876 cui
549 1844 788 1874 commento
820 1832 941 1874 fidem
974 1829 1129 1885 prorsus
1160 1831 1271 1872 abro-

233 1905 303 1948 gat
348 1890 626 1933 honorificum
668 1888 807 1932 Azoni
852 1901 1174 1931 monumentum
1205 1903 1273 1930 ex-

218 1948 415 1991 'trufiium
443 1964 452 1989 ε
495 1946 539 1989 &
566 1979 577 2000 2
622 1962 715 1989 cum
749 1947 941 1990 vetustate
966 1944 1236 1988 collaberetur
1263 1977 1274 1998 ,

234 2004 401 2061 publico
432 2003 529 2055 jussu
553 2003 777 2047 restitutum
799 2020 908 2046 anno
928 2004 1274 2046 MCCCCXVI.

237 2063 337 2114 Ejus
368 2073 505 2105 autem
539 2061 695 2103 summa
725 2060 817 2104 talis
848 2061 933 2114 est,
964 2060 1151 2116 tantique
1183 2076 1276 2103 acu-

229 2119 363 2162 'minis
386 2151 400 2173 ,
442 2118 486 2161 δί
520 2117 765 2173 soliditatis;
809 2130 885 2172 ut,
917 2117 1105 2174 quamvis
1138 2118 1273 2160 barba-

238 2176 294 2219 ris
327 2174 578 2229 temporibus
611 2188 739 2228 nata,
770 2191 817 2219 ea
849 2189 988 2220 tamen
1021 2178 1065 2218 in
1097 2175 1172 2219 hac
1191 2192 1260 2219 eru

237 2233 405 2275 ditionis
437 2231 526 2275 luce
548 2264 559 2285 ‚
592 2232 672 2275 fine
704 2233 856 2276 damno
891 2265 903 2287 ‚
953 2249 999 2277 ac
1030 2232 1166 2277 fraude
1199 2250 1273 2276 no-

237 2290 314 2333 stra
343 2303 477 2335 carere
508 2304 595 2333 non
625 2291 841 2346 poffirnus.

237 2767 338 2780 —n—
343 2767 449 2779 ..—
455 2768 535 2786 -——

1472 161 1514 205 C
1574 165 1615 206 A
1676 161 1706 205 P
1762 165 1808 206 U
1870 162 1914 206 T
2026 159 2168 207 CLII·

1534 250 1601 293 De
1631 249 1817 293 Lothario
1838 247 2110 303 Cremonensi.
2329 279 2343 296 .

1368 333 1473 378 Pfius
1497 334 1666 379 aemulus
1691 336 1908 380 Lotharius
1932 333 2224 381 Cremonensis
2256 345 2341 375 non

1386 404 1472 434 tam
1503 393 1640 436 studiis
1673 425 1684 445 ‚
1729 410 1853 449 quam
1878 394 2003 437 armis
2029 393 2174 437 claruit
2202 423 2211 434 .
2256 392 2349 445 Ope

1306 448 1486 492 Caesarea
1507 482 1521 504 ,
1552 451 1616 493 vir
1641 450 1730 493 talis
1755 484 1766 503 ,
1814 453 1973 495 Pisanus
2003 449 2345 505 Areliiepiscopus

1308 520 1465 550 creatur
1489 538 1498 549 .
1542 509 1632 552 Nec
1663 509 1916 552 erubescebat
1950 523 2092 553 contra
2118 506 2348 551 Ecclesiam

1313 565 1554 608 sententiam
1581 565 1683 609 ferre
1721 582 1731 608 :
1787 566 1954 610 docebat
1985 567 2097 610 enim
2124 566 2265 607 Sacros
2291 561 2356 604 vi-

1315 638 1376 665 ros
1416 654 1429 674 ,
1471 637 1619 677 nempe
1643 623 1941 666 Ecclesiasticos
1980 655 1992 676 ,
2041 623 2142 678 posse
2170 621 2260 664 foro
2288 619 2355 661 suo

1312 680 1449 723 cedere
1482 697 1491 722 :
1537 696 1712 737 cumque
1737 679 1848 722 {aeus
1873 681 2000 724 etiam
2029 678 2183 735 iniquis
2211 676 2356 721 Eccle-

1315 737 1410 781 siam
1437 740 1671 781 Romanam
1706 737 1862 782 laederet
1894 770 1905 791 ,
1950 737 2115 793 juraque
2158 735 2354 787 judicatus

1313 795 1543 838 Calaritani
1571 795 1801 849 usurparet,
1833 796 1897 847 (b)
1923 796 1972 838 ab
1997 792 2249 838 Innocentio
2273 790 2357 834 111.

1317 851 1582 897 vehementer
1609 851 1902 909 objurgabatur
1923 885 1933 896 .

1487 940 1541 1012 c:=
1588 969 1627 1011 A
1691 968 1721 1011 P
1781 968 1825 1010 U
1885 969 1933 1011 T
2017 968 2183 1012 CLIII.

1530 1083 1598 1127 De
1627 1082 1837 1125 Balduino
1868 1081 2130 1137 Bononiensi.

1389 1195 1551 1239 Acobus
1575 1195 1766 1240 Balduini
1800 1229 1812 1249 ,
1854 1197 2123 1242 Bononiensis
2151 1228 2163 1250 ‚
2204 1192 2365 1239 auditor

1402 1253 1446 1296 ἃ
1479 1253 1558 1307 ipse
1583 1254 1770 1308 Amnis,
1803 1255 1846 1298 Ec
1871 1258 2049 1299 Decurio
2070 1266 2224 1298 creatus
2245 1270 2269 1297 a
2287 1250 2365 1295 Ci-

1323 1310 1448 1353 vitate
1475 1311 1538 1353 sua
1560 1343 1572 1365 ,
1618 1314 1781 1366 pessime
1807 1314 1853 1355 de
1879 1326 2049 1368 utroque
2080 1314 2229 1354 meruit
2257 1342 2268 1363 ,
2300 1309 2367 1351 in-

1321 1368 1540 1423 dignusque
1588 1370 1743 1424 prorsus
1786 1368 1863 1412 fuit
1905 1370 2060 1420 jaistitiae
2101 1367 2320 1412 sacerdotio
2347 1380 2359 1406 ε

1324 1442 1418 1468 nam
1441 1458 1452 1479 ,
1484 1426 1526 1467 δί
1553 1427 1789 1482 magistrum
1817 1427 2070 1471 insimulavit
2097 1426 2202 1469 falla:
2218 1422 2368 1467 dochi-

1324 1499 1382 1525 nae
1415 1499 1481 1537 per
1513 1483 1766 1527 calumniam
1806 1517 1818 1539 ,
1865 1501 1987 1541 quam
2022 1486 2064 1528 in
2106 1484 2218 1526 illius
2246 1490 2369 1536 caput

1325 1541 1511 1595 magister
1539 1541 1696 1584 reflexit
1718 1574 1730 1594 ,
1776 1543 1819 1585 &
1845 1543 2001 1585 causam
2033 1541 2198 1595 suscepit
2226 1539 2369 1581 adver-

1326 1598 1383 1640 sus
1410 1597 1583 1651 patriam
1600 1630 1610 1640 .
1645 1601 1838 1654 Cumque
1867 1600 2021 1642 scelers
2045 1600 2084 1642 in
2108 1599 2283 1650 patriam
2303 1610 2368 1638 ar·-

1323 1657 1534 1710 gueretur,
1568 1656 1796 1711 respondit,
1828 1672 1877 1699 eo
1899 1657 2003 1700 facio
2023 1670 2269 1712 germanum
2290 1654 2370 1697 Bo-

1325 1713 1462 1755 noniae
1493 1713 1630 1757 civem
1658 1714 1874 1770 praestitisse
1915 1731 1923 1756 :
1975 1714 2189 1758 huminem
2217 1713 2371 1756 effron-

1326 1784 1407 1822 tem
1428 1802 1440 1822 ‚
1471 1771 1513 1813 ὃς
1548 1772 1691 1814 inclita
1718 1773 1938 1815 virtutibus
1967 1774 2090 1824 patria
2123 1770 2278 1826 prorsus
2303 1768 2370 1812 in-

1324 1829 1493 1884 dignum
1528 1834 1536 1871 !
1590 1833 1623 1871 A
1662 1829 1944 1873 Genuenfibus
1987 1831 2135 1871 Praetor
2169 1841 2328 1871 creatus
2354 1855 2369 1879 ,

1324 1902 1417 1928 cum
1445 1885 1663 1940 patricium
1693 1886 1835 1942 laqueo
1862 1886 2082 1929 damnasset
2115 1898 2256 1928 contra
2285 1882 2370 1935 ejus

1325 1943 1576 1998 Reipublicae
1603 1946 1708 2000 leges
1729 1976 1740 1997 ‚
1789 1944 1948 1986 causam
1978 1943 2145 1998 praebuit
2169 1944 2370 1986 Genuen-

1323 2001 1424 2043 fibus
1448 2001 1629 2044 edicendi
1664 2033 1675 2053 ,
1721 2017 1770 2043 ne
1796 2000 1901 2043 ullus
1928 2000 1971 2043 in
2000 2002 2201 2045 posterum
2226 1999 2368 2055 legum

1322 2059 1462 2103 doctor
1485 2057 1532 2101 ad
1556 2057 1616 2110 jus
1647 2058 1863 2103 dicendum
1892 2071 2105 2102 vocaretur
2126 2090 2136 2101 .

1498 2173 1538 2216 c
1599 2174 1639 2217 A
1701 2173 1732 2217 P
1793 2175 1835 2217 U
1898 2174 1943 2216 T
2032 2141 2196 2216 cmv.

1543 2288 1610 2331 De
1634 2285 1810 2340 Rofredo
1839 2290 2149 2332 Beneventano.
2261 2342 2263 2345 Α

1331 2400 1625 2503 ROfredus
1673 2417 1833 2459 quoque
1887 2403 2200 2447 Beneventanus
2251 2403 2367 2447 Azo-

1461 2476 1557 2503 nem
1620 2458 1763 2502 habuit
1827 2461 2061 2511 magistrum
2099 2492 2111 2513 ,
2174 2460 2364 2518 idemque

1325 2518 1521 2561 Bononiae
1565 2516 1688 2560 libros
1720 2516 1829 2570 Juris
1861 2518 2087 2572 explicavit
2113 2550 2124 2571 ‚
2170 2518 2364 2574 pluraque

1326 2576 1469 2632 scripta
1503 2575 1666 2631 reliquit
1687 2608 1699 2629 ,
1733 2576 1839 2617 inter
1871 2591 1957 2631 qute
1976 2575 2200 2630 disputatas
2240 2581 2366 2619 latur·-

1327 2636 1371 2679 ni
1403 2634 1540 2683 diebus
1572 2633 1806 2690 quaestiones
1827 2665 1839 2687 ‚
1870 2648 1967 2690 quas
2000 2633 2225 2677 sabbatinas
2248 2639 2268 2687 ',
2318 2644 2364 2675 ut

2256 2689 2366 2733 dixi-

282 2822 364 2875 ς’)
410 2823 494 2854 Rem
529 2829 640 2854 autem
678 2822 797 2854 mlfam
833 2822 874 2854 de
911 2833 951 2854 ΘΟ
989 2828 1100 2873 flava}
1126 2823 1275 2866 sigonius
1323 2841 1352 2861 2.
1385 2833 1454 2867 As.
1497 2829 1533 2861 id
1571 2826 1614 2866 es}
1639 2828 1800 2860 duodecim
1832 2829 1957 2861 uncis.
2001 2830 2049 2860 As
2074 2838 2145 2869 ergo
2174 2827 2363 2870 quandoque

247 2866 332 2908 H‘ss·
365 2869 485 2898 Bonan.
516 2870 612 2900 1·1V·
642 2877 801 2906 ‘nume’
840 2870 989 2900 Amnem
1016 2878 1200 2909 nmmum,
1240 2880 1275 2903 ut
1321 2876 1456 2918 ponitur·
1476 2882 1540 2914 >pro
1569 2873 1682 2911 obolo,
1709 2881 1836 2914 proster
1863 2873 1945 2915 quod
1970 2873 2100 2904 verbum
2126 2874 2221 2905 venie
2254 2875 2363 2904 Bono-

243 2913 380 2955 Sigonio
418 2910 606 2944 odofredus
642 2912 818 2947 retulerat,
846 2919 1004 2954 aegrotare
1042 2911 1175 2945 solitum
1209 2926 1274 2948 non
1322 2921 1412 2952 niam

249 2957 366 2996 fuisse,
405 2955 462 2988 nisi
490 2964 638 2999 tempore
663 2957 893 2989 vacationuum
920 2980 928 2987 .
953 2957 1189 2999 appellabatur
1220 2972 1275 2994 au-

249 3011 320 3034 tem
357 3012 376 3033 a
400 2999 565 3044 discipulis
587 3000 650 3034 suis
675 3001 807 3034 honoris
832 3001 944 3034 causa.
985 3003 1144 3034 Dominus
1170 3006 1242 3038 Azo
1263 3030 1272 3046 ,

248 3046 412 3088 iidemque
439 3050 587 3080 Azonem
624 3046 726 3078 etiam
765 3047 1032 3089 intelligebant,
1071 3050 1202 3088 quando
1240 3062 1274 3083 ο-

248 3092 342 3124 mirso
367 3091 499 3124 nomine
536 3092 714 3125 Dominum
740 3092 975 3135 appellabant,
999 3092 1183 3126 Cardinalis
1210 3098 1276 3128 Ho-

253 3136 380 3171 stienfis
404 3138 439 3171 in
466 3138 572 3182 capite
595 3139 701 3182 primo
722 3144 770 3182 pr.
795 3139 837 3170 Χ.
864 3138 902 3172 dt
927 3135 1127 3179 testamentis
1152 3152 1274 3176 numer·

1445 2914 1591 2960 studium
1628 2919 1754 2959 civile,
1786 2917 1873 2958 ficut
1912 2919 2032 2951 audivi
2068 2930 2088 2951 a
2113 2917 2241 2951 domino
2265 2927 2361 2958 mro,

1323 2965 1338 3005 [
1366 2966 1478 3004 Azone
1491 2988 1498 2996 .
1525 2964 1540 3004 J

1368 3011 1442 3050 [a]
1491 3013 1527 3042 L.
1550 3020 1580 3049 9.
1601 3015 1725 3052 parerg.
1753 3015 1810 3051 cap
1839 3010 1901 3041 ult.

1366 3055 1415 3096 [b
1432 3055 1447 3094 J
1498 3057 1577 3098 Cap.
1599 3054 1799 3099 fidiligem·
1829 3055 1870 3090 de
1891 3054 1965 3099 soro
1989 3060 2122 3098 comper.
2148 3052 2189 3087 Θ
2217 3052 2259 3088 de
2280 3059 2361 3097 pre·

1320 3101 1437 3145 script.

2577 527 2590 636 ,vn
2584 502 2590 514 ,-
