2596 3479
614 67 664 129 E
708 70 764 128 T
843 67 968 126 XII.

228 152 277 197 de
306 144 544 194 coeuntibus
575 148 752 193 consiliis
783 146 1036 203 privatorum
1061 176 1074 200 ‚
1122 145 1255 201 publi-

224 223 321 252 cum
352 206 574 263 aliquando
606 205 760 250 malum
781 215 1037 259 erumperet.
1071 204 1256 257 Quamo-

225 264 342 308 brem
368 276 477 307 certa
509 276 626 308 erant
654 293 667 316 ,
697 278 744 305 ac
776 260 974 316 praefinita
997 259 1172 317 collegia
1213 261 1258 305 Sc

221 333 354 364 coetus
387 321 638 376 privatorum
675 348 686 371 ‚
719 319 864 374 quibus
896 318 962 361 lex
994 318 1165 362 coeundi
1209 319 1256 361 si-

219 377 312 422 mul
355 377 522 422 veniam
573 375 733 419 dederat
763 407 772 418 .
818 377 881 418 Ac
914 376 1257 419 Decemvirorum

222 447 370 488 aetate,
403 435 472 478 sub
502 432 650 490 quibus
682 432 746 475 lex
777 432 824 476 de
860 431 1053 475 sodalibus
1087 433 1256 487 prodiit,

222 507 309 535 non
338 491 438 535 alios
469 489 750 533 Gothofredus
782 488 891 532 fuisse
922 489 1120 532 sententia
1157 490 1259 543 legis

222 547 538 603 comprehensos
570 547 787 590 arbitratur
815 547 858 590 ἃ
899 546 1069 590 sodalitii
1100 545 1159 597 jus
1186 547 1256 589 ha-

222 605 373 657 buiffe,
403 620 526 660 quarn
560 604 699 648 fratres
732 603 930 646 Arvales:
966 620 1139 658 quorum
1173 604 1257 647 col-

222 662 382 718 legium
413 665 559 704 Romae
594 661 672 705 fuit
705 661 1029 717 antiquissimum
1062 662 1112 703 ab
1143 674 1257 704 aetate

221 734 374 770 nempe
399 718 599 773 Romuli:
632 719 701 774 qui
727 721 848 762 Accae
882 718 1079 763 Larentiae
1110 719 1257 762 nutrici

224 793 299 834 pro
327 776 414 820 filio
440 776 513 819 csse
534 775 696 829 voluit,
730 777 936 833 postquam
962 792 1010 818 ex
1028 776 1256 829 duodecim,

256 850 327 877 uos
359 834 532 876 habebat
564 833 635 876 illa
663 865 675 886 ,
726 849 854 876 unum
888 832 1107 876 amisisset:
1146 836 1258 888 leque

225 849 346 934 iimul
379 905 474 933 cum
505 890 744 933 undedecim
790 890 978 933 fratribus
1013 889 1256 934 sacerdotem

223 946 450 1003 appellavit
483 947 707 990 Arvalern.
740 948 803 1000 (a)
837 948 956 1002 Quod
992 948 1257 990 sacerdotium

222 1003 386 1060 frugum
420 1020 442 1047 a
487 1005 578 1047 Diis
628 1005 893 1059 petendarum
937 1021 983 1047 ac
1016 1005 1163 1048 finium
1198 1004 1284 1106 cli-t

222 1060 538 1113 scernendorum
573 1060 791 1117 litiumque
818 1062 1036 1104 istiusmodi
1077 1060 1258 1113 judican-

222 1117 368 1161 darum
401 1118 516 1170 causa
547 1117 625 1161 filit
654 1119 912 1171 mmmmm,
943 1120 1006 1170 (b)
1039 1130 1082 1161 nt
1107 1135 1155 1162 ex
1190 1112 1284 1202 γε’-Ι
1307 1170 1425 1213 dendi
1472 1169 1541 1212 sibi
1587 1169 1822 1212 facultatem
1868 1168 2070 1211 habebant
2097 1200 2108 1222 ‚
2153 1169 2250 1212 dum
2284 1184 2334 1212 ne

222 1175 298 1218 teri
325 1171 448 1230 glossa
473 1175 666 1226 Cujacius
690 1176 857 1218 retulit.
890 1177 947 1227 (c)
973 1175 1088 1218 Plura
1115 1174 1258 1218 deinde

226 1231 375 1275 similia
409 1221 581 1285 Romae,
614 1232 711 1275 ficut
742 1233 785 1275 ὃς
814 1233 957 1275 nostris
991 1233 1258 1286 temporibus,

221 1287 409 1342 instituta
438 1287 548 1331 fuere
576 1288 751 1344 collegia
785 1290 853 1337 vel,
883 1289 1159 1340 sacerdotum,
1195 1288 1258 1331 vel

224 1345 429 1388 artificum
455 1375 468 1396 ,
501 1358 620 1399 prout
649 1376 661 1399 ‚
705 1343 863 1400 legibus
905 1345 1220 1399 adprobantibus
1246 1376 1258 1398 ,

221 1399 390 1457 publica
424 1399 610 1456 poscebat
664 1402 821 1444 utilitas
857 1434 865 1444 .
899 1402 1060 1457 Quibus
1108 1417 1257 1445 conve·

225 1457 368 1501 niendi
390 1490 404 1511 ,
438 1457 586 1514 sibique
620 1457 679 1510 jus
711 1472 871 1502 certum
898 1459 1097 1502 condendi
1132 1458 1259 1502 facul—

232 1527 364 1558 tatem
398 1515 541 1558 tribuit
580 1515 643 1558 lex
677 1518 784 1560 XII.
817 1514 944 1559 tabul.
977 1516 1091 1559 dueta
1116 1533 1136 1559 a
1172 1517 1258 1572 lege

225 1571 388 1615 Solonis
414 1571 518 1623 Cajo
544 1572 694 1615 relata.
727 1576 792 1624 (d)
825 1575 962 1629 Quam
987 1573 1108 1616 aliter
1132 1573 1255 1626 Cuja-

230 1628 316 1672 cius
340 1631 398 1680 (e)
430 1644 478 1672 ex
514 1628 627 1673 libris
660 1631 929 1674 Basilicorum
964 1646 976 1684 3
1009 1629 1127 1673 aliter
1161 1647 1256 1687 quo-

225 1702 305 1743 que
336 1686 578 1730 Salmasius:
612 1686 730 1730 aliter
762 1687 989 1731 Heraldus:
1023 1687 1143 1731 aliter
1170 1702 1260 1738 tan-

227 1745 321 1786 dem
351 1744 503 1786 Petitus
530 1743 740 1797 legerunt.
777 1748 938 1788 Verum
971 1760 1022 1788 ne
1049 1757 1133 1788 tam
1159 1744 1259 1798 fuse,

221 1816 270 1844 ac
317 1801 431 1844 varie
463 1801 665 1857 disputata
698 1802 993 1855 retra&emus‚
1029 1802 1143 1846 suum
1176 1803 1261 1846 cui-

221 1871 302 1914 que
332 1856 528 1909 judicium
569 1858 865 1916 relinquimu3‚
896 1859 1000 1903 illud
1043 1876 1138 1903 vero
1164 1875 1258 1914 prae-

229 1914 351 1958 terire
378 1915 554 1959 ‘minime
587 1917 766 1972 possum,
799 1916 906 1973 quod
930 1917 1147 1960 Salmasius
1175 1932 1259 1959 non

223 1982 310 2013 tam
343 1971 502 2015 fortasse
535 1972 702 2017 docendi
731 2006 743 2027 ‚
787 1990 910 2029 quam
956 1974 1259 2017 contradicendi

224 2027 353 2070 studio
386 2028 561 2082 scripsit:
597 2029 652 2083 [³³]
685 2031 830 2074 illicita
862 2046 1008 2084 nempe
1042 2030 1153 2073 fuisse
1195 2046 1259 2073 ve-

223 2084 377 2127 teribus
408 2084 730 2131 Atheniensibus
772 2086 944 2142 collegia
990 2088 1224 2141 praedonum
1249 2119 1261 2140 ‚

224 2154 391 2197 propter
415 2142 616 2186 infamem
645 2144 736 2188 vitae
757 2144 866 2188 illius
889 2143 1115 2197 rationem,
1147 2161 1257 2188 com-

225 2198 344 2240 muni
377 2198 528 2251 iudicio
561 2202 844 2255 reprobatam:
882 2202 986 2245 unde
1028 2203 1147 2244 verba
1192 2202 1262 2244 illa

223 2254 268 2297 in
303 2254 389 2311 lege
419 2255 583 2300 Solonis
618 2257 778 2309 ἐπιγείαν
804 2259 927 2302 vertit
972 2258 1016 2300 in
1047 2258 1260 2312 uoiwpysi'aev,

217 2311 262 2355 δε
294 2328 365 2367 pro
396 2312 572 2369 collegio
615 2314 852 2368 praedonum
897 2315 1092 2359 substituit
1136 2314 1259 2358 colle-

219 2368 338 2424 gium
385 2370 816 2417 ,circumforaneorum
864 2372 907 2416 ὃς
952 2372 1215 2428 propolarum
1249 2405 1260 2425 ‚

220 2426 290 2480 qui
311 2443 334 2469 a
361 2428 611 2481 praedonibus
634 2442 807 2481 emunt,
835 2442 878 2472 ut
899 2429 1028 2473 carius
1066 2428 1259 2471 vendant.

221 2483 315 2535 Qua
341 2483 386 2526 in
417 2500 457 2527 re
484 2485 531 2528 de
562 2485 756 2529 industria
783 2487 941 2530 videtur
971 2485 1122 2528 oblitus
1152 2484 1262 2528 illius

220 2539 480 2595 Thucydidis
506 2574 518 2595 ,
549 2542 629 2596 (f)
662 2542 870 2587 scribentis
902 2575 914 2597 ‚
948 2542 1102 2586 vetusta
1145 2553 1260 2586 aetate

329 2599 433 2652 Jani
463 2600 653 2643 Gravinae
680 2602 798 2643 Tom.
819 2603 855 2643 I.

218 2671 323 2684 —

261 2709 322 2748 (a)
349 2709 433 2743 Plin.
461 2709 520 2744 lib.
545 2714 593 2744 18.
612 2717 682 2752 cap.
702 2721 727 2742 ι.
744 2710 782 2743 Θ·
806 2711 891 2746 Gell.
918 2711 974 2746 lib.
991 2714 1021 2743 6.
1039 2723 1064 2744 c.
1077 2724 1110 2753 7.

264 2752 324 2793 (b)
351 2756 457 2788 Varro
485 2758 558 2796 l.4.
583 2756 622 2789 de
649 2756 732 2798 ling.
761 2758 821 2789 lae.
871 2754 919 2794 (c)
952 2755 1025 2797 Obfi
1060 2758 1083 2791 l.
1105 2766 1156 2789 ιι.
1185 2764 1209 2787 e.
1228 2763 1258 2793 5.

262 2799 323 2838 (d)
350 2802 388 2831 L.
415 2810 448 2838 4.
473 2800 513 2844 ff.
539 2803 576 2834 de
605 2803 715 2842 colleg.
764 2802 810 2841 (el
842 2800 915 2842 obst
945 2804 967 2834 l.
997 2814 1030 2842 7.
1057 2813 1081 2835 c·
1115 2811 1167 2839 30.

265 2844 539 2883 (⁴‘)Sa1mafium
578 2845 724 2888 pluribus
767 2843 889 2879 refutat
924 2850 1024 2880 Corn.
1067 2857 1130 2879 van
1172 2848 1259 2885 Byn-

222 2886 391 2923 kershoek
420 2889 492 2930 0le
520 2893 543 2922 1.
562 2894 591 2922 1.
608 2902 632 2923 c.
654 2894 702 2922 16.
731 2891 926 2929 Sententia,
953 2902 1015 2934 qua
1045 2890 1167 2924 Αυξὶοτ
1193 2891 1254 2922 uti<

219 2935 301 2979 tur,
325 2934 474 2966 omnium
496 2935 734 2968 verisimillima
750 2958 761 2975 ‚
787 2937 817 2968 ἃ
843 2946 942 2979 quam
967 2937 1022 2969 suo
1049 2935 1173 2968 calculo
1187 2945 1258 2967 mu-

220 2983 373 3009 niverunt
413 2978 554 3011 Bodinus
593 2981 631 3012 de
667 2981 776 3022 repud.
804 2982 828 3013 1.
857 2984 928 3014 III.
954 2988 1021 3023 cap.
1048 2993 1080 3022 7.
1120 2980 1257 3014 Grotius

218 3017 258 3050 de
277 3021 319 3061 J.
340 3023 380 3052 Β.
396 3021 434 3053 Co·
450 3026 487 3055 P.
504 3026 533 3056 1.
552 3027 600 3057 II.
617 3036 641 3058 c.
665 3027 750 3069 15-§
778 3034 806 3064 5.
835 3026 1035 3067 Exemplum
1057 3024 1258 3068 quotidianae

220 3065 435 3115 experientiae
477 3067 572 3100 hodie
611 3071 725 3110 praesto
761 3070 795 3102 in
835 3070 1077 3113 Algerienfibus
1115 3071 1144 3103 8:
1183 3069 1256 3101 reli-

205 3116 289 3158 „quis
324 3112 454 3153 pyratis
493 3111 532 3145 ad
564 3123 653 3161 mare
688 3114 967 3149 mediterraneum
997 3135 1006 3148 ·
1042 3119 1127 3152 Cum
1168 3113 1258 3148 enim

1149 2678 1255 2685 --.

1052 60 1902 126 TABULARUM.

2231 79 2250 116 ¹
2271 77 2335 132 33

1304 142 1670 199 praestantissimum
1699 152 1905 196 quemque
1955 135 2122 191 virum,
2154 136 2198 182 δε
2235 138 2339 194 ipsos

1306 201 1449 245 heroas
1481 202 1524 244 in
1551 214 1663 243 mare
1694 196 1918 253 praedatum
1949 194 2070 237 exisse
2107 223 2120 247 ‚
2164 208 2333 240 tantum

1307 272 1350 301 ut
1373 274 1395 301 a
1422 257 1498 304 suis
1525 256 1682 301 civibus
1704 254 1975 298 abstinerent.
2010 251 2130 306 Quod
2155 252 2235 315 suit
2262 253 2336 298 ho-

1306 315 1527 359 norificum
1553 314 1649 358 vitae
1681 327 1840 369 genus;
1874 322 2070 365 tanquam
2104 323 2272 363 privatae
2303 311 2339 355 i-

1306 387 1428 426 mago
1461 370 1653 424 militiae,
1688 376 1732 412 u't
1761 384 1847 412 non
1874 368 2056 421 mirum,
2089 366 2114 409 si
2148 383 2237 411 mos
2269 368 2335 412 hic

1307 444 1392 471 non
1422 428 1600 472 omnino
1620 458 1632 480 ‚
1664 441 1794 481 neque
1842 425 2038 468 omnibus
2070 441 2119 468 ez<
2154 425 2332 479 parabis

1307 499 1490 541 tempore
1513 483 1675 528 Solonis
1694 494 1939 526 evanuerat.
1968 482 2088 525 Adest
2108 481 2150 524 ἃ
2174 484 2333 526 Home-

1306 559 1397 595 rus,
1417 543 1480 598 (g)
1505 542 1610 596 apud
1634 554 1756 596 quem
1782 538 1868 582 fine·
1889 539 2109 582 offensione
2131 539 2331 583 Telema-

1305 600 1403 644 chus
1422 616 1444 643 a
1469 600 1637 642 Nestore
1664 596 1968 652 interrogatur,
1999 611 2051 639 an
2078 598 2216 651 praedae
2241 613 2336 641 cau-

1307 658 1342 700 sa
1366 673 1413 700 eo
1434 656 1676 711 appulisset?
1703 654 1769 696 Ob
1797 654 1969 697 eandem
1997 653 2156 697 causam
2183 654 2225 697 ὅτ.
2264 655 2339 698 Pe-

1307 714 1372 757 titi
1398 715 1482 766 (h)
1514 711 1847 756 emendationem
1887 726 2048 767 quoque
2079 710 2290 762 rejecerim
2323 744 2336 766 ‚

1306 771 1374 827 qui
1401 771 1500 826 legit
1525 769 1678 820 ἐπιγείων
1705 768 1752 811 ad
1770 766 2044 822 frmnentwn:
2078 767 2189 820 cujus
2210 769 2336 824 signi-

1306 828 1509 871 ficationis
1539 826 1750 869 au&orem
1783 824 1904 868 habet
1935 825 2188 879 Hesychium
2220 858 2229 868 .
2262 826 2337 870 Sed

1307 901 1357 929 ne
1401 886 1448 928 de
1489 882 1759 935 collegiorum
1806 884 2022 938 generibus
2067 882 2333 936 laboremus,

1306 958 1393 999 quse
1425 942 1537 985 licita
1575 940 1727 993 essent,
1759 954 1898 998 quaeve
1926 939 2102 992 illicita,
2137 940 2227 983 satis
2257 941 2338 983 erit

1308 999 1414 1042 noffe
1448 999 1518 1041 illa
1543 994 1654 1042 fuifl'e
1677 996 1819 1050 licita,
1852 1012 1938 1052 quae
1966 996 2129 1050 fraude,
2164 997 2335 1041 malisve

1306 1057 1461 1099 artibus
1480 1066 1662 1099 carerent
1677 1086 1686 1101 .
1720 1055 1980 1110 Quaecunque
2001 1067 2137 1097 autem
2161 1054 2334 1110 collegia

1307 1113 1463 1168 legibus
1497 1112 1829 1166 permitterentur
1850 1143 1863 1164 ‚
1894 1126 1940 1153 ea
1972 1112 2071 1156 certi
2104 1110 2200 1162 juris
2232 1127 2334 1155 con-

1309 1226 1480 1281 publicis
1527 1225 1680 1280 legibus
1721 1225 2026 1269 adversarentur
2054 1257 2063 1268 .
2107 1226 2221 1270 Hinc
2271 1226 2336 1270 lex

1307 1298 1396 1339 quae
1430 1283 1605 1337 sequitur
1634 1299 1643 1323 ε

1387 1342 1596 1395 Sodales
1652 1337 1820 1413 legem
1887 1359 2045 1411 quam
2102 1341 2279 1394 volent
2322 1380 2339 1410 ‚

1307 1385 1432 1473 d&
1479 1437 1540 1471 ne
1585 1420 1709 1489 quid
1754 1435 1818 1470 ex
1863 1415 2072 1490 publica
2099 1415 2208 1493 lege
2236 1436 2341 1473 cor-

1313 1513 1592 1568 rumpant,
1635 1494 1729 1549 fibi
1772 1495 1981 1549 ferunto
2007 1535 2020 1549 .

1493 1606 1534 1648 C
1593 1605 1632 1647 A
1695 1604 1726 1647 P
1784 1607 1827 1647 U
1887 1604 1931 1645 T
2018 1605 2181 1657 XLVI.

1626 1692 1693 1736 De
1715 1691 1982 1745 Jurejurando
1998 1722 2008 1733 .

1410 1780 1517 1821 Orro
1550 1793 1645 1822 cum
1689 1776 1853 1821 nullum
1903 1775 2108 1822 habebant
2149 1776 2342 1823 homine-s

1421 1835 1638 1891 vincul-um
1659 1835 1956 1879 firmandarum
1974 1835 2211 1891 paffionum
2233 1835 2339 1887 jure-

1310 1893 1479 1945 jurando
1506 1893 1692 1946 firmius3
1724 1892 1813 1937 ideo
1845 1903 2012 1939 cautum
2038 1891 2150 1936 fuisse
2171 1893 2216 1936 de
2236 1892 2340 1944 jure-

1310 1950 1480 2002 jurando
1502 1949 1658 2004 legibus
1677 1952 1781 1994 XII.
1803 1951 1882 1992 tab.
1913 1961 2104 2004 oportet:
2139 1962 2258 2004 atque
2278 1952 2343 1994 in-

1309 2007 1356 2050 de
1381 2006 1516 2062 legem
1537 2007 1695 2049 traxisse
1720 2006 1972 2050 Ciceronem
1994 2007 2048 2059 (i)
2071 2006 2116 2049 de
2144 2007 2341 2062 religione

1310 2062 1568 2116 jurisjurandi
1599 2063 1732 2105 hanc:

1390 2122 1602 2192 Perjurii
1646 2140 1801 2193 poena
1858 2119 2034 2176 divina
2077 2121 2299 2176 exitium
2329 2162 2345 2193 2

1312 2202 1542 2255 humana
1582 2199 1797 2255 dedecus
1839 2199 1970 2253 est0.
2012 2197 2108 2271 Ψ)

1466 2310 1507 2353 C
1566 2312 1606 2352 A
1668 2311 1699 2352 P
1758 2310 1802 2352 U
1863 2311 1906 2352 T
1995 2310 2181 2354 XLVII.

1689 2396 1756 2440 De
1789 2397 1949 2458 faenore
1970 2427 1978 2438 .

1374 2483 1483 2524 Nter
1532 2480 1761 2524 comeranus
1811 2481 1950 2524 crebra
2000 2478 2042 2521 in
2092 2478 2206 2522 civili
2253 2480 2340 2525 vita

1390 2539 1443 2582 est
1475 2537 1693 2580 foeneratio
1719 2568 1732 2591 ,
1774 2549 1938 2592 propter
1988 2535 2191 2580 dissolutos
2243 2553 2334 2580 mo-

2280 2610 2340 2638 res

1307 2671 1513 2685 w

1307 2706 1358 2739 his
1397 2717 1455 2749 per
1496 2705 1697 2739 Alcoranum
1738 2705 1831 2737 suum
1866 2704 2032 2746 integrum
2059 2704 2095 2737 sit
2140 2705 2252 2737 sociari
2302 2704 2343 2737 ad

1307 2751 1447 2793 praedam
1486 2750 1694 2789 faciendam,
1735 2749 1823 2781 idem
1862 2748 2113 2783 Atheniensibus
2145 2760 2273 2793 quoque
2304 2750 2343 2781 li-

1305 2807 1376 2830 cere
1404 2796 1511 2838 potuit
1535 2805 1590 2837 per
1618 2795 1722 2838 legem
1747 2793 1900 2828 Solonis.

1346 2841 1430 2883 (f)
1458 2842 1542 2872 lnit.
1572 2838 1642 2879 hist.

1349 2885 1411 2927 (g)
1437 2883 1546 2928 odyss.
1578 2895 1606 2923 3·

1349 2930 1408 2971 (h)
1436 2930 1488 2962 Ad
1515 2932 1575 2967 lcg.
1609 2929 1711 2961 Auis.
1741 2936 1816 2972 pag.
1844 2933 1924 2970 418.

1348 2975 1401 3014 (i)
1426 2975 1494 3008 Cic.
1527 2975 1563 3006 de
1591 2973 1672 3016 offic.
1700 2974 1786 3007 Gell.
1814 2978 1838 3008 1.
1870 2989 1900 3017 7.
1922 2986 1945 3007 c.
1981 2977 2031 3006 18-

1349 3020 1424 3059 (ἢ)
1452 3023 1544 3052 Hanc
1584 3020 1689 3061 legem
1729 3029 1768 3051 ex
1809 3021 1956 3053 moribus
1983 3040 1993 3058 ‚
2034 3027 2100 3049 non
2147 3028 2186 3050 ex
2219 3016 2343 3060 legibus

1304 3062 1477 3096 duodecim
1519 3064 1706 3096 tabularum
1739 3075 1757 3095 a
1795 3066 1953 3099 Cicerone
2002 3063 2144 3106 confingi
2169 3084 2180 3103 ‚
2216 3064 2331 3105 probat

1306 3113 1392 3144 Otto
1418 3111 1473 3143 Pr.
1505 3111 1548 3142 T.
1575 3111 1630 3141 IV.
1659 3116 1690 3151 p.
1726 3119 1774 3148 14.
2088 3112 2090 3116 ’
2147 3119 2150 3122 ’
