2596 3479
267 105 378 158 274
689 97 691 100 ·
949 87 1091 141 DE
1173 89 1308 142 LE

268 179 414 206 omncs
444 162 638 208 omnium
673 161 889 208 sententias
922 194 934 216 ,
983 162 1026 205 ἃ
1058 160 1309 214 conjesturas

271 221 420 265 referre
443 252 455 273 ‚
487 230 556 265 aut
587 222 812 277 expendere
847 235 932 264 nori
965 232 1050 263 tam
1084 219 1131 263 fit
1163 219 1263 264 utile
1296 252 1308 274 ‚

268 295 394 333 quam
427 279 658 335 legentibus
679 312 691 333 ,
723 292 842 334 atque
877 277 1141 322 scribentibus
1165 293 1309 332 opero-

267 336 354 379 sum
382 368 390 378 .
423 336 618 388 Cujacius
650 349 800 392 putat,
845 347 964 391 caput
998 335 1113 379 fuisse
1144 334 1309 392 aliquod

266 392 392 449 ipsius
434 393 536 450 legis
582 395 710 449 Papiae
759 393 811 436 fic
860 392 1153 449 appellatum,
1202 393 1310 450 quod

266 451 433 494 mistum
470 456 605 494 sexum
627 450 993 507 complePteretur3
1026 465 1174 506 nempe
1200 449 1308 507 quod

264 507 518 564 injungendo
552 509 741 552 masculis
772 509 967 553 coelibatu
991 540 1004 562 ‚
1035 508 1080 552 δι
1101 508 1309 564 imperan-

264 566 313 609 da
362 565 546 608 foeminis
589 567 788 610 viduitate
822 566 960 610 sexum
994 566 1232 610 contineret
1262 582 1305 609 u-

269 636 463 678 trumque
497 654 506 666 .
561 625 718 667 Verum
752 639 845 668 curn
880 623 1110 666 innumerae
1142 622 1219 667 sint
1252 621 1305 666 le-

263 695 333 735 ges
379 679 555 730 ejusdem
603 694 758 724 naturae
805 681 853 724 ad
898 694 1117 737 utrumque
1169 681 1304 725 sexum

262 737 485 792 ipetff'mntes
522 770 534 790 ‚
579 737 791 794 ignoratur
821 771 834 792 ‚
870 737 931 782 lex.
967 753 1018 781 ne
1050 736 1304 794 potissimum

265 794 351 838 haec
385 794 507 840 fuerit
534 827 545 849 ,
597 812 648 838 an
681 796 784 853 legis
816 795 979 838 alterius
1012 807 1133 849 caput
1159 827 1168 838 .
1214 795 1302 839 Alii

259 852 413 896 dietam
447 853 502 896 ita
537 855 704 897 censent
729 886 741 908 ,
791 854 886 910 quia
918 853 1079 895 mistam
1113 852 1304 896 continet

259 910 477 953 materiem
517 926 529 964 ;
582 911 755 963 Jacobus
799 926 895 954 vero
939 909 1221 954 Gothofredus
1254 910 1304 954 sic

265 967 416 1010 dinam
451 969 671 1011 arbitratur
705 1000 717 1021 ‚
762 967 854 1024 quia
902 968 1125 1022 composita
1168 969 1223 1012 est
1254 984 1301 1012 ex

268 1025 394 1068 variis
425 1024 578 1077 juribus
603 1057 615 1079 ‚
664 1025 820 1068 scilicet
863 1042 911 1069 ex
949 1026 1076 1069 veteri
1110 1024 1197 1081 lege
1230 1026 1301 1069 Pa-

260 1082 328 1138 pia
355 1113 366 1134 ,
397 1083 438 1125 ἃ
472 1082 664 1126 cautione
697 1083 894 1127 Matiana
930 1082 1047 1126 simul
1080 1083 1301 1138 contextis3

254 1139 407 1196 eodem,
433 1141 555 1183 modo
577 1173 588 1193 ‚
639 1157 720 1196 quo
752 1141 855 1197 apud
888 1141 1073 1185 Siculum
1109 1141 1299 1184 Flaccum

254 1197 405 1241 dicitur
435 1215 482 1242 αῖς
513 1198 745 1252 Ilsltscellum
772 1231 784 1251 ‚
815 1198 858 1242 ἃ
891 1199 1166 1247 Iffifcelliones
1196 1200 1299 1254 apud

255 1255 412 1298 festum
448 1255 640 1299 nituntur
663 1289 674 1310 ‚
717 1257 786 1312 qui
821 1272 903 1300 nori
940 1257 1030 1300 sunt
1064 1257 1183 1300 unius
1215 1273 1300 1300 cer-

251 1325 303 1354 tae
339 1343 350 1366 ,
405 1313 462 1356 sed
501 1311 706 1357 variar'um
743 1314 1074 1368 sententiarum3
1119 1316 1300 1370 itemque

249 1371 354 1424 apud
406 1370 596 1414 Gellium
643 1371 902 1426 appellantur
935 1372 1110 1422 miscella
1149 1404 1161 1426 ,
1211 1387 1299 1427 quae

249 1427 477 1482 multiplici
516 1429 607 1471 sunt
640 1460 652 1478 ,
698 1429 888 1484 variaque
921 1429 1104 1471 dcehina
1133 1445 1142 1469 τ
1197 1430 1300 1472 unde

254 1484 447 1540 frequens
479 1486 583 1541 apud
617 1485 802 1528 Criticos
835 1485 1168 1538 mistellaneorum
1201 1488 1300 1530 titu-

253 1539 314 1585 lus
338 1575 346 1584 .
369 1544 461 1598 Ego
491 1559 585 1586 vero
613 1543 677 1585 vel
708 1543 763 1585 ita
788 1541 939 1586 diffiam
967 1543 1170 1596 arbitror,
1191 1545 1298 1599 quod

250 1600 380 1642 veteri
408 1600 482 1650 juri
510 1599 611 1655 legis
638 1600 769 1655 Papiae
790 1632 801 1650 ,
835 1616 915 1656 quo
949 1600 1191 1655 simpliciter
1216 1617 1295 1644 coe—

256 1656 405 1700 libatus
450 1689 463 1711 ,
518 1658 699 1700 conditio
739 1689 750 1711 ,
800 1658 843 1701 &
893 1658 1102 1701 viduitatis
1144 1657 1298 1710 rejicie-

256 1714 374 1757 batur
406 1746 418 1767 ‚
470 1715 586 1758 infita
624 1715 744 1759 fuerit
775 1731 824 1759 ex
857 1714 995 1772 aliquo
1021 1717 1061 1759 S.
1082 1717 1133 1759 C.
1161 1716 1295 1759 mode-

256 1772 361 1814 ratio
389 1772 483 1826 illa,
520 1789 642 1828 quarn
673 1772 930 1821 subjiciemus
956 1805 968 1826 ‚
1012 1789 1177 1829 quaeque
1211 1789 1294 1816 non

262 1829 416 1884 patitur
442 1862 454 1883 ,
498 1845 590 1874 eam
623 1829 884 1882 mit-&ionem
911 1830 990 1874 esse
1019 1845 1254 1887 perpetuam
1285 1848 1296 1885 3

258 1887 325 1929 vel
364 1888 409 1930 de
438 1900 551 1931 more
577 1887 824 1943 appellatam
850 1888 899 1931 sic
925 1889 1102 1930 arbitror
1134 1905 1156 1931 a
1181 1888 1296 1939 Julio

257 1942 456 1988 miscello
476 1975 488 1997 ‚
532 1945 644 1996 cujus
671 1961 823 1989 nomen
852 1945 1025 1989 relatum
1050 1946 1103 1989 est
1129 1963 1150 1990 a
1177 1947 1286 1997 Justi-

257 2001 386 2044 niano
407 2002 512 2046 inter
535 2003 736 2046 Novellas
752 2035 763 2056 ‚
796 2020 876 2060 quo
903 2017 1086 2057 tempore
1111 2020 1205 2047 cum
1228 2021 1295 2047 ve-

257 2059 454 2103 tustarum
497 2075 630 2103 rerum
673 2060 793 2104 fueiit
824 2063 1023 2107 memoria
1050 2062 1252 2105 recentior
1282 2095 1293 2115 ‚

249 2117 401 2161 necesse
434 2133 516 2161 non
549 2119 603 2162 est
625 2150 636 2171 ‚
672 2131 715 2162 ut
748 2135 821 2162 nos
852 2120 902 2162 ab
932 2136 978 2163 ea
1011 2132 1126 2163 :etate
1160 2137 1287 2164 remo-

249 2175 280 2216 ti
315 2173 455 2218 frustra
487 2177 761 2220 vaticinemur
788 2209 797 2219 .
833 2177 960 2233 Atqui
996 2177 1191 2233 nusquam
1218 2178 1291 2222 ali-

249 2232 288 2274 bi
324 2231 440 2282 liujus
472 2231 640 2277 familiae
674 2233 839 2290 vestigia
872 2234 1058 2277 invenire
1094 2236 1255 2278 licuerit
1284 2267 1292 2277 .

253 2289 375 2343 Quasi
416 2305 499 2332 non
528 2291 657 2342 major
683 2307 770 2344 pars
796 2291 926 2335 adbuc
957 2306 1142 2335 veterum
1172 2292 1293 2336 farni-

255 2345 404 2389 liarum
441 2346 588 2390 lateat:
623 2350 701 2401 (¹⁶)
735 2349 807 2391 nisi
840 2349 1015 2403 velimus
1040 2351 1293 2406 in'angustos

252 2404 474 2447 admodum
519 2405 619 2448 fines
652 2405 852 2462 conjicere
886 2420 1063 2450 veterem
1098 2409 1291 2451 eruditio-

255 2477 352 2504 nem
377 2493 385 2503 .
433 2463 592 2506 Verum
623 2463 773 2506 ducant
808 2464 885 2508 lioc
918 2481 1070 2507 nemen
1107 2466 1210 2508 unde
1245 2465 1286 2509 li·

248 2519 315 2562 bet
355 2535 373 2570 ‚·
405 2533 512 2564 certe
547 2534 679 2563 totum
714 2521 811 2564 istud
846 2521 945 2576 legis
978 2523 1094 2574 Juliae
1127 2535 1248 2577 caput
1279 2556 1291 2576 ,

252 2576 359 2638 quod
407 2593 476 2631 per
522 2577 657 2633 legem
703 2578 855 2630 juliam
889 2579 1125 2623 Mistellam
1157 2582 1292 2635 expri-

247 2644 380 2696 mitur
415 2665 426 2686 ,
478 2637 701 2679 conflatum
747 2636 800 2679 est
845 2653 892 2680 ex
926 2639 1052 2682 veteri
1105 2638 1147 2681 ὃς
1180 2654 1291 2682 novo

248 2705 336 2742 jure
367 2722 378 2742 ‚
412 2693 516 2745 quod
549 2693 914 2737 Senatusconsultis
948 2697 1106 2738 accessit
1137 2725 1148 2733 -
1199 2698 1292 2740 Hoc

254 2747 383 2801 igitur
433 2749 564 2804 capite
607 2751 751 2794 modus
782 2751 1050 2796 adhibebatur
1083 2752 1292 2805 rejeeiioni

1354 91 1767 163 GIBUS,

1358 167 1609 212 conditionis
1631 201 1644 224 ,
1673 170 1821 214 adscita
1845 168 2036 215 cautione
2055 171 2275 228 Mutiana,
2309 189 2395 231 quae

1360 226 1702 288 accomodabatur
1733 228 2038 272 conditionibus
2068 232 2262 275 omnibus
2283 264 2295 285 ‚
2329 233 2396 276 sub

1361 295 1580 337 negatione
1613 287 1820 342 conceptis
1837 318 1848 340 ‚
1881 302 1968 342 quae
1993 288 2153 330 nonnisi
2175 301 2305 334 morte
2327 306 2397 345 po—

1361 350 1495 403 terant
1526 340 1726 397 impleri3
1770 343 1896 388 veluti
1923 342 1961 398 fi
1994 361 2098 387 mare
2131 362 2206 397 non
2236 345 2399 401 transiea

1358 412 1443 459 rfs,
1467 395 1506 451 fi
1535 415 1611 442 non
1641 400 1800 445 duxeris
1831 418 1984 445 uxorem
2012 419 2020 442 τ
2057 418 2228 458 quarum
2261 404 2401 448 condi-

1360 465 1526 517 tionum
1570 470 1741 501 eventus
1785 472 1870 502 tota
1919 459 2075 503 heredis
2107 475 2175 503 aut
2210 460 2397 517 legatarii

1358 524 1445 576 vita
1469 514 1676 575 ‘pendebat
1705 547 1714 558 .
1748 516 1853 572 Quis
1884 505 1998 560 enfin
2032 517 2128 560 dum
2165 518 2266 560 vivit
2301 533 2398 573 prae-

1358 567 1501 612 stiterit
1535 571 1570 615 se
1590 603 1602 625 ‚
1637 571 1700 616 vel
1731 573 1862 618 alium
1894 574 2049 630 aliquid
2070 590 2152 618 non
2176 575 2396 628 fafflururn,

1356 626 1464 682 quod
1505 643 1554 672 ex
1599 629 1782 674 bominis
1817 632 1964 685 pendet
1994 632 2162 675 arbitrio
2198 636 2212 675 ?
2266 634 2398 688 Igitur

1357 683 1471 728 heres
1498 716 1511 738 ,
1544 699 1612 730 aut
1646 687 1897 743 legatarius,
1941 689 2039 731 dum
2072 690 2261 732 viverent
2287 721 2299 742 ,
2331 706 2394 732 ar-

1355 742 1551 786 cebantur
1582 747 1632 787 ab
1665 744 1842 788 utilitate
1864 777 1875 797 ‚
1909 744 1974 787 vel
2006 745 2243 789 hereditatis
2273 777 2287 799 ,
2331 748 2394 790 vel

1355 798 1478 855 legati
1505 832 1513 843 .
1549 802 1663 845 Nam
1696 802 1883 844 conditio
1916 802 2078 845 nonnisi
2112 803 2195 857 post
2215 815 2395 847 mortem

1355 857 1603 909 implebatur
1641 891 1653 913 ‚
1701 874 1782 914 quo
1832 871 2015 914 tempore
2049 858 2117 902 sibi
2152 860 2398 904 beneficium

1355 915 1551 960 testatoris
1581 929 1667 959 erat
1689 915 1836 960 inutile
1859 948 1869 961 .
1902 919 2184 972 Quamobrem
2208 950 2220 971 ‚
2252 930 2295 961 ut
2317 916 2396 962 hoc

1353 972 1568 1016 absurdum
1601 987 1862 1018 amoveretur
1901 1007 1913 1027 ‚
1961 991 2007 1018 ac
2041 975 2158 1018 simul
2192 975 2393 1019 testatoris

1354 1029 1595 1084 impleretur
1627 1027 1820 1076 voluntas
1848 1048 1860 1086 3
1894 1032 2075 1087 Quintus
2107 1032 2270 1075 Mutius
2301 1049 2396 1077 cau-

1353 1087 1511 1132 tionem
1546 1089 1707 1133 invenit
1739 1122 1751 1143 ‚
1801 1106 1879 1146 qua
1914 1090 2131 1146 legatarius
2165 1106 2249 1133 rem
2286 1089 2396 1147 lega-

1353 1158 1436 1188 tam
1469 1146 1673 1202 acciperet
1709 1179 1722 1201 ,
1766 1148 1962 1203 simulque
2007 1147 2263 1199 jurejurando
2296 1163 2391 1203 pro-

1353 1203 1540 1248 mitteret
1566 1237 1579 1258 ,
1626 1204 1700 1249 sese
1745 1221 1830 1250 rem
1873 1205 2048 1262 legatam
2095 1205 2345 1256 redditurum
2378 1237 2391 1260 ,

1353 1260 1378 1303 si
1412 1261 1641 1306 conditioni
1679 1279 1817 1318 parere
1850 1263 2116 1319 neglexerit3
2150 1275 2219 1305 aut
2249 1278 2394 1306 contra
2457 1292 2461 1296 -

1351 1319 1551 1362 testatoris
1597 1335 1842 1376 pracceptum
1877 1322 2034 1364 venerit
2078 1353 2088 1363 .
2138 1319 2271 1371 Hujus
2301 1336 2398 1364 cau·

1351 1376 1478 1420 tionis
1513 1377 1691 1421 remedio
1725 1391 1951 1433 temperata
1986 1378 2049 1421 lex
2086 1378 2203 1432 Papia
2228 1378 2314 1431 est,
2348 1377 2392 1420 ὃ(

1351 1434 1617 1478 constitutum
1638 1467 1650 1488 ,
1683 1448 1727 1478 ut
1760 1435 1783 1478 si
1817 1436 1913 1491 quid
1948 1436 2135 1478 relietum
2169 1433 2302 1476 fuisset
2326 1434 2392 1477 sub

1349 1491 1586 1535 conditione
1618 1509 1664 1534 ne
1697 1494 1855 1535 nuberet
1880 1525 1891 1546 ,
1925 1509 1970 1535 ne
2001 1508 2154 1535 uxorem
2186 1493 2340 1534 duceret
2373 1508 2391 1543 ;

1351 1548 1542 1603 siquidem
1591 1548 1810 1605 legatarius
1861 1550 1946 1605 post
1991 1562 2171 1592 mortem
2205 1548 2391 1604 conjugis

1349 1605 1456 1649 intra
1505 1621 1664 1651 antium
1699 1606 1863 1660 nuptias
1896 1606 2158 1650 contraheret
2180 1637 2191 1658 ‚
2242 1605 2392 1656 rejee’ta

1348 1662 1588 1708 conditione
1608 1695 1620 1718 ,
1647 1663 1782 1707 statim
1804 1663 1987 1717 legatum
2010 1664 2209 1718 acciperet
2229 1679 2238 1704 τ
2271 1663 2392 1706 duin-

1349 1722 1470 1764 modo
1502 1720 1667 1772 jurasset
1688 1753 1700 1775 ,
1747 1722 1781 1765 se
1815 1721 2040 1765 liberorum
2073 1720 2385 1777 quaerendorum

1347 1778 1461 1822 causa
1493 1779 1659 1834 nuptias
1680 1782 1881 1834 vappetere
1911 1811 1918 1819 .
1954 1780 2074 1831 Quod
2106 1777 2387 1829 jusjurandum

1349 1836 1527 1881 solemne
1569 1850 1658 1880 erat
1702 1836 1744 1880 iri
1790 1836 2069 1879 matrimoniis
2099 1836 2190 1886 (a)
2220 1851 2268 1879 ex
2305 1834 2390 1891 lege

1346 1893 1454 1944 Julia
1487 1893 1703 1947 Miscella,
1735 1893 1777 1937 8<
1803 1894 1924 1937 SCtis
1957 1894 2000 1936 in
2037 1908 2128 1936 eam
2161 1891 2342 1935 conditis
2375 1908 2388 1946 3

1348 1951 1373 1992 si
1424 1967 1519 1995 vero
1562 1967 1693 1995 annus
1735 1950 1879 1994 exisset
1930 1967 1952 1994 a
1986 1966 2119 1993 morte
2151 1948 2340 2005 coniugis
2373 1981 2386 2003 ‚

1346 2021 1435 2052 tum
1471 2008 1566 2065 quia
1603 2009 1725 2053 serius
1758 2008 1927 2052 nuberet
1961 2040 1974 2061 ‚
2008 2023 2090 2051 non
2124 2006 2244 2049 aliter
2277 2007 2390 2063 lega-

1346 2066 1471 2114 tarius
1504 2067 1684 2122 legatum
1718 2079 1878 2120 caperet
1904 2097 1918 2119 ,
1949 2081 2072 2121 quam
2106 2063 2129 2107 si
2166 2062 2386 2119 iuraverit,

1345 2140 1432 2168 rem
1463 2124 1513 2168 ab
1548 2124 1581 2168 se
1614 2124 1842 2168 restitutum
1875 2123 1923 2167 iri
1957 2139 2053 2166 cum
2080 2122 2274 2165 sruss’tibus
2299 2138 2388 2165 me-

1342 2182 1397 2225 dii
1444 2182 1640 2237 temporis
1673 2182 1699 2225 si
1732 2182 1779 2225 ad
1813 2197 1937 2224 novas
1976 2181 2138 2236 nuptias
2169 2179 2384 2222 convolas-

1345 2240 1397 2283 set
1426 2271 1435 2282 .
1468 2242 1569 2294 Quat
1599 2240 1647 2283 ad
1681 2239 1844 2283 heredes
1875 2239 1991 2282 simul
2021 2269 2033 2291 ‚
2063 2238 2106 2281 δι
2140 2236 2383 2292 legatarios,

1342 2310 1463 2351 atque
1495 2297 1543 2339 ad
1576 2312 1709 2340 mores
1742 2296 1886 2340 itidem
1920 2296 2207 2351 pertinebant,
2240 2293 2282 2337 ὅ(
2304 2293 2381 2337 foe-

1348 2353 1481 2397 minas
1505 2385 1517 2397 .
1567 2355 1628 2396 At
1660 2353 1687 2397 si
1722 2353 1900 2409 legatum
1934 2352 2055 2395 uxori
2090 2350 2205 2394 simul
2236 2352 2279 2394 ἃ
2311 2367 2384 2395 ex-

1341 2425 1487 2454 traneo
1532 2411 1718 2455 relietum
1765 2409 1887 2453 suerit
1920 2409 1988 2452 sub
2019 2409 2257 2453 conditione
2299 2424 2308 2450 ε
2344 2407 2384 2462 fi

1343 2487 1437 2511 uxor
1467 2486 1541 2512 non
1572 2468 1750 2524 nupserit
1779 2499 1791 2521 ‚
1841 2466 1985 2522 eosque
2018 2482 2058 2509 re
2092 2482 2137 2509 ac
2171 2466 2302 2508 verbis
2324 2477 2384 2509 te-

1342 2527 1461 2569 stator
1492 2525 1758 2575 coniunxerit
1784 2556 1797 2572 ,
1829 2523 1957 2568 veluti
1990 2525 2108 2566 Titio
2138 2522 2195 2567 (J
2225 2525 2383 2566 mulieri

1341 2582 1586 2637 ususfruffus
1609 2616 1620 2635 ‚
1656 2585 1756 2636 (²⁴¹⁵)
1785 2580 1818 2632 si
1849 2599 1923 2624 non
1955 2582 2162 2636 nupserit:
2198 2597 2281 2623 non
2302 2581 2380 2624 erit

1342 2642 1447 2685 idem
1493 2657 1538 2684 ac
1582 2641 1607 2684 fi
1651 2641 1721 2684 uni
1767 2639 1889 2684 Titio
1922 2638 2106 2695 le'gatum
2141 2638 2278 2681 fuisset
2312 2638 2379 2680 sub

1342 2698 1579 2742 conditione
1602 2730 1614 2750 ‚
1637 2697 1675 2751 fi
1708 2699 1847 2740 mulier
1878 2715 1952 2740 non
1973 2697 2144 2751 nupserit
2165 2712 2180 2735 .·
2214 2711 2293 2749 quo
2314 2711 2379 2738 ca-

1343 2757 1381 2799 su
1406 2787 1419 2810 ,
1452 2756 1630 2800 nubente
1657 2753 1857 2808 muliere,
1889 2754 2071 2798 conditio
2090 2753 2302 2851 defice-retl,
2335 2752 2379 2796 ἃ

2285 2825 2377 2866 ega-

253 2884 1288 2901 --———-—————-.-———-———-——-
1349 2889 2256 2902 ———-————=—-v-——-——
2272 2889 2382 2899 0———-

293 2921 381 2960 (⁸)
421 2920 612 2962 Simplicior
648 2922 810 2955 sententia
849 2923 1050 2958 coil-rofredi
1081 2947 1092 2964 ‚
1131 2936 1195 2968 qua
1235 2926 1288 2960 lex

254 2966 343 3008 Julia
379 2967 529 3000 Miscella
569 2968 725 3010 exemplo
763 2969 955 3001 Decimariae
1005 2970 1055 3002 vel
1102 2972 1288 3005 Caducariae

252 3022 272 3044 a
312 3022 343 3044 re
381 3011 503 3045 dicitur
531 3034 542 3051 ,
579 3012 656 3056 quia
694 3013 754 3046 hoc
795 3022 893 3055 eaput
921 3013 1165 3048 misceuwevm
1190 3015 1288 3050 fuerit

252 3066 293 3088 ex
332 3057 398 3097 lege
436 3058 524 3099 Julia
553 3059 582 3090 &
610 3057 709 3099 Papia
738 3079 748 3095 ,
793 3067 835 3090 ex
876 3061 1165 3094 senatusconsulto
1191 3073 1289 3104 porro

250 3100 395 3144 quodam
448 3104 478 3135 8<
530 3104 683 3136 cautione
735 3104 891 3140 Mucffana
921 3106 927 3137 !
968 3106 1122 3140 Gravinae
1176 3116 1287 3140 ran-‚en

253 3146 417 3178 sententia
447 3148 564 3179 nititur
592 3149 703 3181 verbis
731 3149 865 3180 Novem.
896 3151 1009 3183 xxti.
1039 3150 1078 3184 ἐκ
1104 3152 1202 3185 :iu-ri<
1227 3152 1287 3187 'ls-

247 3200 326 3225 ὶυσις
353 3193 532 3230 Μισπέλωε
550 3192 667 3236 ι”ξιυῐει
680 3193 773 3230 elma*
786 3197 919 3230 Κςῖντες
937 3195 1063 3232 Μέκίος
1079 3197 1263 3237 Ζκαιβέλας
1278 3220 1288 3240 ,

1342 2930 1374 2961 in
1411 2927 1528 2971 qis-bus
1555 2937 1620 2959 non
1647 2927 1698 2959 lex
1727 2925 1877 2959 Miscella
1902 2924 2051 2958 cautioni
2079 2925 2245 2959 Mucianae
2272 2948 2284 2966 ‚
2324 2925 2378 2959 sed

1336 2974 1424 3006 lator
1448 2971 1520 3010 ej-„is
1545 2972 1712 3015 inventori
1737 2970 1899 3005 cautionis
1925 2970 2104 3014 opponitur
2122 2995 2130 3003 .
2161 2972 2268 3005 Aliter
2296 2971 2378 3004 tilu-

1339 3019 1409 3052 stris
1435 3017 1635 3051 Heinnecius
1659 3016 1698 3048 ad
1726 3017 1829 3058 legem
1856 3017 1990 3058 Papiam
2023 3018 2045 3049 1.
2067 3019 2114 3049 11.
2143 3029 2168 3050 e.
2191 3022 2238 3049 πό.
2266 3017 2319 3051 ubi
2335 3016 2376 3052 de

1337 3062 1544 3106 turpitudine
1581 3061 1796 3095 secundarum
1835 3062 2028 3104 nuptiarum
2055 3064 2168 3104 praesto
2192 3064 2254 3099 flos
2279 3062 2374 3097 ἡαπ

1337 3111 1368 3142 8(
1394 3107 1535 3150 profanet
1560 3108 1792 3150 antiquitatis-

1380 3155 1400 3194 (
1414 3153 1461 3192 α’)
1485 3156 1513 3186 L
1542 3164 1570 3192 3·
1588 3155 1621 3184 C.
1640 3154 1676 3184 de
1694 3150 1807 3184 indie‘r'.
1824 3152 1894 3185 vid.
1914 3154 1987 3186 2011.
2005 3153 2116 3193 cuiae.
2131 3155 2173 3189 aa
2186 3165 2255 3188 eum
2272 3153 2332 3189 tie.

1386 3199 1443 3240 Ο)
1469 3197 1574 3234 Usum
1599 3195 1741 3234 frucluin
1768 3197 1836 3239 do,
1864 3199 1936 3242 lego
1953 3218 1963 3227 ·
