2596 3479
268 98 372 152 272

260 154 449 204 amissum
483 153 739 200 reddiderunt
759 184 770 206 ‚
791 152 896 210 quod
923 153 982 204 int
1010 153 1233 196 liberorum
1253 152 1308 196 est

261 215 518 281 appellatum
551 214 594 258 in
629 213 809 269 pluribus
829 211 926 261 juris
949 211 1050 253 locis
1071 225 1084 263 3
1102 209 1201 274 [a]
1223 226 1307 254 non

260 292 358 334 quia
407 272 468 326 jus
500 273 627 318 trium
663 272 883 314 liberorum
914 284 963 312 eo
996 281 1262 312 contineatur
1295 299 1308 322 ,

260 335 322 380 sed
353 331 450 391 quia
481 344 678 387 tanquam
712 327 882 384 praernio
917 327 1140 371 liberorum
1167 341 1217 370 ex
1242 327 1310 370 in-

258 391 469 451 dulgentia
514 387 706 445 principis
751 385 862 428 solidi
906 385 1094 442 capiendi
1137 384 1308 429 facultas

258 448 502 506 conjugibus
536 447 787 502 praebeatur.
823 444 939 488 Idem
972 443 1085 486 solidi
1118 444 1305 500 capiendi
1348 478 1350 480 .

256 510 316 563 jus
348 506 698 561 consequebantur
728 504 827 556 (b)
859 502 1054 560 conjuges
1098 534 1110 556 ‚
1154 502 1225 558 qui
1260 503 1305 546 fi-

257 569 361 612 liurn
389 599 400 620 ‚
432 564 615 607 filiamve
649 577 920 606 communem
955 561 1185 616 haberent,
1235 574 1306 604 aut

256 627 382 673 XIV.
414 637 621 666 annorum
656 621 791 664 filiurn
818 652 830 673 ‚
866 620 928 663 vel
962 619 1092 662 filiam
1124 621 1229 663 XII.
1262 636 1305 662 a-

256 682 451 727 misissent
471 713 483 735 ,
516 694 586 723 aut
616 679 713 722 duos
747 679 928 732 trimos;
960 677 1119 720 fortaffe
1143 691 1306 733 propter

255 740 491 785 laetationis
524 737 842 781 incommodum
875 739 892 788 (
921 739 941 759 ²*
968 738 984 787 )
1017 735 1303 779 trienniuma

256 812 401 843 matre'
423 796 644 842 toleratum
685 828 695 839 .
745 796 937 838 Morum-1
968 793 1084 836 enim
1118 806 1304 837 veterum

255 855 436 902 infantes
479 870 564 898 non
606 842 706 898 ante
747 853 976 896 triennium
1020 860 1205 894 mamma
1237 851 1302 895 de-

257 915 545 978 pellebantur·
577 913 635 966 (c)
668 914 762 955 Hoc
793 911 920 953 etiam
953 902 1012 960 juis
1045 908 1316 965 assequeban-'

255 986 321 1017 tur
352 985 546 1027 coniuges
569 1002 581 1024 ‚
614 970 682 1025 qui
716 983 796 1012 tres
830 967 912 1023 post
941 982 1100 1010 nonum
1122 967 1230 1010 diem
1254 967 1295 1010 li-

260 1032 374 1074 beros
417 1031 526 1074 intra
576 1042 734 1070 annum
768 1027 810 1068 ὃς
845 1038 923 1068 tres
960 1025 1117 1068 menses
1147 1024 1302 1068 amifis-

255 1090 341 1132 sent
367 1120 376 1130 .
411 1086 603 1142 Impubes
634 1085 760 1128 etiam
792 1085 894 1136 (⁸²¹⁶)
915 1081 1186 1139 cujuscunque
1206 1096 1302 1126 aeta·

256 1146 307 1189 tis
339 1145 500 1189 amissus
527 1176 540 1196 ‚
592 1142 705 1186 solidi
737 1140 923 1195 capiendi
958 1141 1017 1191 jus
1051 1141 1254 1196 praestabat
1289 1173 1302 1195 ‚

256 1204 356 1247 item
389 1203 432 1246 ἃ
466 1201 598 1258 proles
632 1201 810 1244 intraX.
842 1198 1001 1242 menses
1034 1214 1056 1241 a
1088 1198 1166 1241 viri
1191 1214 1301 1241 mor-

258 1273 297 1304 te
331 1261 511 1315 suscepta
542 1292 553 1302 .
601 1259 691 1312 (d)
724 1258 920 1300 Praeterea
954 1268 1068 1311 pater
1099 1256 1300 1299 solitarius

256 1320 299 1364 δι
331 1319 504 1361 soemina
524 1349 535 1370 ‚
569 1317 748 1372 ingenua
778 1316 945 1370 quidem
979 1314 1106 1356 trium
1134 1329 1146 1367 ς
1181 1314 1301 1357 liber-

259 1390 298 1421 ta
342 1392 439 1419 vero
471 1386 646 1431 quatuor
679 1373 904 1415 liberorum
938 1384 1070 1414 mater
1099 1386 1150 1414 ex
1183 1372 1304 1414 testa-

260 1447 302 1478 to
337 1433 508 1477 solidum
541 1431 650 1486 capit
681 1462 690 1472 .
723 1431 801 1480 (e)
830 1430 956 1471 Porro
989 1429 1300 1485 Constantinus,

259 1491 330 1548 qui
365 1506 414 1535 ne
448 1490 638 1533 homines
669 1488 964 1531 abducerentur
995 1503 1016 1529 a
1051 1486 1182 1528 saneta
1208 1502 1297 1540 pro-

258 1550 425 1592 fessione
467 1548 682 1591 coelibatus
715 1576 727 1597 ‚
778 1558 920 1598 poenas
961 1543 1072 1587 illius
1105 1543 1257 1587 sustulit
1289 1577 1300 1597 ‚

257 1606 335 1661 (f)
369 1607 571 1661 integram
603 1616 743 1646 tamen
776 1602 944 1658 reliquit
975 1602 1083 1644 inter
1110 1600 1300 1657 conjuges

259 1664 373 1707 solidi
417 1661 604 1717 capiendi
640 1659 966 1715 prohibitionem
993 1691 1004 1713 ,
1033 1672 1157 1715 quarn
1185 1691 1196 1712 ‚
1250 1673 1296 1703 ut

259 1721 451 1774 diximus¹
489 1752 501 1774 ‚
552 1720 713 1775 penitus
767 1718 1033 1761 'aboleverunt
1090 1717 1304 1761 Honorius

257 1779 300 1823 &
331 1778 588 1822 Theodofius
611 1809 620 1820 .
652 1777 739 1833 (g)
770 1776 943 1828 Jacobus
974 1778 1120 1818 amen
1136 1775 1300 1829 Gotho-

261 1837 394 1881 fredus
427 1848 541 1892 putat
574 1867 586 1889 ,
631 1847 797 1878 tanturn
830 1848 900 1890 per
929 1833 1136 1877 orientem
1169 1831 1248 1876 hoc
1279 1850 1302 1876 a

262 1970 1176 1986 ——c——A—————————--———=-——.=——-q
1193 1971 1295 1980 ¹-—

305 2028 362 2069 (a)
391 2031 426 2061 L.
449 2039 479 2059 2.
505 2031 541 2060 C.
559 2029 598 2060 de
616 2027 736 2068 infirm.
753 2036 835 2070 poen.
857 2028 954 2062 caelib.

308 2074 367 2114 (b)
393 2073 498 2106 Goth·
518 2074 560 2105 ad
574 2075 597 2105 l.
619 2083 644 2105 1.
665 2077 700 2105 C.
719 2075 876 2115 Theodosl
895 2075 932 2106 cle
945 2073 1016 2113 iure
1030 2074 1119 2108 liber.

300 2121 349 2160 ζ*
362 2119 381 2157 )
408 2119 540 2158 Augusti
554 2127 668 2151 tamen
683 2129 757 2151 aevo
776 2119 959 2153 nutricibus
975 2118 1041 2156 iam
1059 2120 1172 2153 alendi
1188 2119 1300 2160 infan-

257 2171 308 2198 tes
337 2164 553 2198 tradebantur
585 2176 594 2203 3
621 2172 708 2196 certe
735 2164 892 2198 Tiberius
920 2167 1078 2198 Svetonio
1110 2177 1128 2197 a
1160 2167 1298 2199 nutricis

258 2211 355 2243 ubere
375 2210 530 2250 abreptus
547 2208 716 2241 inducitur
733 2232 743 2248 ‚
769 2209 923 2242 Moribus
940 2214 1169 2243 Romanorum
1186 2210 1294 2242 infan—

256 2263 307 2288 tes
323 2265 388 2286 non
401 2263 476 2286 ante
493 2254 674 2290 triennium
687 2264 704 2284 a
718 2264 864 2286 mamma
877 2253 1050 2296 depulsos,>
1084 2255 1193 2287 minax
1212 2255 1295 2288 bene

258 2300 417 2342 probatur
447 2299 558 2332 verbis
589 2298 705 2331 matris
735 2298 840 2331 filium
874 2298 915 2330 ad
941 2307 1084 2332 mortem
1110 2300 1298 2332 constanter
1331 2330 1333 2333 .

257 2343 443 2378 obeundam
466 2343 678 2377 exhortantis
698 2344 828 2376 Macab.
848 2347 898 2375 ῙῙ.
915 2357 947 2385 7.
969 2347 1022 2377 28.
1058 2348 1099 2378 Et
1115 2344 1248 2377 foi-sitan
1266 2345 1298 2378 id

258 2400 376 2423 natura
403 2389 559 2432 plerisque
588 2388 780 2422 mulieribus
801 2398 918 2431 neget.
947 2390 1054 2424 Citius
1069 2399 1154 2423 certe
1179 2391 1279 2424 mulie

257 2436 348 2469 ribus
364 2443 494 2468 uterum
510 2434 649 2467 crescere
663 2431 759 2472 ajunt
775 2456 785 2472 ‚
811 2444 882 2476 quae
895 2455 904 2469 0
934 2446 1000 2468 non
1017 2434 1078 2467 last
1087 2443 1144 2467 ant
1159 2459 1168 2473 ‚
1196 2446 1294 2479 quarn

256 2493 326 2524 qut
355 2480 477 2514 lactant
490 2503 500 2515 ..
527 2479 611 2513 unde
627 2479 652 2512 is
668 2490 740 2512 mos
758 2478 900 2512 laetandi
919 2490 976 2521 per
990 2481 1174 2513 triennium
1193 2481 1297 2516 etiam
1329 2480 1331 2482 ’

257 2527 411 2559 inimicus
426 2524 531 2559 fuisset
551 2525 735 2558 rationibus
753 2525 830 2568 legis
851 2526 957 2569 t’apiae
979 2549 988 2557 .

303 2572 357 2611 (c)
383 2571 494 2609 cuiae.
521 2571 586 2612 obs.
608 2582 658 2611 19.
675 2581 699 2603 c.
718 2573 779 2604 ult.

303 2619 378 2657 β’)
405 2617 467 2650 Sed
495 2617 517 2650 fi
532 2626 614 2649 unus
629 2617 777 2658 impubes
794 2614 1010 2660 cuiuscunque
1027 2617 1133 2651 aet2tis
1155 2616 1295 2651 solidum
1327 2611 1332 2655 f

258 2662 376 2695 tribuit
396 2684 407 2701 ‚
433 2673 490 2695 cur
507 2670 573 2697 tres
589 2672 656 2694 non
669 2662 766 2695 aliter
781 2661 915 2705 prosunt
933 2685 944 2702 ‚
971 2674 1070 2706 quam
1085 2664 1106 2696 fi
1132 2663 1219 2695 intra
1233 2673 1274 2694 an

258 2717 339 2739 num
366 2707 468 2740 amiffi
497 2708 559 2741 fint
577 2731 585 2739 .
613 2706 807 2740 Accedimus
835 2707 989 2744 Antonio
1005 2707 1214 2746 Schultiuzio
1235 2707 1291 2742 Ul-

258 2752 391 2795 pianum
410 2755 499 2784 XVI.
520 2755 546 2794 ξ.
571 2763 597 2783 1.
614 2752 655 2785 sic
673 2753 917 2796 interpungenti
939 2765 947 2785 :
971 2755 1025 2785 Vel
1039 2753 1062 2787 s?
1083 2764 1146 2785 tres
1163 2751 1227 2794 pos}
1241 2765 1296 2785 no-

258 2809 334 2829 num
351 2798 434 2829 diem
448 2797 617 2835 amiserint
631 2819 640 2833 ,
668 2807 706 2830 ue
721 2799 808 2829 intra
825 2810 945 2830 annum
963 2808 1068 2830 earam
1088 2798 1121 2828 in
1143 2799 1191 2834 sex
1208 2810 1291 2830 ram-

252 2844 304 2884 ses
316 2844 416 2874 eniam
434 2854 513 2874 unm
533 2840 746 2885 cujuscunque
760 2844 868 2876 aemtis
885 2842 1029 2877 impubes
1043 2842 1177 2885 amifs‘us
1190 2866 1200 2882 ,
1213 2844 1295 2884 soli-

260 2888 295 2919 di
312 2889 464 2930 capiendi
474 2887 527 2926 jus
542 2885 660 2926 ναβερ
676 2909 682 2916 .
712 2887 763 2919 Sic
779 2897 844 2920 tres
864 2887 903 2919 ad
923 2886 1018 2920 solidi
1035 2888 1205 2930 capionem
1223 2900 1282 2932 pro

260 2932 330 2965 sunt
346 2933 603 2976 quandocunque
624 2932 722 2964 amisii
744 2933 814 2972 post
832 2943 954 2965 nonum
970 2932 1060 2966 diem
1079 2946 1087 2972 ;
1104 2944 1184 2966 unus
1198 2933 1290 2967 amis

258 2978 308 3011 sus
322 2979 409 3012 intra
423 2980 592 3018 annum&
608 2977 659 3011 sex
678 2977 800 3010 menses
816 3000 824 3014 ,
853 2977 977 3010 scilicet
1007 2988 1041 3011 ut
1074 2979 1222 3015 impubes
1239 2990 1296 3022 per

255 3022 368 3064 cadem
400 3024 498 3057 matri
529 3031 680 3065 tempora
710 3021 894 3064 prodesset,
922 3034 992 3066 quae
1023 3025 1090 3066 post
1109 3024 1293 3058 divortium

255 3070 351 3101 novis
369 3071 492 3109 nuptiis
509 3068 564 3101 lex
584 3068 798 3110 praestituerat
818 3091 826 3099 .

299 3115 360 3154 (ιι)
389 3115 465 3155 Ulp.
485 3113 635 3154 lnsb'tut.
653 3115 710 3146 tit.
735 3118 784 3146 16.
811 3112 922 3150 Cuiac.
938 3114 1021 3154 legit
1042 3114 1091 3145 hic
1111 3126 1116 3146 :
1143 3123 1179 3146 ut
1206 3115 1294 3148 intra

253 3161 427 3201 annium&
446 3160 498 3193 sex
516 3160 639 3195 menses
655 3159 757 3194 etiam
773 3170 855 3194 unus
871 3157 1089 3202 cujuscunque
1104 3161 1290 3203 oetatis,&c.

1337 3077 1440 3120 sorori
1465 3077 1532 3107 alio
1555 3082 1647 3116 patre
1671 3084 1755 3106 κατε
1782 3096 1792 3109 ,

1342 3122 1454 3157 rardus
1481 3119 1595 3155 Noodt
1621 3118 1662 3153 ad
1690 3118 1871 3156 PandeHas
1897 3125 1930 3163 p.
1959 3127 2036 3157 500.
2064 3126 2147 3156 50¹·

933 78 985 130 D
1030 77 1077 130 E
1160 77 1206 130 L
1247 76 1311 130 E'
1339 78 1387 132 G
1431 80 1458 133 I
1502 78 1544 133 Β
1584 80 1642 134 U
1682 80 1715 134 S
1742 118 1760 148 ν

1339 154 1592 198 ,Theodosio
1626 152 1871 199 beneficium
1904 152 2019 198 fuisse
2063 155 2250 204 diffusum
2280 176 2288 204 :
2323 163 2409 219 (h)

1359 215 1535 257 minime
1580 226 1720 258 tamen
1763 228 1833 269 per
1877 213 2143 260 occidentem
2180 220 2229 262 ab
2261 223 2415 267 Hono-

1359 273 1420 315 rio
1453 304 1466 325 ,
1510 287 1608 315 cum
1653 272 1809 329 semper
1839 287 1863 315 a
1896 272 2085 330 Principe
2122 273 2253 320 fuerit
2274 279 2407 336 impe-

1357 330 1553 374 trandum
1581 362 1590 373 .
1626 331 1709 384 (i)

1554 447 1594 490 C
1656 447 1695 490 A
1757 447 1788 490 P
1847 446 1891 487 U
1952 448 2019 495 T.
2085 450 2207 493 LIII.

1614 563 1681 607 De
1712 563 1800 606 dote
1830 562 2141 619 Constituenda.

1358 678 1456 781 A
1480 678 1555 722 Lio
1589 678 1710 736 Legis
1741 679 1875 733 Papiae
1905 679 2038 734 capite
2059 711 2071 732 ‚
2104 681 2210 736 quod
2233 681 2400 742 integro

1492 736 1591 792 legis
1614 738 1756 779 ordine
1782 748 1906 790 caput
1935 749 2022 778 erat
2054 733 2244 782 XXXV.
2274 755 2317 784 ut
2348 758 2398 787 ex

1354 794 1559 839 Marcello
1591 795 1832 848 colligitur,
1865 794 1954 844 (k)
1987 792 2193 838 tolluntur
2225 797 2406 851 impedi-

1355 865 1494 896 menta
1531 867 1736 908 morteque
1770 849 1926 902 injustae
1958 851 2114 907 nuptiis
2152 852 2317 905 objeuae
2351 857 2403 900 ab

1352 909 1400 953 iis
1420 940 1433 964 ‚
1464 909 1535 968 qui
1567 911 1704 953 dotare
1733 922 1968 962 tenentur,
2003 910 2066 952 vel
2098 909 2184 961 jure
2219 913 2351 966 patrio
2384 946 2398 969 ‚

1352 967 1415 1011 vel
1444 968 1585 1012 officio
1619 967 1782 1023 pietatis
1815 998 1824 1009 .
1875 968 2158 1021 Quamobrem
2189 985 2263 1023 per
2296 971 2400 1015 Prae-

1352 1037 1485 1069 torem
1518 1027 1721 1069 urbanum
1746 1024 1989 1068 coercendos
2010 1025 2144 1069 statuit
2166 1025 2230 1070 lex
2254 1044 2403 1082 paren-

1351 1095 1408 1126 tes
1429 1115 1441 1136 ,
1472 1083 1623 1127 aliosve
1646 1115 1658 1136 ,
1690 1083 1761 1138 qui
1784 1097 1850 1125 eas
1874 1114 1887 1135 ‚
1930 1097 2028 1138 quas
2061 1083 2214 1127 habent
2247 1085 2290 1127 in
2323 1102 2396 1140 po-

1351 1141 1513 1195 testate,
1547 1143 1590 1184 in
1625 1140 1946 1184 matrimonium
1972 1139 2173 1199 collocare
2202 1142 2395 1196 neglexe-

1352 1198 1438 1242 rint
1466 1232 1478 1254 ‚
1510 1211 1580 1242 aut
1605 1200 1770 1252 nuptias
1793 1198 2036 1242 contrahere
2064 1200 2352 1253 prohibuerint
2384 1233 2402 1256 ‚

1350 1262 1420 1299 aut
1441 1257 1580 1300 dotem
1609 1259 1852 1313 negaverint
1867 1289 1879 1310 ‚
1901 1269 1970 1300 aut
1991 1257 2275 1302 conditionem
2289 1273 2404 1315 quae-

1350 1330 1435 1359 rere
1458 1316 1674 1358 omiserint
1706 1331 1719 1368 3
1762 1329 1806 1358 ut
1839 1316 1901 1357 his
1932 1315 2119 1358 artificiis
2153 1316 2394 1370 nuptiarum

1349 1372 1432 1415 dies
1466 1373 1774 1427 protraheretur
1793 1404 1803 1415 .
1843 1375 1995 1415 Dotare
2019 1385 2158 1416 autem
2184 1374 2301 1417 debet
2329 1389 2399 1428 pa-

1351 1442 1411 1472 ter
1444 1429 1573 1473 filiam
1601 1430 1894 1474 naturalem&
1912 1429 2147 1486 legitimam
2169 1462 2181 1484 ,
2213 1443 2282 1474 aut
2303 1432 2399 1474 ado-

1351 1487 1509 1542 ptivam
1532 1503 1661 1541 ,mon
1687 1503 1783 1530 vero
1810 1488 2044 1531 naturale‘n
2073 1500 2234 1531 tantum
2252 1522 2263 1539 ,
2295 1489 2312 1542 [
2338 1490 2353 1530 l
2378 1488 2401 1542 ]

1353 1560 1423 1598 pro
1450 1546 1574 1588 modo
1599 1545 1847 1588 facultatum
1869 1576 1880 1596 ‚
1914 1545 1930 1597 [
1957 1560 1994 1585 m
2018 1545 2034 1596 ]
2068 1546 2131 1587 cui
2164 1547 2280 1588 oneri
2315 1546 2397 1589 mi·

1352 1601 1466 1645 nime
1489 1603 1610 1645 subest
1633 1615 1765 1645 mater
1787 1633 1796 1643 .
1826 1604 1892 1653 (n)
1916 1601 2036 1643 Porro
2050 1601 2244 1651 Cujacius
2263 1603 2397 1658 docet,

1350 1659 1492 1702 eadem
1522 1660 1613 1716 lege
1634 1660 1756 1714 Papia
1779 1659 1991 1702 inductum
2018 1658 2133 1703 fuisse
2160 1693 2173 1712 ‚
2207 1676 2256 1703 ne
2287 1660 2393 1715 plus·
2425 1677 2434 1683 ·

1350 1733 1473 1773 quam
1494 1718 1635 1761 decem
1660 1716 1794 1760 millia
1815 1733 2086 1760 nummorum
2099 1718 2205 1761 dotis
2219 1718 2395 1762 nornine

1350 1776 1567 1818 darentur.
1591 1777 1651 1828 (ο)
1680 1778 1820 1818 Fertur
1845 1776 1971 1818 etiam
1998 1775 2076 1819 hoc
2104 1775 2395 1819 onuzafratri-

1353 1834 1423 1877 bus
1448 1834 1657 1889 germanis
1675 1865 1687 1887 ‚
1709 1833 2082 1888 &consanguineis
2097 1865 2108 1886 ‚
2127 1834 2229 1886 (Μ’)
2248 1849 2329 1876 non
2345 1833 2396 1876 ab

1555 1902 1578 1911 ’·
2308 1903 2398 1935 ute-

1370 1969 2400 1985 —————-——p-—-—-—--—-——

1395 2037 1444 2077 (ε)
1472 2034 1650 2068 Di·on.1ib.
1670 2045 1724 2075 53.
1739 2043 1804 2078 pag
1836 2046 1912 2076 229.
1933 2036 1972 2068 <9¹
1987 2039 2060 2068 662.
2079 2037 2118 2069 (5·
2136 2041 2212 2076 667.
2230 2035 2343 2077 &leg
2363 2037 2395 2068 8.

1350 2081 1388 2113 e)-
1407 2092 1436 2120 9.
1466 2082 1624 2122 Theodofi
1656 2083 1693 2114 de
1724 2081 1816 2114 bonis
1832 2082 2000 2124 proscripe-
2018 2081 2122 2117 Goth.
2143 2084 2267 2115 innotis
2280 2083 2323 2114 ad
2339 2083 2394 2116 hoc

1352 2134 1460 2167 capue.

1394 2172 1474 2214 (f)
1502 2173 1577 2205 Tit.
1599 2174 1633 2203 C.
1655 2172 1692 2204 de
1707 2170 1831 2212 infirm.
1849 2178 1931 2213 poen.
1949 2170 2053 2204 coelib.

1393 2217 1456 2258 (g)
1483 2219 1598 2256 TitC.
1615 2216 1655 2247 de
1675 2216 1795 2256 infirm.
1815 2219 1916 2257 poenis
1934 2216 2033 2249 coelib.
2051 2217 2089 2255 Φ·
2105 2220 2130 2249 C
2158 2216 2278 2255 dejure
2292 2215 2386 2249 liber.

1395 2261 1454 2301 (h)
1485 2266 1518 2294 L.
1537 2273 1564 2293 2-
1585 2260 1624 2292 ἔθ’
1640 2271 1672 2298 3.
1690 2265 1723 2293 C.
1745 2263 1901 2302 Theodos
1918 2263 1954 2292 de
1969 2260 2040 2299 jure
2056 2261 2185 2293 liberor.

1393 2307 1436 2346 (i
1456 2307 1475 2345 )
1502 2307 1537 2336 L.
1561 2308 1613 2337 ult
1640 2309 1673 2336 C.
1695 2307 1853 2346 Theodofi
1872 2307 1910 2338 de
1922 2306 1986 2344 jur.
2002 2305 2094 2338 liber.
2110 2308 2134 2336 l.
2152 2308 2213 2337 ult·
2235 2309 2268 2338 C.
2289 2307 2396 2338 Theo-

1349 2353 1413 2391 dofi
1441 2351 1479 2383 de
1505 2351 1623 2389 divers
1639 2351 1728 2388 rescr-
1746 2350 1820 2382 (9·1.
1839 2355 1869 2381 6.
1894 2354 1919 2383 C
1946 2351 1984 2382 de
2000 2349 2124 2386 infirm.
2142 2351 2215 2383 hir,
2244 2351 2302 2392 qui
2333 2350 2390 2390 sub

1351 2407 1475 2438 tyrann.
1492 2399 1516 2429 l.
1534 2400 1564 2428 6.
1587 2398 1622 2426 C.
1642 2396 1799 2437 Theodqs.
1817 2396 1855 2426 de
1875 2393 1965 2437 inoff
1984 2394 2051 2436 tesi.
2067 2395 2124 2428 ubi
2142 2394 2346 2430 Gothofred.

1393 2441 1456 2482 (k)
1481 2443 1518 2473 L.
1543 2451 1582 2481 19
1609 2438 1646 2482 ff
1666 2441 1703 2472 de
1718 2441 1786 2472 ritu
1802 2449 1893 2482 nupt.

1391 2490 1462 2528 (li
1490 2488 1526 2516 L.
1553 2496 1678 2518 uxorem
1697 2496 1737 2523 41
1776 2487 1804 2528 §.
1829 2496 1876 2517 11.
1893 2484 1929 2528 ff
1945 2487 1983 2518 de
1997 2488 2058 2529 leg.
2077 2496 2107 2524 3.

1329 2568 1331 2576 ξ
1392 2532 1463 2573 (m')
1491 2532 1523 2562 L.
1542 2533 1604 2564 ult.
1621 2529 1657 2572 ff
1676 2532 1711 2563 de
1727 2532 1796 2564 ritu
1822 2528 1917 2574 nupt.
1933 2534 1958 2565 Ι.
1974 2537 2029 2564 60.
2053 2530 2092 2575 ff.
2107 2531 2144 2564 de
2157 2529 2226 2569 iure
2243 2531 2368 2564 dotium
2381 2553 2391 2563 .

1393 2580 1455 2619 (n)
1481 2582 1517 2610 L.
1543 2589 1592 2616 14.
1611 2580 1647 2609 C.
1665 2578 1705 2610 de
1721 2576 1783 2616 jur.
1803 2577 1871 2609 dot.
2166 2605 2171 2608 .

1392 2625 1448 2663 (ο)
1475 2622 1563 2654 Libr.
1580 2633 1634 2660 29.
1653 2622 1755 2666 quaess.
1776 2623 1897 2666 Papia·
1919 2623 1962 2658 ad
1974 2624 2000 2655 l.
2015 2626 2044 2655 6.
2071 2622 2209 2662 deusur.
2225 2621 2264 2654 (5
2279 2627 2385 2662 parat.

1347 2671 1388 2702 ad
1403 2673 1466 2708 leq.
1486 2668 1616 2702 Falcid.

1390 2716 1504 2755 (⁴²⁸⁵
1534 2718 1608 2747 Imo
1646 2714 1675 2746 &
1718 2713 1778 2746 hos
1819 2713 1954 2759 perinde
1977 2724 2014 2745 at:
2039 2711 2186 2746 uterinos
2210 2709 2392 2742 neceffitati

1347 2759 1529 2802 praestandae
1553 2759 1642 2791 doris
1667 2759 1796 2797 eximi,
1825 2759 2033 2793 verisimilius
2060 2757 2104 2789 est
2140 2778 2148 2786 .
2175 2756 2271 2788 Solus
2297 2754 2390 2787 enim

1347 2817 1461 2847 parens
1490 2827 1501 2844 ‚
1540 2805 1596 2846 qui
1624 2804 1726 2836 filiam
1755 2804 1789 2836 in
1815 2804 1971 2847 potestate
1998 2801 2097 2834 habet
2125 2820 2136 2838 ‚
2163 2799 2279 2832 dotare
2305 2810 2380 2831 eam

1347 2851 1475 2895 cogitur
1492 2872 1502 2885 ,
1527 2849 1662 2890 ideoque
1687 2860 1705 2880 a
1730 2848 1867 2882 dotandi
1894 2846 2077 2889 necessitate
2104 2844 2209 2877 soluta
2233 2845 2277 2877 est
2305 2855 2376 2876 mz-

1344 2905 1421 2935 ter,
1449 2896 1480 2928 &
1505 2895 1527 2927 si
1553 2902 1660 2927 mater
1677 2916 1687 2932 ‚
1714 2895 1820 2926 multo
1845 2893 1948 2935 magis
1972 2890 2100 2927 frater,
2128 2890 2232 2922 etiam
2258 2900 2390 2929 germa-

1344 2952 1403 2975 nus
1437 2942 1467 2973 &
1508 2940 1764 2981 consanguineus
1803 2962 1811 2970 .
1851 2936 2005 2972 Auffloris
2048 2941 2161 2968 tamen
2189 2933 2389 2967 sententiam

1343 2993 1538 3029 argumento
1564 2996 1582 3016 a
1606 2983 1774 3017 contrario
1797 2984 1887 3017 elicit
1913 2980 2067 3019 cujacius
2093 2992 2133 3012 ei<
2162 2983 2198 3012 L.
2225 2990 2273 3011 12.
2303 2978 2330 3018 §.
2351 2989 2381 3017 3.

1344 3026 1388 3065 DQ
1415 3032 1454 3064 de
1477 3031 1599 3062 arimin.
1630 3028 1669 3060 Θ·
1693 3029 1787 3070 peric.
1816 3039 1879 3062 tut.
1906 3027 2041 3063 verbis,
2068 3028 2146 3058 Nou
2170 3024 2263 3057 dehet
2276 3023 2383 3056 dorem

1832 3074 1885 3106 cui
1924 3080 2120 3114 argumento
2144 3069 2289 3104 occurrit
2313 3071 2384 3103 Ge-
