2596 3479
186 2817 190 2821 ,
256 2795 311 2825 5¹·

272 89 379 151 ⁴⁴46

264 175 401 203 rorum
430 162 632 215 capefl‘ant
655 195 662 206 .
696 168 757 215 (z)
784 167 866 216 (*)
892 167 1096 220 Quamvis
1120 181 1262 211 autem

263 221 425 262 abiente
454 221 623 264 domino
656 254 668 275 ,
719 222 799 266 sine
827 223 935 266 illius
962 224 1067 268 faclo

265 291 660 332 manumitteretur,
695 280 855 336 integra
881 295 1019 326 tamen
1047 284 1084 327 ei
1111 298 1295 339 patrona-

266 351 329 379 tus
352 353 440 389 jura
472 337 818 392 relinquebantur
844 369 852 380 .
883 341 947 391 (b)
973 342 1054 394 (¹⁵³⁸)

436 455 475 495 C
536 454 574 494 A
640 452 669 494 Ρ
730 455 770 496 U
833 455 876 495 Τ
958 458 1127 501 XXVI.

532 542 598 585 De
628 542 671 583 S.
703 544 755 585 C.
785 541 996 586 Rubriano
1017 576 1026 587 .

263 627 268 630 ’
386 628 517 670 Erum
562 627 736 680 Traiani
781 631 1034 686 temporibus
1072 632 1122 673 A.
1155 632 1212 672 U.
1246 632 1299 673 C.

397 687 685 729 DCCCLIV.
719 687 876 731 Rubrio
905 688 1061 731 Gallo.
1095 688 1137 730 δί
1158 688 1299 730 Coelio

261 741 446 797 Hispone
486 745 600 787 Coss.
638 743 805 788 suffee’cis
832 746 1065 789 coercendis
1093 744 1298 788 fraudibus

260 799 455 844 heredum
473 833 486 854 ‚
519 814 588 845 aut
612 800 790 846 aliorum
811 835 822 856 ‚
843 805 910 859 qui
939 803 1072 858 rogati
1099 803 1188 845 sunt
1209 819 1293 845 ma·

261 858 484 904 immittere
512 891 524 913 ‚
570 875 622 903 ne
648 859 696 903 ad
720 861 1104 903 manumittendum
1130 860 1295 904 evocati

258 930 282 957 a
310 916 480 960 Praetore
506 917 707 970 laterent,
739 930 808 960 aut
831 916 926 960 dolo
951 918 1127 960 abelsent
1149 948 1161 970 ‚
1195 919 1298 970 (Μ’)

260 972 491 1031 callidoque
524 974 693 1019 confilio
720 974 1005 1030 protraherent
1026 1006 1039 1028 ‚
1073 973 1204 1017 aliave
1233 991 1295 1018 ar-

260 1043 299 1075 te
315 1063 328 1085 ,
359 1048 438 1088 qua
462 1032 570 1088 spem
597 1031 799 1075 libertatis
817 1031 1052 1085 eluderent,
1075 1031 1228 1075 faStum
1242 1032 1296 1075 est

258 1090 299 1132 S.
312 1089 438 1133 Cons.
465 1106 487 1133 a
514 1089 671 1133 Rubrio
694 1090 822 1133 cons.
840 1090 1096 1133 Rubrianum
1115 1088 1292 1145 appella-

258 1159 348 1191 tum
376 1178 389 1200 ,
421 1148 480 1198 (c)
502 1162 552 1190 ex
577 1163 658 1203 quo
683 1146 711 1190 st
737 1148 805 1203 qui
831 1161 947 1191 erant
973 1146 1105 1201 rogati
1131 1164 1153 1189 a
1179 1147 1292 1190 testa-

259 1217 346 1247 tore
372 1204 667 1249 manumittere
687 1237 702 1259 ,
733 1205 893 1249 evocati
922 1222 945 1248 a
978 1206 1149 1248 Praetore
1169 1204 1294 1249 adesse

258 1260 504 1316 noluiffent3
537 1261 636 1306 servi
652 1294 664 1316 ‚
697 1279 770 1318 pro
789 1264 933 1319 quibus
947 1264 1096 1306 Praetor
1112 1277 1292 1317 pronun-

261 1319 396 1362 ciaffet
427 1350 440 1371 ,
483 1320 649 1375 perinde
678 1320 913 1363 libertatem
938 1320 1262 1375 adipiscebantur
1281 1351 1294 1373 ,

259 1391 307 1419 ac
332 1376 356 1418 fi
383 1375 535 1420 <tireno
555 1378 789 1420 manumiffi
812 1377 1003 1430 fuitsent3
1022 1377 1119 1420 adeo
1140 1390 1184 1419 ut
1205 1392 1294 1431 par-

260 1445 323 1476 tus
348 1449 396 1476 ex
424 1432 532 1476 serva
560 1434 630 1476 illa
651 1466 663 1488 ‚
696 1434 762 1478 cui
789 1433 1292 1478 fideicommiffarialiber-

260 1502 321 1534 tas
349 1490 487 1533 reliaa
512 1491 606 1535 esset
627 1524 639 1544 ‚
674 1491 775 1535 liber
802 1493 1061 1536 nasceretur.
1094 1493 1149 1534 Et
1178 1492 1292 1536 here-

260 1548 300 1590 di
327 1548 574 1602 eripiebatur
600 1549 768 1592 libertus
800 1581 813 1603 .,
862 1550 904 1592 &
940 1550 1061 1592 fiebat
1085 1550 1249 1592 orcinus
1282 1565 1294 1602 ·‚

261 1607 356 1661 quia
388 1605 502 1648 heres
532 1637 544 1658 ‚
595 1618 796 1662 quantum
822 1605 864 1649 in
892 1604 927 1649 se
956 1605 1034 1649 fuit
1061 1637 1073 1659 ,
1121 1621 1292 1649 ornnem

259 1663 367 1717 spem
397 1662 593 1706 libertatis
620 1664 801 1717 praecidit
822 1680 832 1705 ε
855 1662 961 1707 unde
987 1678 1062 1707 nec
1088 1662 1124 1707 ei
1148 1664 1207 1716 jus
1228 1680 1289 1718 pa·

258 1731 443 1762 tronatus
464 1719 710 1776 relinquitur
737 1753 749 1775 ,
799 1737 929 1777 neque
955 1719 1128 1772 ejusdem
1161 1722 1289 1777 impu-

260 1777 364 1819 beris
389 1777 527 1820 liberti
558 1778 686 1821 tutela
707 1794 720 1830 3
740 1778 801 1822 sed
825 1780 876 1822 ad
900 1777 1106 1821 familiam
1135 1779 1294 1822 testato-

256 1833 310 1876 ris
335 1850 380 1877 ea
406 1833 585 1878 defertur
604 1867 617 1890 ‚
650 1836 751 1887 (d)
775 1836 849 1879 nifi
875 1834 938 1880 vel
968 1835 1147 1891 pupillus
1178 1836 1294 1879 heres

256 1889 387 1934 fuiffet
420 1905 586 1944 rogatus
617 1924 630 1946 ‚
681 1904 794 1936 tutor
817 1905 955 1937 autern
987 1893 1112 1936 adesse
1141 1892 1289 1936 noluis-

259 1947 314 1990 set
345 1963 357 2002 3
390 1947 582 2004 iniquum
606 1949 662 1993 est
691 1951 806 1995 enim
831 1950 961 1994 obesse
992 1950 1150 2007 pupillo
1183 1962 1292 1994 tuto-

898 2082 1294 2100 -·———-—--—-—

309 2116 370 2156 (a)
398 2116 497 2148 Paull.
518 2119 604 2157 sme-
621 2128 654 2156 4.
682 2121 736 2151 eit.
763 2128 815 2158 13.

302 2163 351 2200 (⁴
374 2161 390 2199 )
415 2160 511 2203 Quod
540 2163 628 2195 SCto
642 2163 840 2196 Dasumiano
853 2161 993 2203 deberi,
1019 2174 1060 2196 ex
1075 2163 1183 2197 verbis
1198 2163 1291 2196 Paul·

302 2206 332 2251 li·
353 2216 418 2237 non
443 2206 643 2250 intelligitur
673 2229 683 2246 ‚
712 2207 766 2241 sed
789 2219 829 2241 eo
854 2208 1025 2241 induetum
1051 2208 1292 2242 Rittershufius

259 2250 458 2298 conficiebat
471 2273 482 2289 ‚
508 2252 659 2293 quamvis
676 2253 752 2285 satis
768 2253 996 2285 verifimiliter
1011 2275 1020 2284 .

301 2295 361 2335 (ὁ)
385 2299 496 2332 cuiae.
512 2296 555 2328 ad
570 2298 625 2329 rie.
646 2301 680 2330 C.
696 2298 734 2329 ae
748 2296 946 2338 fideicomm.
970 2296 1083 2330 libert.

301 2339 402 2379 (³¹²)
427 2339 660 2374 Dasumianum
687 2345 813 2375 SCtum
839 2343 907 2384 post
933 2345 1057 2376 sctum
1088 2342 1293 2375 Rubrianum

259 2386 288 2416 ἃ
317 2383 579 2422 Articuleianum
605 2386 710 2419 latum
736 2387 799 2419 esse
817 2409 828 2427 ,
855 2387 1031 2427 suspicatur
1049 2388 1212 2420 Antonius
1231 2391 1294 2420 Au-

256 2428 402 2472 gustinus
423 2428 464 2462 de
490 2432 589 2463 Nom.
609 2439 715 2474 propr.
735 2433 836 2464 Pana.
855 2443 877 2464 c.
899 2434 955 2463 IV.
981 2434 1037 2464 co!-
1058 2442 1132 2470 323¹-

301 2475 399 2512 (ξ’.)
425 2478 522 2509 Latet
537 2476 572 2509 in
586 2475 636 2509 his
651 2477 759 2509 verbis
780 2476 968 2510 differentia
987 2478 1063 2510 SCti
1085 2476 1245 2510 Ru'zriani
1263 2478 1292 2509 ἃ

258 2517 448 2552 Dasuminni
466 2543 474 2552 .
502 2523 551 2554 Ex
578 2521 640 2555 hoc
657 2544 668 2561 ‚
698 2522 754 2564 qui
781 2532 914 2565 rogatus
941 2523 985 2554 est
1019 2524 1254 2555 manumittere
1281 2545 1289 2554 .

257 2564 342 2596 abest
367 2574 410 2597 ex
437 2564 522 2607 iusta
551 2568 647 2608 causa
678 2589 689 2606 ,
716 2566 821 2599 veluti
846 2576 982 2609 propte.-
1006 2567 1190 2599 absentiam
1219 2567 1314 2600 Rei-‚

258 2608 396 2658 gublicae
421 2610 536 2650 causa,
561 2623 628 2655 quo
652 2611 725 2645 casu
751 2611 861 2645 servus
888 2612 1101 2645 innunt-iilius
1117 2613 1220 2644 etiam
1235 2614 1291 2644 ab·

259 2661 359 2686 tentis
383 2654 421 2686 fit
446 2655 610 2696 libertu53
637 2668 676 2690 ex
706 2657 999 2690 senatusconsulto
1017 2665 1132 2690 contra
1150 2657 1290 2691 Rubria-

260 2706 303 2729 r¹0
327 2697 380 2748 ἰξς
407 2699 462 2740 qui
488 2702 725 2738 manumittere
753 2712 886 2745 rogatus
911 2703 955 2735 est
973 2723 982 2739 .
1010 2703 1099 2735 abest
1123 2704 1196 2734 dolo
1225 2715 1291 2734 ma-

258 2742 290 2774 10
308 2763 318 2781 ,
346 2740 484 2785 ideoque
511 2743 579 2781 jure
605 2755 798 2789 patronatus
824 2747 973 2780 excidit.
1001 2748 1112 2779 Verba
1138 2747 1229 2781 mim
1254 2751 1290 2780 L,

343 2789 372 2830 §-
390 2791 423 2818 6.
450 2791 503 2821 Ex
527 2802 711 2835 quacunque
746 2793 841 2831 causa
858 2791 896 2824 ad
915 2790 1029 2828 iustam
1044 2792 1200 2825 absentiae
1218 2803 1294 2825 cau-

258 2831 325 2909 Sam
349 2832 571 2909 {eglringenda
601 2836 660 2868 effe
684 2845 820 2879 apparet
847 2848 888 2870 ex
923 2840 960 2869 L.
978 2840 1029 2875 35¹
1046 2845 1093 2879 pr.
1113 2841 1158 2870 D.
1180 2838 1216 2870 a'c
1235 2840 1291 2871 Fi-

283 2887 336 2909 ent.
367 2889 376 2906 s
401 2887 459 2910 err.

256 2922 360 2999 VO)
385 2925 423 2955 1..
445 2934 515 2957 cum
532 2934 605 2957 vtro
623 2925 708 2966 255.
730 2923 929 2966 salvantem
944 2936 974 2966 7.
988 2924 1028 2969 ff.
1048 2926 1291 2970 &fideicomm-

272 2975 362 3000 tart.

303 3013 361 3049 (d)
388 3013 424 3045 Ι..
443 3023 473 3053 3.
495 3015 522 3058 ς.
540 3016 636 3057 plane
649 3012 686 3056 ff.
711 3014 749 3047 de
764 3016 860 3056 tegit.
878 3025 942 3048 rut.

301 3057 356 3097 (ο)
382 3060 420 3090 1..
435 3071 536 3102 nequo
559 3063 612 3098 36.
630 3058 668 3103 ff.
687 3060 725 3093 de
737 3059 942 3101 fideicomm.
959 3059 1070 3093 libere.

299 3102 378 3143 (f)
404 3104 440 3134 1..
463 3104 616 3148 mqmff.
635 3105 674 3137 de
683 3104 881 3146 fideicomm.
899 3104 1011 3138 libere.

899 95 1040 145 DE
1123 94 1730 170 GEGIBUS,

1283 201 1294 222 ‚
1352 173 1404 217 ris
1430 174 1610 220 fraudem
1628 209 1639 230 ‚
1673 180 1730 230 (e)
1751 175 1817 241 ‚vel
1844 177 1959 223 heres
1985 181 2113 234 major
2134 184 2299 241 quidem
2320 184 2382 239 fir,

1104 258 1117 280 ‚
1170 230 1299 269 lervus
1354 234 1413 273 led
1439 234 1537 275 absit
1562 240 1677 277 caula
1704 251 1757 278 rei
1783 235 1997 280 familiaris
2024 271 2036 291 ‚
2069 254 2137 284 aut
2166 241 2378 298 religionis

1352 302 1419 352 aut
1448 290 1648 334 servitutis
1673 295 1776 347 apud
1804 294 1932 338 hostes
1964 327 1976 348 ‚
2008 309 2075 339 aut
2103 298 2241 355 aliqua
2273 300 2383 342 cala·

1354 359 1495 390 mittite
1517 379 1529 401 ,
1562 348 1718 406 aliaque
1739 350 1836 403 justa
1863 353 1976 396 ca'ui'a
2002 354 2258 408 detineatur3
2291 354 2383 409 (f)

1351 420 1437 459 quae
1473 407 1596 449 causae
1619 409 2025 462 comprehenduntur
2054 414 2309 456 Dalumiano
2345 414 2385 455 S.

1352 463 1404 524 C.
1436 478 1516 516 quo
1543 479 1618 507 nec
1642 464 1803 509 libertas
1827 467 2049 521 impeditur
2070 502 2082 522 ‚
2116 485 2189 513 nec
2212 470 2379 513 libertus

1350 521 1522 582 eripitur
1546 521 1684 564 fraude
1705 526 1935 568 carentibus
1956 557 1964 567 .
1997 528 2062 581 (g)
2095 528 2201 570 Item
2228 528 2381 570 retine-

1351 576 1416 637 bat
1442 593 1501 628 ius
1526 591 1763 632 patronatus
1788 581 1902 625 heres
1923 616 1933 632 ‚
1967 584 2035 638 qui
2060 600 2253 627 evocatus
2272 583 2388 627 ades-

1351 636 1384 676 lc
1412 635 1673 691 neglexerat,
1707 636 1732 679 fi
1765 653 1850 681 non
1876 640 2072 684 testatoris
2100 642 2258 685 servum
2277 672 2289 694 ‚
2324 641 2383 685 sed

1350 708 1556 748 proprium
1579 707 1738 749 rogatus
1762 695 1855 738 esset
1881 699 2204 741 manumittere:
2237 713 2385 754 quam-

1348 751 1408 793 vis
1437 749 1552 793 enim
1589 752 1932 805 pronunciatione
1965 753 2149 796 Praetoris
2181 785 2195 807 ,
2248 756 2381 798 servus

1348 808 1576 851 libertatern
1601 807 1806 850 obtineret
1833 824 1845 861 3
1889 821 2027 852 tamen
2063 811 2190 854 veluti
2220 827 2242 853 a
2271 812 2389 855 filei-

1345 864 1620 909 commissario
1652 865 1885 908 libertatem
1918 866 2134 920 accepiffet
2158 899 2171 920 ‚
2203 867 2379 919 ejusdem

1345 924 1609 979 permanebat
1625 921 1791 964 libertus
1805 953 1816 975 ‚
1836 921 1948 975 cujus
1962 923 2146 968 fuerat&
2163 925 2378 978 servus.(h)

1507 1036 1548 1079 C
1609 1036 1648 1078 A
1713 1035 1744 1077 P
1802 1038 1846 1079 U
1907 1038 1951 1079 T
2039 1039 2238 1082 XVVII.

1618 1122 1684 1165 De
1714 1122 1758 1162 S.
1791 1122 1844 1164 C.
1868 1123 2097 1174 Junciano.

1480 1207 1578 1251 Uod
1601 1220 1768 1251 cautum
1794 1210 1936 1260 (****)
1963 1209 2040 1253 fuit
2069 1211 2108 1253 S.
2137 1212 2190 1255 C.
2221 1211 2387 1262 Juncia-

1492 1281 1546 1308 no
1567 1297 1579 1320 ‚
1613 1265 1675 1308 vel
1699 1265 1928 1310 AEmiliano
1953 1299 1966 1322 ‚
2008 1268 2058 1310 ab
2088 1269 2260 1313 AEmiho
2283 1270 2388 1321 Jun-

1489 1324 1555 1366 cio
1573 1355 1587 1377 ,
1619 1323 1663 1365 ἃ
1690 1323 1799 1374 Julio
1822 1324 1973 1367 Severo
1997 1327 2110 1368 Coss.
2131 1327 2149 1378 (
2168 1328 2214 1377 i)
2237 1326 2283 1368 de
2309 1341 2389 1381 quo

1342 1380 1386 1424 Sc
1413 1379 1546 1424 infra.
1579 1378 1757 1435 Alioque
1783 1381 1822 1422 S.
1839 1381 1891 1423 C.
1906 1380 2018 1432 cujus
2047 1383 2211 1427 nullum
2234 1398 2410 1426 nomen-

1344 1438 1537 1495 supeoest,
1572 1437 1746 1480 Adriani
1777 1440 2028 1492 temporibus
2048 1454 2217 1483 cautum
2231 1440 2287 1483 est
2303 1471 2315 1492 ‚
2339 1453 2385 1483 ut

1344 1495 1369 1539 sl
1394 1508 1615 1551 antequam
1645 1495 1792 1536 Praetor
1815 1496 2142 1549 pronunciaffet,
2178 1497 2392 1541 fideicom-

1346 1553 1543 1595 miffarius
1571 1552 1651 1595 sine
1679 1551 1893 1595 successore
1914 1553 2127 1596 deceisiffet
2152 1584 2164 1605 ,
2198 1569 2282 1597 non
2305 1556 2392 1596 im·

1345 1609 1528 1665 pediatur
1558 1607 1722 1650 libertas
1742 1640 1753 1658 ,
1789 1609 1849 1651 led
1877 1609 1986 1653 illius
2013 1610 2058 1652 lit
2085 1610 2254 1654 libertus
2272 1611 2381 1654 orci-

1345 1682 1418 1710 nus
1437 1699 1450 1720 ,
1483 1664 1594 1718 cujus
1626 1665 1759 1709 servus
1789 1678 1910 1709 antea
1940 1666 2018 1710 fuit
2044 1699 2053 1709 .
2099 1669 2193 1719 (k)
2222 1669 2393 1721 (*'***)

1345 1726 1400 1768 Et
1424 1723 1670 1780 generaliter
1697 1724 1735 1766 S.
1764 1722 1816 1765 C.
1853 1725 2029 1768 vetitum
2051 1723 2105 1768 est
2133 1756 2146 1779 ‚
2179 1725 2386 1769 libertates

1345 1782 1584 1826 intercidere
1619 1811 1629 1827 ,
1680 1779 1707 1823 fi
1749 1780 1838 1836 quis
1867 1781 1947 1824 sine
1978 1782 2122 1825 herede
2150 1814 2163 1835 ,
2211 1782 2275 1826 vel
2308 1782 2392 1826 alio

1347 1837 1560 1883 succeffore
1585 1836 1792 1880 decesserit
1813 1868 1825 1889 ‚
1857 1839 1926 1893 qui
1957 1839 2311 1882 fideicommiffam
2338 1840 2392 1882 li-

1346 1899 1547 1940 bertatem
1575 1894 1754 1948 praestare
1783 1894 1980 1950 debebat;
2013 1894 2076 1939 vel
2110 1895 2137 1938 li
2166 1897 2254 1940 suus
2272 1895 2387 1940 heres

1347 1954 1381 1998 se
1406 1952 1641 1997 abstinuerit
1665 1983 1674 1994 .
1707 1952 1783 2003 (l)
2274 2012 2314 2054 C
2330 2013 2367 2053 A

1388 2122 1447 2163 (h)
1475 2125 1511 2154 1..
1529 2133 1591 2154 non
1607 2131 1737 2154 tantum
1757 2130 1809 2160 5¹·
1830 2122 1857 2163 §.
1870 2120 1966 2163 s’dss
1979 2144 1990 2160 .
2016 2121 2054 2154 (5
2070 2123 2108 2153 1..
2125 2123 2178 2154 28.
2200 2121 2227 2163 §.
2245 2132 2277 2161 4.
2290 2119 2331 2164 ff.
2350 2122 2389 2153 de

1339 2165 1536 2206 fideicomm.
1554 2165 1613 2198 lib.

1391 2213 1506 2252 (³⁴³³)
1533 2209 1711 2253 Quomodo
1733 2211 1834 2253 igitur
1846 2210 1942 2244 distat
1960 2210 2282 2245 senatusconsultum
2299 2213 2387 2251 Jun-

1345 2256 1476 2289 cianum
1491 2268 1508 2288 a
1526 2256 1698 2289 Rubriano
1714 2256 1743 2287 8<
1762 2255 1960 2288 Dasumiano
1977 2258 1990 2289 ?
2022 2259 2071 2289 Ita
2095 2254 2228 2298 quidem
2242 2254 2328 2297 quod
2345 2264 2386 2287 ex

1346 2302 1508 2342 Junciano
1534 2302 1695 2334 liberatur
1723 2300 1838 2332 servus
1858 2323 1867 2338 ,
1892 2300 1948 2342 qui
1988 2300 2106 2332 mortis
2124 2309 2273 2340 tempore
2289 2297 2360 2335 eius
2378 2316 2392 2336 9

1345 2346 1399 2388 qui
1417 2346 1545 2389 rogavit
1560 2367 1571 2383 ‚
1599 2355 1665 2377 non
1679 2342 1803 2382 fuerit,
1831 2347 1868 2376 Ι..
1889 2347 1943 2377 28.
1972 2346 1999 2387 §.
2021 2355 2055 2382 4.
2072 2347 2118 2376 D.
2139 2344 2176 2375 de
2187 2343 2387 2384 fideicomm.

1346 2389 1454 2423 libert.
1488 2389 1591 2423 veluti
1625 2388 1776 2431 proprius
1792 2386 1864 2422 eius
1883 2411 1894 2427 ‚
1920 2389 1974 2431 qui
1993 2388 2233 2421 manumittere
2249 2396 2386 2431 rogatus

1345 2436 1388 2467 est
1403 2457 1413 2474 ‚
1441 2439 1479 2468 L.
1497 2444 1551 2474 5¹·
1582 2437 1609 2476 §-
1630 2438 1659 2466 8.
1695 2437 1742 2474 ρ.
1764 2434 1829 2465 eod.
1847 2433 1936 2465 salvo
1952 2433 2058 2466 eidem
2074 2431 2143 2470 iure
2162 2441 2357 2475 patronatus
2377 2453 2390 2472 ‚

1346 2481 1374 2512 d.
1393 2483 1415 2513 Ι.
1435 2484 1486 2513 28.
1505 2483 1523 2523 §
1550 2490 1571 2519 4
1603 2483 1645 2512 D,
1665 2478 1704 2510 de
1714 2477 1910 2518 fideii-amm.
1927 2478 2038 2511 tibere.
2057 2488 2132 2511 eum
2153 2488 2193 2509 ex
2216 2477 2392 2511 Dasumia-

1349 2536 1391 2557 no
1405 2525 1564 2558 liberetur
1579 2524 1690 2557 servus
1709 2522 1928 2556 hereditarius
1948 2545 1959 2562 ‚
1986 2534 2025 2556 ex
2065 2521 2233 2556 Rubriano
2246 2533 2326 2557 vero
2339 2521 2395 2556 de-

1348 2570 1480 2603 stinatus
1505 2568 1719 2603 manumissor
1747 2566 1817 2605 jure
1846 2575 2043 2609 patronatus
2074 2567 2206 2612 penitus
2227 2565 2393 2608 excidat,

1346 2615 1421 2658 quia
1434 2615 1467 2647 in
1481 2613 1629 2648 frauiem
1645 2613 1810 2646 libertatis
1823 2613 1910 2646 abest
1932 2636 1939 2645 .

1392 2660 1445 2698 (ι’)
1472 2664 1508 2692 1..
1521 2660 1550 2701 [ἱ
1562 2671 1632 2693 cum
1647 2661 1776 2697 servum
1795 2661 1851 2690 28.
1877 2661 1940 2703 §.4
1953 2656 1993 2702 ff
2011 2659 2048 2691 de
2057 2657 2255 2699 fideicomm.
2277 2653 2392 2690 libert.

1346 2703 1457 2742 Cujac.
1476 2708 1502 2736 C
1528 2706 1592 2737 eod.
1609 2705 1648 2735 Θ·
1661 2704 1703 2735 ad
1715 2702 1774 2736 lib.
1800 2707 1851 2741 58.
1885 2704 1992 2736 Pauli.
2007 2704 2051 2736 ad
2064 2700 2244 2743 ‘diff-sive
2258 2702 2284 2734 Ι.
2310 2710 2338 2740 5.
2351 2699 2394 2744 ff.

1345 2751 1382 2782 de
1394 2749 1589 2790 fideicomm.
1607 2748 1698 2781 liber.

1390 2795 1452 2835 (k)
1481 2797 1517 2825 L.
1536 2803 1564 2833 5.
1581 2792 1618 2834 ff
1634 2795 1743 2825 eodem
1759 2814 1769 2824 .

1389 2840 1526 2880 (aeut)
1553 2837 1704 2871 Defunffi
1724 2844 1801 2879 puta
1821 2859 1831 2876 ,
1857 2837 1879 2870 fi
1897 2834 2061 2869 defuneto
2080 2857 2091 2874 ‚
2118 2834 2248 2869 heredis
2262 2856 2272 2875 .
2303 2834 2324 2869 si
2343 2835 2404 2869 he-

1347 2883 1414 2917 redi
1430 2883 1589 2917 servietur
1605 2905 1612 2914 .
1640 2881 1730 2923 Quid
1760 2881 1783 2914 fi
1815 2882 1918 2914 tertio
1949 2880 2105 2913 serviiffer
2121 2882 2133 2906 Ρ
2163 2890 2241 2914 tunc
2258 2882 2394 2914 orcinus

1345 2928 1472 2962 heredis
1497 2936 1567 2962 erat
1584 2951 1595 2967 ,
1619 2938 1695 2970 quia
1713 2926 1742 2958 δι
1759 2947 1769 2964 ‚
1798 2925 1819 2958 fi
1835 2926 1877 2960 ab
1892 2925 2010 2958 herede
2035 2926 2160 2959 redeunt
2170 2937 2205 2958 us
2226 2927 2254 2957 δι
2271 2936 2399 2958 manu-

1345 2974 1452 3007 missus
1467 2974 1542 3007 effet
1559 2992 1570 3008 ,
1599 2973 1739 3005 libertus
1764 2969 1835 3007 ejus
1862 2968 1968 3004 fuisset
1989 2993 1997 3002 .
2028 2972 2135 3003 Verba
2151 2992 2163 3010 ‚
2199 2976 2391 3014 Antequam

1347 3021 1465 3052 Pretov
1482 3015 1744 3052 oronunciatret‚
1764 3014 2091 3056 fileicommisfanm
2119 3015 2188 3056 sine
2222 3013 2397 3058 sueceffore

1343 3062 1520 3108 dcceffiffer
1535 3087 1546 3102 ‚
1573 3062 1635 3096 hoc
1653 3064 1774 3096 SCtum
1789 3072 1807 3092 a
1822 3060 2045 3102 superioribus
2061 3060 2209 3103 separant
2232 3083 2241 3092 .

1387 3111 1406 3149 ζ
1419 3111 1433 3142 1
1448 3110 1466 3149 )
1492 3111 1530 3142 L.
1550 3119 1621 3143 eum
1638 3105 1726 3151 quali
1742 3108 1773 3150 §.
1784 3107 1843 3150 sed
1857 3105 1896 3140 <r
1908 3105 1939 3149 [ἱ
1952 3109 2025 3150 quis
2044 3117 2076 3148 9·
2089 3104 2128 3151 ff.
2147 3106 2185 3140 de
2194 3105 2395 3148 fideicomm-

305 3146 368 3188 (ς)
396 3147 480 3182 zbid.
497 3148 555 3183 ab·
567 3152 670 3193 [upra
685 3147 796 3188 cujac.
815 3151 858 3184 ad
873 3152 928 3184 uir.
950 3152 1030 3184 aaa
1041 3149 1219 3193 fideiecom.
1235 3152 1294 3189 ub.
1346 3152 1406 3188 m.
