2596 3479
226 110 336 162 114

659 90 763 143 DE
808 89 997 161 JURE
1049 85 1469 141 NATURALI
1497 128 1512 157 ‚
1557 91 1973 161 GENTIUM‚

220 169 306 221 ejus
338 164 489 210 viribus
513 195 525 218 ‚
569 164 753 221 corporis
787 164 1016 206 traheretur
1051 160 1221 204 sensibus
1253 194 1264 215 ‚
1287 176 1295 214 ι
1317 161 1446 206 etiam
1482 164 1681 210 virtutum
1708 184 1717 208 τ
1751 168 1846 223 quia
1880 167 1959 210 sola
1995 164 2159 211 scientia
2189 164 2363 212 ostendit

227 228 297 282 qui
343 224 540 268 hauriunt
570 223 698 266 etiam
740 237 760 264 e
810 220 921 263 vitiis
965 218 1221 274 voluptatem
1255 235 1264 260 ε
1319 219 1545 264 humanam
1597 237 1785 267 naturam
1835 224 1955 269 certis
1986 240 2175 281 capacem
2207 226 2281 270 esse
2314 227 2362 271 fi-

226 299 352 341 quam
389 281 646 325 refundentes
679 279 721 321 in
757 292 939 320 mentem
967 309 977 331 ‚
1010 276 1052 318 in
1087 275 1264 319 oblivio-
1315 275 1491 331 nitisque
1525 278 1800 336 voluptatibus
1832 315 1844 335 ,
1895 297 1992 340 quas
2038 282 2104 326 ubi
2138 283 2360 338 cupiditate

227 357 325 385 nem
359 340 455 383 boni
491 335 772 393 praestantioris
793 368 803 387 ‚
837 334 1042 378 violenter
1073 349 1165 377 eam
1198 334 1262 376 ad·
1316 334 1625 380 transilierimus
1646 371 1657 391 ,
1691 338 1734 382 in
1771 339 2023 383 infinitatem
2049 339 2358 384 delabimurde-

224 399 379 443 ducunt
406 430 414 440 .
461 397 708 449 Voluptates
753 395 865 436 enim
897 409 919 435 a
951 392 1169 435 virtutibus
1200 407 1264 433 or-

224 468 273 500 tae
304 455 447 508 juvant
480 453 661 497 hominis
696 464 883 494 naturam
910 466 921 501 ς
971 449 1122 492 laedunt
1166 463 1264 491 vero

227 514 442 557 venientes
475 529 496 554 a
530 511 641 553 vitiis
669 526 678 550 τ
731 509 927 563 quoniam
962 518 1218 561 componunt
1252 537 1262 560 ,

224 587 272 615 ac
315 581 545 624 temperant
588 566 761 609 virtutes
805 566 993 608 animum
1021 595 1033 617 ,
1079 564 1262 618 pariunt—

221 643 299 683 que
324 658 336 674 ,
372 627 509 668 sedatis
539 623 819 667 affef‘tionibus
847 655 857 677 ‚
899 622 1014 666 omni
1048 631 1258 677 expertem

221 683 464 740 :egritudine
496 680 867 738 tranquillitatem.
903 681 959 723 At
992 680 1091 722 vitia
1125 679 1261 721 distra-

222 741 358 788 hendo
383 772 395 794 ‚
428 757 473 783 ac
507 739 714 783 violenter
743 737 991 793 exagitando
1023 736 1207 779 excitant
1239 751 1259 779 e

222 799 356 842 media
399 799 579 852 corporis
623 797 832 851 voluptate
866 794 1212 849 perturbationem
1247 825 1255 835 .

221 857 370 899 Virtus
413 856 526 898 enim
576 870 657 897 non
691 852 892 909 egreditur
925 864 1078 893 naturae
1109 851 1210 893 fines
1247 866 1258 903 3

220 913 322 956 vitia
365 928 460 956 vero
503 912 752 956 exundantia
782 907 958 953 exterius
990 907 1038 950 ad
1068 909 1258 951 animum

220 969 434 1014 attrahunt
465 970 628 1011 morbos
654 1000 665 1020 ‚
716 981 862 1020 nempe
906 980 1041 1008 rerum
1073 976 1188 1007 extra
1223 964 1256 1008 se

212 1027 442 1091 positarum
485 1025 724 1081 cupiditates
760 1055 772 1076 ,
816 1038 903 1078 quae
947 1022 1259 1077 progrediuntur

219 1100 264 1127 in
300 1082 547 1127 immensum
568 1113 577 1123 .
614 1079 744 1137 Atqui
779 1094 925 1123 natura
957 1092 1112 1123 certam
1143 1081 1258 1122 nobis

219 1140 441 1197 praefinivit
485 1138 719 1182 mensuram
762 1136 1028 1192 voluptatum
1068 1154 1077 1178 :
1131 1137 1195 1180 cui
1230 1137 1256 1180 si

222 1197 316 1253 quid
350 1197 510 1251 insuper
541 1195 769 1248 accesserit,
801 1209 887 1236 non
919 1193 1163 1247 dele-statio,
1198 1194 1257 1238 sed

221 1254 377 1308 pondus
407 1254 549 1298 animo
582 1253 743 1296 accedet
772 1282 782 1293 .
828 1251 981 1294 Modus
1011 1263 1152 1294 autem
1185 1267 1256 1294 vo-

219 1310 389 1370 luptatis
422 1311 538 1355 nobis
569 1327 591 1353 a
624 1323 769 1352 natura
799 1307 989 1350 definitus
1022 1307 1255 1362 vulgaribus

216 1371 403 1428 expletur
424 1401 437 1422 ‚
469 1381 589 1423 atque
623 1363 870 1423 parabilibus
907 1395 920 1418 ‚
963 1365 1108 1421 quibus
1139 1365 1255 1417 cupi-

211 1430 315 1473 ditas
347 1425 542 1471 naturalis
579 1456 592 1477 ‚
640 1424 683 1467 &
730 1433 864 1465 motus
909 1423 1088 1476 corporis
1135 1421 1255 1466 facile

218 1487 402 1530 sedatur:
445 1482 663 1537 iisdemque
697 1480 906 1524 satiaretur
933 1511 946 1532 3
988 1477 1136 1534 sibique
1184 1479 1254 1535 ipfi

219 1544 449 1599 placaretur
487 1540 613 1582 etiam
658 1538 820 1580 animus
858 1568 871 1590 3
923 1533 997 1579 nisi
1051 1536 1250 1591 opinione

219 1600 383 1652 majoris
417 1597 512 1641 'noni
540 1629 552 1650 3
585 1595 781 1650 stultaque
814 1594 1084 1637 admiratione
1119 1609 1255 1636 rerum

220 1657 506 1712 superfluarum
531 1686 544 1705 ‚
588 1653 728 1709 procul
762 1668 785 1694 a
818 1651 1015 1695 naturalis
1047 1652 1254 1694 necessita-

217 1716 267 1757 tis
301 1714 449 1757 finibus
475 1744 486 1764 ‚
521 1712 563 1754 in
597 1724 759 1754 coecum
793 1724 929 1753 rerum
963 1708 1153 1752 inanium
1186 1725 1256 1765 pe-

218 1772 331 1830 lagus
363 1770 591 1814 auferretur
606 1798 616 1811 .

420 1883 462 1927 C
521 1885 561 1928 A
621 1883 653 1926 P
712 1883 756 1924 U
814 1882 858 1924 T
947 1880 1054 1924 VII.

221 1972 287 2017 De
312 1970 470 2015 Morbis
491 1980 637 2012 naturae
660 1968 894 2019 rationalis,
918 1965 1008 2020 five
1036 1967 1084 2011 de
1108 1966 1230 2009 vitiis
1245 1997 1253 2008 .

350 2056 424 2100 Ine
448 2054 631 2099 incensus
657 2052 785 2097 homo
809 2051 1047 2096 divitiarum
1075 2085 1087 2105 ‚
1135 2066 1254 2109 atque

365 2112 604 2157 deliciarum
628 2127 767 2156 amore
788 2140 800 2163 ,
833 2111 982 2154 assiduo
1008 2110 1117 2155 sensu
1144 2109 1252 2152 labo-

215 2183 278 2214 rat
308 2171 489 2225 egestatis
521 2186 529 2212 :
563 2170 657 2226 quia
689 2168 898 2224 praesentia
925 2167 1031 2211 nihil
1058 2180 1218 2223 reputat
1245 2199 1257 2219 ‚

216 2228 279 2271 sed
303 2227 483 2270 absentia
503 2257 516 2280 ‚
563 2241 652 2281 quae
678 2227 766 2268 sunt
788 2225 952 2268 infinita
977 2240 988 2267 t
1041 2237 1087 2268 ut
1117 2241 1162 2268 ea
1186 2225 1256 2280 qui

213 2284 467 2340 appetierit3
500 2283 687 2339 pauperie
718 2298 877 2338 quoque
902 2280 1066 2326 infinita
1099 2297 1258 2337 prema-

184 2354 311 2389 ,turz
345 2341 572 2385 ambitione
604 2356 704 2383 vero
737 2340 910 2395 flagrans
942 2371 955 2391 ,
1004 2352 1049 2383 ut
1081 2339 1258 2394 imperet

213 2397 304 2442 aliis
325 2430 338 2452 ‚
369 2396 518 2441 adimit
551 2396 619 2441 sibi
652 2397 835 2440 nativam
862 2396 1094 2440 libertatem
1118 2429 1130 2449 ‚
1162 2409 1254 2440 turn

214 2455 311 2512 quia
335 2456 496 2512 cogitur
520 2469 657 2510 parere
679 2454 871 2497 omnibus
910 2487 923 2508 ,
965 2469 1143 2510 quorum
1179 2454 1257 2497 suf·

213 2513 342 2567 fragia
367 2525 502 2568 captat
533 2543 546 2565 ,
591 2525 813 2567 antequam
840 2511 1004 2566 imperii
1039 2512 1218 2567 potiatur
1244 2527 1257 2565 3

206 2583 303 2613 -tum
328 2571 423 2625 quia
451 2570 602 2625 potitus
624 2569 782 2626 cogitur
804 2584 870 2611 eos
895 2570 1040 2612 assidue
1063 2568 1257 2612 formida-

209 2641 250 2670 re
290 2657 302 2679 ‚
352 2626 499 2681 quibus
525 2629 577 2670 est
604 2627 681 2682 ipse
709 2625 920 2669 formidini
948 2643 958 2668 ε
1007 2638 1052 2670 ut
1076 2626 1258 2683 vulgaris

208 2683 373 2728 animus
398 2714 410 2737 ,
441 2684 626 2738 prospera
656 2685 886 2726 mutatione
920 2682 1097 2726 fortuna·
1123 2716 1134 2735 3
1170 2700 1254 2727 non

207 2743 336 2786 finem
365 2771 377 2794 ‚
411 2740 471 2783 sed
505 2741 734 2782 novitatem
766 2740 956 2783 inveniat
985 2741 1254 2786 miseriarum.

210 2797 370 2854 Quibus
402 2811 525 2839 nemo
558 2797 592 2840 se
624 2797 734 2840 ultro
765 2799 1047 2840 committeret
1078 2830 1090 2848 ,
1137 2798 1161 2840 si
1195 2799 1249 2842 ci-

211 2856 341 2898 vilem
362 2853 596 2909 ingrediens
618 2854 746 2897 vitam
765 2887 775 2906 ‚
796 2854 1142 2899 animadverteret
1164 2871 1255 2899 mo·

166 2967 174 2970 ,
214 2912 313 2957 dum
339 2943 352 2963 3
394 2911 437 2954 &
470 2911 569 2953 fines
600 2943 613 2963 ‚
645 2924 745 2968 quos
774 2911 881 2954 ultra
913 2912 1095 2967 citraque
1129 2913 1255 2958 nescit

213 2968 424 3015 consistere
440 2967 626 3027 voluptas
647 2969 829 3022 corporis
852 2999 863 3021 ‚
894 2968 1107 3024 animique
1139 2984 1256 3014 tran·

211 3026 417 3084 quillitas.
454 3026 537 3069 Eos
568 3040 707 3070 autem
740 3026 839 3069 fines
860 3027 1001 3082 pandit
1023 3027 1100 3070 sola
1127 3028 1253 3073 scien-

214 3084 307 3139 tia,
339 3097 457 3140 quae,
490 3096 631 3139 utpote
662 3083 769 3130 socia
798 3084 971 3129 rationis
992 3115 1008 3141 ,
1039 3099 1171 3132 mater
1201 3087 1255 3132 est

1275 624 1291 1421 i

1315 390 1574 436 sideriorum:
1612 407 1655 438 ut
1679 412 1759 450 quo
1783 397 1950 441 ulterius
1976 397 2202 453 appetendo
2225 397 2358 454 pergi-

1313 464 1402 511 mus
1434 465 1445 501 3
1496 465 1544 493 eo
1588 451 1751 508 longius
1782 455 2014 497 aberremus
2044 457 2093 497 ab
2124 470 2170 498 ea
2203 467 2312 498 meta
2346 484 2359 507 ,

1313 507 1380 548 ubi
1414 518 1558 550 natura
1591 509 1845 566 voluptatem
1878 512 2058 567 corporis
2088 544 2100 563 ,
2151 512 2193 555 &
2225 511 2360 554 animi

1313 564 1654 628 tranquillitatem
1690 568 1929 612 hominibus
1961 569 2168 613 condidit.
2202 571 2294 624 Qua
2313 569 2361 612 de

1311 621 1549 685 conditione
1581 626 1711 669 oritur
1744 626 2018 679 temperantia
2041 657 2052 674 ,
2085 641 2173 680 quae
2203 625 2360 681 appeti<

1311 690 1442 723 tiones
1474 681 1678 738 extinguit
1712 682 1852 725 inanes
1889 698 1901 735 3
1950 682 1994 725 δε
2037 681 2185 733 justitia
2213 714 2226 735 ,
2272 696 2364 738 quae

1311 752 1384 780 nos
1415 737 1587 782 abstinet
1618 740 1668 783 ab
1699 738 1843 783 alienis
1869 755 1881 793 3
1914 738 1955 782 Sc
1989 738 2183 787 fortitudo
2214 769 2226 792 ,
2272 754 2360 794 quae

1314 794 1560 848 persuasione
1606 796 1690 840 veri
1725 797 1821 839 boni
1856 811 1981 839 vanos
2012 796 2156 840 adimit
2184 807 2316 839 metus
2344 810 2358 849 3

1309 867 1354 895 ac
1394 852 1567 910 denique
1609 853 1828 910 prudentia
1859 865 1982 910 caput
2012 854 2216 897 virtutum
2251 852 2355 896 alia-

1312 924 1402 952 rum
1426 942 1438 963 ‚
1471 926 1548 966 qua
1580 911 1831 955 retrahimur
1862 912 1909 953 ad
1938 924 2093 954 naturae
2116 912 2241 962 fines,
2279 909 2357 952 ibi-

1309 981 1385 1020 que
1435 980 1629 1022 perpetuo
1673 968 1941 1012 continemur
1967 999 1979 1010 .
2030 968 2153 1011 Unde
2190 967 2360 1011 virtutes

1311 1037 1381 1077 per
1413 1023 1627 1067 scientiam
1659 1024 1927 1080 adipiscentes
1951 1056 1964 1075 ,
2005 1024 2048 1067 δε
2081 1025 2352 1080 perturbatio·

1311 1094 1379 1122 nes
1414 1080 1779 1124 immoderatarum
1812 1080 2049 1136 effugientes
2069 1082 2357 1135 cupiditatum,

1310 1137 1388 1180 sola
1430 1139 1721 1183 emendatione
1764 1139 1917 1183 mentis
1949 1138 1996 1181 ad
2031 1139 2227 1182 verticem
2263 1137 2358 1181 feli-

1308 1194 1443 1237 citatis
1476 1196 1724 1251 evadimus,
1756 1212 1838 1252 quo
1872 1195 2016 1252 vulgus
2040 1227 2052 1250 ‚
2085 1209 2154 1240 aut
2181 1195 2360 1239 volven-

1305 1251 1355 1293 do
1388 1252 1533 1296 assidue
1569 1254 1708 1297 saxum
1742 1269 1811 1308 per
1842 1254 2117 1297 ambitionem
2147 1285 2158 1306 ‚
2203 1253 2246 1297 δε
2279 1252 2362 1296 ho-

1308 1321 1449 1351 norem
1484 1341 1497 1363 ,
1546 1323 1617 1354 aut
1647 1310 1855 1366 fugitivas
1899 1324 2021 1366 aquas
2052 1311 2252 1364 captando
2286 1320 2357 1366 pel·

1305 1365 1563 1420 opuientiam
1591 1399 1603 1421 3
1635 1367 1677 1409 &
1705 1367 1920 1410 avaritiam
1945 1383 1957 1420 3
1978 1379 2046 1410 aut
2071 1367 2274 1422 pascendis
2300 1366 2360 1419 je·

1306 1438 1399 1466 core
1449 1424 1516 1467 suo
1559 1423 1791 1468 vulturibus
1835 1440 1905 1479 per
1938 1438 2097 1467 amores
2135 1425 2177 1467 ὃς
2210 1424 2358 1468 libidi-

1308 1494 1376 1523 nes
1402 1492 1485 1524 tota
1511 1482 1595 1525 vita
1625 1481 1768 1527 misere
1798 1512 1811 1535 ,
1845 1498 1890 1525 ac
1925 1480 2066 1524 frustra
2093 1481 2311 1526 contendit
2337 1510 2349 1522 .

1464 1594 1504 1639 C
1565 1597 1605 1640 A
1667 1595 1697 1638 P
1760 1597 1804 1638 U
1866 1596 1910 1637 T
2031 1597 2109 1639 VI
2127 1597 2145 1638 I
2164 1596 2199 1640 I.

1538 1683 1606 1726 De
1631 1684 1720 1726 Vita
1747 1683 1882 1726 Beata
1905 1682 2116 1738 Sapientis
2133 1714 2145 1727 .

1428 1767 1524 1810 'Uid
1566 1782 1703 1812 autem
1742 1785 1790 1811 eo
1824 1766 1979 1812 beatius
2015 1766 2185 1812 homine
2216 1799 2230 1822 ‚
2279 1768 2353 1825 qui

1454 1839 1598 1868 contra
1634 1827 1861 1869 calumnias
1908 1824 2213 1868 benefaebrum
2256 1841 2363 1869 con-

1314 1879 1477 1924 scientia
1504 1881 1690 1925 munitur
1722 1899 1736 1937 3
1779 1882 1845 1939 qui
1886 1883 2016 1925 animi
2046 1882 2256 1926 securitate
2284 1883 2355 1926 ad-

1308 1938 1419 1980 versa
1444 1940 1677 1983 contemnit
1700 1956 1711 1993 3
1745 1941 1813 1996 qui
1844 1939 2079 1993 frugalitate
2097 1939 2354 1984 dimicatad-

1308 1993 1441 2038 versus
1467 1995 1678 2047 fortunam
1708 2013 1721 2050 3
1753 1996 1866 2049 cujus
1897 1997 2003 2039 vires
2029 2011 2241 2053 nunquam
2269 2011 2360 2052 pet·-

1308 2053 1526 2105 venerint,
1559 2069 1638 2108 quo
1665 2066 1816 2097 naturae
1844 2053 2075 2109 benignitas
2102 2053 2254 2098 locavit
2284 2069 2358 2099 ne-

1306 2110 1464 2152 cessaria
1491 2110 1586 2153 vitae
1617 2143 1628 2163 ‚
1671 2114 1817 2168 quibu-3
1843 2111 2002 2167 purgati
2032 2111 2207 2167 pePtoris
2239 2124 2359 2155 tran-

1306 2167 1487 2222 quillitas
1517 2169 1784 2212 continetur?
1818 2169 1927 2222 Qiid
1962 2168 2090 2212 laetius
2115 2168 2190 2212 illo
2222 2199 2234 2221 ,
2282 2167 2354 2224 qui

1306 2226 1544 2279 cognitione
1563 2227 1860 2278 praeteritornrn
1879 2225 2024 2268 futuris
2040 2225 2216 2268 occurrit
2232 2259 2242 2278 ‚
2259 2239 2359 2280 prae-

1308 2281 1434 2324 sentia
1463 2282 1694 2325 moderatur
1728 2298 1740 2333 3
1783 2283 1932 2337 quique
1971 2282 2136 2325 reddetis
2171 2283 2212 2325 in
2243 2295 2357 2337 pote-

1305 2338 1446 2381 statem
1484 2339 1592 2381 suam
1626 2339 1885 2393 cupidinibus
1911 2338 2095 2394 pervolat
2121 2340 2267 2396 ubique
2308 2339 2360 2383 li-

1307 2396 1376 2438 ber
1408 2396 1458 2437 ab
1484 2396 1666 2450 imperiis
1700 2396 1980 2450 potentiorum
2021 2411 2034 2448 3
2083 2412 2260 2452 quorum
2307 2398 2355 2440 in

1310 2452 1544 2497 servitutem
1579 2454 1709 2496 nostra
1745 2469 1818 2497 nos
1850 2453 2047 2506 cupiditas
2080 2454 2223 2497 tradit:
2270 2469 2359 2510 quae

1306 2522 1350 2554 ut
1383 2508 1610 2553 honoribus
1636 2543 1647 2563 ‚
1678 2512 1823 2556 ouibus
1847 2542 1860 2563 ,
1890 2510 1934 2554 δε
1966 2509 2125 2554 deliciis
2158 2511 2356 2567 potiatur,

1307 2582 1379 2610 nos
1422 2569 1636 2615 mancipat
1667 2569 1829 2612 arbitris
1866 2599 1879 2620 ,
1928 2581 2049 2623 atque
2094 2567 2356 2624 largitoribus

1308 2625 1476 2669 illorum
1503 2628 1519 2668 2
1552 2626 1664 2669 Cum
1700 2627 1822 2682 igitur
1852 2625 2048 2669 omnibus
2079 2624 2263 2681 expensis
2292 2625 2358 2668 ni·

1309 2681 1369 2726 hil
1412 2681 1763 2736 deprehendamus
1797 2683 1936 2725 nostrae
1967 2682 2097 2737 magis
2129 2681 2356 2727 convenire

1307 2751 1460 2782 naturae
1482 2770 1495 2790 ‚
1525 2754 1653 2794 quam
1688 2741 1886 2782 virtutes:
1922 2750 2030 2782 certe
2062 2738 2258 2798 nusquam
2285 2755 2358 2784 ve-

1307 2797 1390 2840 rius
1437 2794 1497 2847 jus
1547 2795 1732 2839 naturale
1763 2795 1946 2839 hominis
1979 2827 1993 2847 ‚
2035 2810 2157 2850 quam
2192 2796 2237 2839 in
2271 2795 2354 2851 ipsa

1310 2852 1517 2897 honestate
1551 2853 1831 2908 posuerimus,
1863 2866 1950 2908 quae
1982 2852 2137 2896 soboles
2154 2853 2210 2897 est
2230 2854 2356 2898 ratio-

1306 2911 1371 2955 nis
1399 2927 1409 2952 :
1445 2924 1611 2967 quaeque
1647 2909 1724 2953 suis
1756 2909 1963 2963 praeceptis
1996 2925 2080 2953 non
2103 2910 2232 2955 solum
2259 2925 2356 2967 prae-

1309 2967 1545 3012 stantiorem
1579 2968 1762 3011 hominis
1796 2982 1983 3010 naturam
2023 2999 2036 3020 ‚
2088 2983 2235 3024 nempe
2267 2969 2354 3013 ani-

1309 3041 1425 3070 mum
1459 3037 1594 3069 tuetur
1617 3040 1629 3076 ς
1665 3025 1721 3068 led
1745 3026 1868 3068 etiam
1893 3040 2037 3080 corpus
2057 3057 2070 3078 ,
2105 3027 2169 3071 cui
2192 3026 2358 3070 honesta

1305 3082 1476 3130 vivendi
1513 3097 1661 3130 norma
1697 3082 1927 3140 plurimum
1959 3082 2142 3129 confert.
2176 3080 2357 3130 Eadem-

2278 3154 2357 3198 que
