2524 3479
131 78 207 193 γε
523 117 648 172 DE
703 112 993 171 oRTU
1056 113 1183 168 ET

1250 114 1871 174 PROGR'ESSU

140 198 330 241 rotlieum
350 228 361 251 ,
381 194 703 246 Constaminos,
729 189 975 236 Anatolium
995 222 1006 241 ‚
1038 190 1178 233 Crati-
1195 203 1208 224 ¹
1229 207 1378 248 nempe
1423 193 1778 251 imperatoriarum
1825 195 1964 250 legum
2005 192 2233 251 appellavit
2255 225 2265 236 .

138 273 239 299 num
259 289 271 309 ,
298 254 554 310 Stephanum
572 286 583 306 ,
610 255 815 295 Mennam
841 282 851 303 ‚
884 248 1141 291 prosdocium
1161 281 1172 301 ‚

135 313 430 359 Eutholmium
446 344 456 364 ‚
471 310 767 361 Timotheum,
785 306 1023 359 Leonidcm,
1046 308 1178 349 Leon-

138 375 246 416 tium
265 405 277 427 ,
299 372 511 414 Platonem
533 401 543 419 ,
567 367 765 420 Jacobum
784 398 795 419 ,
830 366 1033 416 loannem
1053 397 1062 406 .

221 432 261 474 C
324 435 361 473 A
428 430 454 470 P
516 428 556 469 U
620 426 663 467 T
781 423 1088 467 CXXXViiI.

381 489 444 530 De
470 482 733 538 Bafilicorum
759 483 896 525 Libris
918 513 926 524 .

262 548 325 590 Oc
369 544 510 587 ordine
539 575 550 595 ,
607 541 713 585 hisce
755 539 988 584 aufioribus
1029 537 1178 582 consti-

292 616 425 646 tutum
465 600 540 643 suit
584 599 642 651 jus
689 598 811 642 civile
847 597 1144 650 justinianeum
1169 628 1180 649 ‚

144 663 206 707 sed
239 661 397 706 infelici
429 657 596 702 successu
623 690 631 699 .
667 658 838 700 Nomen
865 654 978 698 enim
1005 654 1048 696 in
1069 655 1179 696 Grae·

143 721 206 765 cia
246 721 548 775 Imperatorum
598 715 776 759 aliorum
810 712 1038 756 ambitione
1079 727 1090 765 3
1141 711 1182 753 in

147 777 272 820 Italia
314 792 408 819 vero
447 774 562 817 usum
609 805 621 827 ,
668 771 816 824 injuria
873 771 1136 813 barbarorum
1172 801 1183 822 ,

145 835 279 880 amisit
308 868 316 877 .
350 835 483 877 Erant
520 832 608 874 sane
641 830 722 882 jam
755 841 849 873 ante
883 827 1182 880 Jus‘tinianum,

143 910 194 937 ex
236 906 322 935 toto
358 905 556 934 terrarum
594 889 704 932 Orbe
736 919 748 941 ,
800 898 878 930 tres
928 885 1186 940 ampliffirnae

146 950 345 995 Civitatis
379 948 571 999 richetae,
606 947 671 988 ubi
705 943 1027 999 jurisprudentiae
1071 941 1181 984 scho-

149 1009 199 1052 lae
233 1008 456 1064 patebant,
502 1007 670 1057 Berytus
702 1004 789 1054 (a)
835 1016 983 1055 nempe
1018 999 1186 1044 Phoeni-

148 1067 220 1111 cia:
252 1063 501 1120 Metropolis
527 1095 538 1116 ‚
572 1059 955 1114 Constantinopolis
982 1090 993 1112 ,
1024 1059 1065 1102 ὃς
1102 1060 1183 1101 Ro-

142 1140 211 1167 ma
250 1141 257 1166 :
314 1120 540 1166 interdiClis
596 1119 743 1175 ubique
802 1117 988 1160 locorum
1043 1114 1188 1159 scholis

144 1182 237 1225 aliis
275 1198 282 1222 :
328 1180 514 1236 quodque
564 1176 765 1220 miremur
800 1175 841 1218 in
880 1187 994 1218 tanta
1037 1174 1188 1217 nostro-

148 1256 241 1283 rum
275 1251 512 1294 temporum
549 1235 667 1290 copia
716 1232 952 1276 docentium
987 1266 998 1286 ‚
1042 1232 1084 1275 &
1118 1232 1189 1274 ste-

150 1296 310 1341 rilitate
353 1295 546 1338 doffirinae
583 1309 592 1334 τ
637 1292 753 1335 binos
808 1303 971 1333 tantum
1022 1305 1188 1346 quaeque

151 1355 316 1399 Civitas
361 1352 532 1395 habebat
589 1361 852 1405 praeceptores
883 1381 891 1390 .
945 1349 1030 1399 (b)
1077 1349 1187 1389 Cum

147 1413 270 1469 igitur
308 1409 605 1462 Justinianeum
653 1406 710 1458 jus
757 1405 885 1448 tribus
936 1405 1040 1448 hisce
1087 1405 1188 1448 cele-

147 1470 336 1514 berrimis
370 1469 411 1510 in
443 1464 663 1522 gymnasiis
695 1464 951 1507 consederit:
1004 1462 1183 1506 receden-

124 1541 189 1575 ,te
224 1526 424 1582 paulatim
456 1524 525 1567 usu
562 1523 712 1577 linguae
756 1522 894 1564 latinae
919 1554 931 1575 ‚
975 1522 1056 1572 (e)
1091 1521 1192 1562 Pan-

151 1586 273 1630 dcetae
304 1585 345 1629 in
390 1585 577 1627 Graecam
617 1581 802 1635 linguam
856 1579 1060 1622 translatae
1107 1577 1191 1621 fue-

157 1657 255 1688 runt
311 1658 378 1698 per
420 1638 679 1682 Thalelzeum
722 1669 734 1688 ‚
787 1636 856 1692 qui
911 1637 964 1680 ob
1016 1635 1194 1679 scientiae

153 1701 426 1759 praestantiam
481 1697 611 1740 dinus
668 1695 745 1738 suit
803 1696 942 1749 legum
978 1693 1132 1737 ocellus
1182 1725 1192 1746 ,

154 1763 299 1811 νςμικῆς
332 1755 557 1808 ε’φθαλμὸς.
613 1751 846 1796 Conversus
889 1752 968 1795 fuit
1016 1752 1059 1795 δε
1110 1752 1195 1794 Co-

156 1815 258 1858 dex:
297 1811 580 1856 Institutiones
607 1827 701 1855 vero
725 1810 930 1853 translatae
964 1825 1031 1865 per
1053 1808 1175 1851 Theo

156 1872 318 1930 philum
350 1902 361 1923 ,
395 1868 524 1912 alium
550 1902 561 1924 ,
605 1882 648 1913 ut
680 1868 855 1912 arbitror
898 1868 948 1910 ab
979 1883 1026 1911 eo
1056 1899 1066 1919 ‚
1099 1868 1195 1918 (²⁶)

157 1930 227 1986 qui
273 1926 484 1970 condendo
531 1927 608 1979 juri
660 1942 826 1982 operam
867 1926 1034 1968 navavit
1077 1957 1088 1977 ,
1147 1939 1194 1966 ex

159 1987 336 2044 quum,
376 1985 419 2028 ἃ
462 2001 509 2028 ex
562 1985 843 2040 posterioribus
890 1986 1193 2038 Imperatorum

157 2042 513 2088 constitutionibus
558 2043 640 2098 post
674 2041 987 2094 Justinianum‚
1040 2039 1101 2091 jus
1150 2040 1190 2082 in

160 2102 334 2144 Oriente
372 2100 606 2144 reddebatur
631 2132 642 2153 ,
668 2100 789 2155 usque
812 2099 859 2142 ad
891 2114 1047 2142 annum
1070 2096 1195 2140 Chri-

159 2160 203 2202 iii
239 2158 594 2201 DCCCLXVII.
645 2173 793 2214 nempe
832 2157 958 2212 -usque
1001 2155 1049 2199 ad
1092 2154 1192 2197 Bari<

164 2217 270 2260 lium
316 2215 597 2259 Macedonem
638 2216 938 2270 Imperatorem
977 2231 986 2255 :
1039 2214 1109 2270 qui
1156 2224 1198 2255 ut

168 2272 384 2326 justiniani
423 2272 595 2315 nomine
627 2271 806 2327 depresso
829 2303 842 2326 ‚
889 2273 1003 2315 suum
1037 2269 1208 2314 attolle-.

161 2344 223 2375 ret
247 2363 260 2385 ,
293 2329 453 2373 exclusa
490 2329 645 2385 prorsus
683 2329 810 2374 latina
835 2361 848 2383 ‚
877 2328 921 2372 &
953 2328 1200 2380 Iustinianea

165 2389 263 2442 juris
285 2387 469 2432 editione
494 2418 506 2440 ‚
538 2403 695 2431 novum
735 2403 880 2442 corpus
911 2403 932 2430 e
954 2386 1092 2443 graecis
1126 2386 1201 2428 Di-

165 2447 367 2502 gestorum
403 2444 595 2499 Codicis,
628 2445 671 2488 &
695 2444 970 2489 Novellarum
1010 2443 1200 2489 versioni-

162 2507 235 2549 bus
268 2537 279 2557 ‚
312 2503 502 2559 idemque
535 2503 693 2546 brevius
733 2536 745 2556 ‚
789 2516 910 2559 atque
953 2501 1202 2547 contrafflius

163 2561 354 2614 extulit3
405 2560 676 2618 perduxitque
722 2561 842 2617 usque
881 2561 927 2603 ad
961 2560 1201 2617 quadragin-

163 2633 208 2663 ta
249 2619 377 2661 libros
419 2618 649 2662 absolutum
691 2619 820 2674 postea
855 2618 965 2661 libris
998 2620 1204 2675 sexaginta

165 2693 189 2720 a
225 2676 374 2720 Leonis
416 2675 539 2719 filio:
585 2677 654 2733 qui
696 2692 765 2720 eos
797 2676 919 2721 libros
961 2675 1166 2723 βασιλικῶν
1192 2707 1204 2730 ,

158 2807 295 2878 ’.ξ-α.)
342 2839 380 2867 L.
400 2845 431 2866 ι.
459 2837 535 2868 cod.
550 2837 588 2868 de
602 2845 733 2876 metrop.
753 2838 869 2872 Berm‘
889 2859 897 2868 .

212 2885 232 2923 (
246 2882 263 2914 b
278 2881 297 2920 )
346 2885 380 2913 C.
397 2878 521 2920 dessud
548 2880 674 2913 liberat.
697 2881 773 2913 vrb.
797 2884 886 2914 Rom.
903 2881 940 2914 δ’
957 2880 1122 2921 Constant.

213 2929 233 2968 (
250 2927 296 2966 c)
343 2927 434 2958 Suar.
463 2927 498 2957 in
513 2928 611 2959 norit.
640 2925 772 2967 Bafilic.
796 2925 908 2964 cuiae.
927 2925 992 2968 obs.
1018 2938 1043 2960 c.
1063 2937 1117 2965 31.
1147 2924 1205 2959 lib.

173 2983 222 3014 17.
250 2972 327 3004 (σε.
351 2981 394 3002 10.
425 2969 482 3002 lib.
501 2974 528 3001 6.
553 2972 630 3004 (σε.
647 2981 698 3009 33.
727 2970 784 3004 tib.
808 2981 856 3010 13.

216 3019 236 3058 (
249 3020 265 3036 ‘¹
280 3018 299 3056 )
349 3020 421 3049 imo
446 3015 586 3049 eundem
600 3039 608 3047 .
639 3017 770 3049 Etenim
787 3016 1006 3058 justinianum
1024 3015 1207 3059 principem

173 3062 255 3105 saepe
296 3063 325 3093 8(
365 3061 536 3093 dominum
568 3063 659 3094 suum
684 3067 808 3100 vocat,
837 3064 866 3094 8<
898 3061 1066 3094 Thalelaeo
1098 3060 1207 3093 lauda·

171 3118 248 3147 τω,
289 3107 343 3150 qui
383 3106 556 3147 Justiniani
597 3116 745 3149 tempore
773 3107 906 3140 floruit.
934 3110 962 3139 A
992 3106 1209 3140 Constantino

173 3163 283 3187 autem
330 3151 622 3193 Porphyrogeneta
665 3163 702 3183 ea
746 3152 913 3194 publicata
944 3151 1016 3184 sunt
1045 3151 1203 3189 Bafilica,

171 3198 293 3242 quibus
329 3195 426 3232 hodie
467 3197 613 3240 utimur,
656 3196 742 3240 quod
768 3198 878 3233 mimis
903 3196 1068 3242 perspicue
1092 3196 1207 3232 retulit

509 2805 867 2819 ———-·——.
874 2807 1205 2817 ————-

1230 251 1487 307 Eosdemque
1546 253 1587 296 in
1630 252 1757 297 aliam
1803 253 1983 297 formam
2027 252 2269 297 Constanti-

1232 323 1306 350 nus
1351 308 1710 374 Porphyrogeneta
1750 311 1928 356 mutavit
1968 342 1977 354 .
2033 313 2072 354 Is
2113 311 2226 355 enim
2252 341 2266 363 ‚

1235 365 1285 428 δι’
1333 364 1541 413 historicos
1596 369 1803 413 universos
1855 371 1897 413 in
1945 384 2073 413 unum
2124 383 2270 424 corpus

1237 436 1364 487 trium
1417 422 1600 470 locorum
1651 428 1942 471 communium
2004 426 2271 483 collegerat;

1237 481 1409 544 ideoque
1443 483 1576 527 noluit
1611 485 1868 541 diligentiam
1906 486 2015 529 suam
2058 484 2179 528 deesse
2213 483 2274 534 ju-

1236 538 1512 603 risprudentiae
1559 574 1570 595 ,
1626 560 1713 599 quur:
1766 543 1912 586 sociam
1971 542 2090 586 habet
2150 541 2272 585 histo-

1234 612 1335 661 riam
1357 628 1369 651 ‚
1392 597 1445 642 ἀ
1469 600 1707 648 adjutricem
1733 633 1741 642 .
1775 602 1992 656 Suppressis
2026 615 2163 644 autern
2203 600 2277 651 Ju-·

1235 655 1399 717 stimant
1445 655 1556 700 libris
1586 692 1597 712 ,
1643 658 1906 702 Basilicorum
1961 659 2178 701 auctoritas
2230 657 2276 698 in

1235 714 1409 758 Oriente
1453 715 1572 771 usque
1616 717 1663 759 ad
1708 716 1833 759 finem
1865 715 1999 759 Graeci
2057 714 2280 769 permansit

1237 771 1408 835 imperii
1436 805 1448 825 ‚
1497 789 1644 828 nempe
1688 774 1735 816 ad
1767 789 1923 816 annum
1959 771 2280 816 MCCCCLII.

1236 830 1471 886 interiitque
1506 831 1617 874 illius
1648 831 1736 874 usus
1771 847 1868 875 cum
1894 829 2281 875 ConstantinoPa-

1239 886 1439 951 lacologo,
1471 889 1539 944 qui
1575 905 1643 944 per
1673 890 1833 932 Turcas
1870 888 1947 933 fuit
1988 888 2168 942 Imperio
2196 886 2282 942 spo-

1237 944 1357 988 liatus
1397 977 1405 988 .
1459 948 1622 990 Interea
1655 962 1750 990 vero
1793 946 1890 990 dum
1922 946 2187 990 Basilicorum
2221 942 2286 986 vi-

1237 1003 1353 1057 gebat
1391 1003 1611 1047 auftoritas
1637 1035 1648 1057 ‚
1691 1004 1830 1048 omnis
1873 1004 1917 1047 in
1955 1005 2006 1048 iis
2038 1006 2283 1047 Craecorum

1239 1060 1629 1111 ¹iurisconsultorum
1674 1065 1776 1105 cura
1807 1062 2038 1105 versabatur
2077 1093 2089 1114 ‚
2133 1075 2285 1114 nempe

1237 1118 1521 1172 Balsamonis,
1553 1118 1750 1173 Stephani
1783 1150 1794 1172 ‚
1828 1119 2004 1173 Nicaei,
2037 1117 2242 1171 Thalelaei
2270 1148 2284 1169 ,

1241 1176 1444 1219 Eustachii
1479 1209 1490 1230 ‚
1538 1189 1659 1232 atque
1706 1175 1925 1230 aliorum,
1975 1191 2149 1233 quorum
2196 1173 2290 1218 reli-

1241 1234 1355 1289 quias
1383 1234 1671 1278 conservamus
1699 1251 1708 1276 τ
1749 1233 1817 1277 (υἱ
1856 1233 1920 1278 vel
1952 1232 2155 1289 paratitlis
2192 1247 2292 1277 con-

1245 1291 1432 1334 ficiendis
1469 1324 1480 1342 ,
1524 1291 1843 1348 colligendisque
1886 1292 2139 1347 argumentis
2191 1291 2293 1335 titu-

1245 1349 1379 1392 lorum
1412 1381 1423 1401 ‚
1467 1350 1510 1392 &
1558 1349 1695 1406 legum
1744 1349 1979 1393 uberiorum
2015 1382 2027 1401 ,
2061 1350 2184 1405 iisque
2218 1363 2293 1402 pro

1247 1407 1307 1449 sua
1355 1407 1449 1451 serie
1493 1406 1785 1463 distinguendis
1823 1423 1834 1460 3
1893 1407 1957 1451 vel
2000 1405 2289 1450 concinnanda

1243 1465 1422 1516 epitome
1481 1480 1615 1508 rerum
1671 1464 1902 1518 omnium3
1962 1465 2026 1509 vel
2078 1462 2287 1508 sententiis

1243 1522 1497 1575 dilatandis3
1553 1521 1613 1566 vel
1673 1521 1868 1565 similibus
1903 1554 1915 1576 ‚
1957 1538 2004 1566 ac
2034 1520 2290 1567 dissimilibus

1243 1580 1486 1635 colligendis
1517 1597 1528 1633 3
1561 1579 1625 1623 vel
1659 1579 1967 1637 interponendis
2011 1580 2053 1623 in
2087 1589 2290 1623 contextu

1249 1639 1434 1681 brevibus
1472 1636 1924 1693 interpretatiunculis,
1963 1652 2032 1682 aut
2068 1637 2210 1681 iisdem
2242 1634 2291 1678 ad

1246 1695 1477 1752 marginem
1534 1695 1763 1739 attexendis
1824 1709 2060 1740 vacarunt.
2107 1697 2293 1750 Quamo-

1246 1755 1356 1797 brem
1392 1753 1523 1809 plures
1571 1753 1667 1806 juris
1705 1752 1997 1810 collectiones,
2027 1754 2072 1798 δε
2101 1753 2293 1809 epitomae

1247 1811 1394 1866 partim
1441 1811 1620 1867 ipsorum
1660 1813 1967 1865 Imperatorum
2014 1810 2112 1863 jussu
2141 1843 2153 1864 ‚
2201 1824 2293 1864 par-

1247 1870 1321 1912 tim
1377 1869 1537 1925 privato
1595 1869 1731 1912 labore
1763 1900 1777 1922 ‚
1831 1869 2079 1924 consilioque
2134 1865 2292 1923 prodie-

1249 1940 1381 1971 runt:
1427 1942 1525 1983 quas
1562 1925 1700 1983 paucis
1742 1925 2047 1971 indicabimus:
2102 1940 2152 1969 ne
2196 1939 2294 1968 cum

1249 1985 1380 2027 varios
1414 1985 1556 2028 titulos
1595 1983 1809 2040 praeferant
1840 2017 1852 2038 ,
1897 1983 2072 2028 studiosis
2111 1997 2295 2040 errorem

1246 2042 1468 2094 objiciant.
1501 2043 1600 2094 (d)
1640 2045 1702 2087 Ac
1737 2042 1871 2097 primo
1905 2040 2208 2097 distinguendus
2238 2038 2293 2082 est

1247 2101 1388 2143 Codex
1432 2099 1511 2155 ipse
1547 2098 1737 2143 Basilicus
1763 2132 1774 2153 ,
1819 2100 1896 2143 sive
1941 2098 2163 2144 Prochiron
2205 2113 2294 2141 ma-

1248 2173 1376 2214 gnum
1423 2158 1586 2212 aparvis
1617 2189 1630 2211 ,
1661 2157 1769 2214 quod
1800 2157 1985 2209 πρὸχειρον
2015 2156 2156 2208 νομικὸν
2187 2187 2199 2207 ‚
2244 2154 2294 2197 fi-

1249 2231 1296 2259 ve
1329 2214 1633 2272 promtuarium
1662 2215 1760 2267 juris
1789 2247 1801 2268 ‚
1834 2214 1877 2256 &
1896 2212 2028 2264 ἐκλογὴ
2055 2227 2130 2252 των
2160 2225 2292 2264 uniam,

1251 2273 1330 2316 hoc
1371 2273 1425 2316 est
1457 2272 1594 2328 legum
1638 2272 1797 2316 seieffio
1847 2269 2075 2325 appellatur
2107 2283 2119 2320 3
2152 2277 2292 2322 utpote

1249 2329 1499 2386 compositus
1548 2345 1597 2373 ex
1632 2328 1902 2372 usitatioribus
1946 2324 2293 2378 Justinianeorum

1252 2388 1451 2431 librorum
1486 2386 1677 2443 legibus:
1722 2400 1846 2442 quem
1890 2384 2074 2427 codicem
2107 2380 2291 2425 diximus

1251 2446 1459 2490 au&orern
1492 2443 1668 2488 habuisse
1704 2442 1938 2495 Basilium3
1984 2441 2293 2484 incrementum

1251 2503 1443 2562 accepisse
1475 2520 1498 2546 a
1538 2504 1675 2546 Leone
1707 2535 1719 2557 ,
1762 2500 1940 2544 formam
1975 2515 2069 2542 vero
2099 2497 2293 2542 emenda-

1253 2563 1402 2607 tiorem
1428 2593 1441 2613 ‚
1474 2572 1594 2617 atque
1620 2575 1774 2607 novam
1797 2575 1819 2602 a
1849 2557 2095 2600 Costantino
2116 2587 2125 2598 .
2161 2555 2299 2600 Idem-

1254 2636 1330 2677 que
1374 2618 1502 2662 diRus
1533 2617 1614 2662 fuit
1659 2618 1703 2658 ‘rti
1733 2628 1883 2658 ’πλωτος
1913 2616 1988 2654 «τῶν
2020 2613 2134 2666 νόμων
2175 2612 2215 2654 8(
2247 2611 2294 2651 iro*

1254 2675 1399 2718 πλοισι-ὸς
1437 2708 1446 2718 .
1479 2676 1566 2720 Post
1598 2674 1711 2719 hunc
1757 2672 1882 2717 iidem
1917 2665 2296 2769 Imperatoresstin-

2216 2739 2295 2769 itu-

1826 2784 1950 2815 .—·
2175 2805 2187 2811 —
2195 2797 2302 2810 C*

1255 2837 1427 2870 Gravina.
1464 2835 1639 2869 Distinstio
1674 2835 1838 2868 librorum
1878 2829 2167 2873 jurisprudentiae.
2191 2839 2293 2873 quam

1253 2882 1406 2925 deinceps
1441 2881 1629 2924 suppeditat
1644 2901 1657 2919 ,
1693 2889 1759 2922 quo
1783 2875 1979 2910 succinctior
2015 2887 2054 2909 eo
2079 2876 2204 2920 gratior
2228 2874 2294 2908 erit

1256 2927 1344 2970 Juris
1380 2926 1548 2960 studiosis.
1591 2929 1630 2960 ln
1655 2924 1774 2958 horum
1799 2932 1939 2956 numero
1965 2921 2099 2955 Basilica
2124 2920 2294 2964 praecipuae

1254 2973 1351 3012 sunt,
1384 2971 1424 3005 ad
1449 2982 1521 3016 quae
1544 2970 1714 3005 decurrere
1745 2968 1911 3005 solemus,
1937 2967 2066 3009 quoties
2094 2967 2151 3001 lux
2181 2965 2293 2999 deficit

1256 3017 1392 3051 lestioni
1416 3017 1528 3051 latinae
1543 3037 1552 3055 ‚
1596 3017 1626 3049 δι
1651 3024 1694 3048 ex
1720 3014 1839 3058 quibus
1864 3012 2035 3055 complura
2062 3011 2143 3051 juris
2171 3016 2295 3051 Roma-

1256 3064 1288 3096 n'i
1314 3063 1423 3105 capita
1449 3062 1590 3095 restituit
1612 3058 1766 3097 cujacius
1781 3082 1790 3091 .

1298 3108 1386 3150 (d)
1435 3106 1604 3140 Prodrom.
1645 3105 1760 3148 Justin.
1787 3111 1867 3147 p.3.
1916 3105 1944 3147 §.
1966 3113 1995 3143 5.
2032 3101 2112 3147 [ιθ.
2145 3115 2175 3137 2.
2206 3101 2293 3140 (⁴73.

1255 3165 1327 3190 cum
1350 3151 1536 3190 auctioribus
1560 3151 1611 3187 m
1633 3148 1803 3187 addianis.
