2596 3479
203 109 310 165 170

192 173 374 214 violatur
393 200 406 221 ‚
437 165 484 211 de
511 182 589 223 qua
616 166 774 223 plenius
801 165 906 209 libro
933 159 1113 218 sequenti
1131 192 1141 203 .
1173 162 1240 213 (a)

196 232 305 284 Lege
335 239 475 271 autem
505 227 611 270 XII.
643 224 769 267 tabul.
802 223 885 266 haec
919 219 1119 276 praecipue
1150 233 1239 273 per-

194 285 420 331 duellionis
452 285 584 342 capita
604 280 1031 338 comprehenduntur:
1066 276 1242 319 alterum

199 359 348 400 nempe
383 342 494 386 illius
516 374 527 396 ,
558 342 626 397 qiii
660 339 816 383 hostem
850 334 1087 380 concitasset
1110 366 1122 389 ,
1152 333 1243 387 (b)

198 402 279 447 five
311 415 355 445 ut
386 417 465 457 ego
497 400 770 454 interpretor,
805 395 874 452 qui
907 393 1092 451 aliquem
1123 406 1172 435 eit
1199 406 1239 433 a·

201 460 314 503 mico
370 458 513 514 Populi
559 455 740 500 Romani
792 452 947 497 hostem
996 449 1090 495 dolo
1138 451 1155 500 (
1181 450 1240 499 ¹⁴)

198 516 446 572 consilioque
480 515 545 558 suo
579 511 825 564 reddidisset3
857 510 902 554 δε
924 509 1031 554 clam
1052 522 1237 551 commo-

198 575 313 618 viffet
335 606 348 628 ,
382 571 623 617 sollicitasset
644 603 656 624 ‚
691 568 898 625 subegisset
924 599 936 619 ‚
979 579 1022 609 ut
1056 563 1238 608 adversus

198 631 464 686 Rempublic.
499 630 533 673 se
565 639 821 684 compararet
857 659 866 669 .
913 626 969 668 Et
1002 636 1237 679 quanquam

198 690 232 734 is
263 689 389 732 etiam
415 718 426 738 ,
469 688 538 742 qui
572 699 712 729 contra
746 682 1067 740 prohibitionem
1102 681 1236 732 Impe-

196 746 345 791 ratoris
376 760 470 789 cum
505 743 613 787 hoste
646 741 853 799 pugnasset
878 772 890 794 ‚
939 739 1045 782 idem
1078 737 1237 780 crimen

199 805 428 848 incurreret
451 818 463 856 3
485 814 624 844 tamen
646 799 893 844 atrociorem
915 796 1068 839 sensum
1084 825 1097 848 ,
1114 808 1236 848 quern

200 863 315 918 supra
347 860 606 915 exposuimus
631 890 643 910 ‚
677 857 740 901 lex
774 854 1024 917 nominatim
1054 849 1238 915 comple-

199 936 251 963 xa
283 919 445 962 videtur
477 950 483 956 .
537 917 736 960 Alterum
769 929 866 957 vero
898 925 1085 955 criminis
1117 920 1238 962 caput

197 977 254 1020 est
289 976 424 1023 illius,
458 974 525 1030 qui
559 974 691 1017 civem
727 971 769 1014 in
801 970 977 1013 hostium
1001 966 1236 1022 potestatem

198 1033 447 1077 tradidisset.
481 1033 581 1085 Quae
613 1028 756 1072 scelera
787 1026 920 1082 capite
942 1024 1235 1082 plec‘tebantur.

197 1090 420 1134 Perduellis
452 1087 769 1131 autern-dicitur
799 1084 922 1127 hostis
951 1116 962 1137 ‚
1013 1086 1098 1135 (c)
1141 1081 1238 1137 quia

194 1160 351 1192 veteres
376 1161 447 1201 pro
473 1146 568 1187 bello
596 1145 771 1187 duellum
798 1141 1078 1186 enunciabant
1099 1171 1108 1182 .
1142 1142 1234 1181 Un-

196 1206 242 1249 de
269 1203 486 1259 perduellis
517 1204 566 1245 ab
598 1201 790 1255 Ulpiano
822 1198 1016 1242 definitur
1036 1231 1048 1250 ‚
1080 1197 1148 1249 (d)
1167 1213 1237 1254 qus

198 1261 368 1317 hostilem
398 1261 577 1304 animum
605 1257 798 1312 adversus
829 1257 1136 1311 Rempuhliczm
1167 1267 1238 1296 aut

188 1322 414 1376 principem
443 1318 544 1374 gerit
579 1347 589 1355 .
635 1320 717 1360 Lex
762 1327 902 1358 autem
933 1311 1238 1362 Decemviralis

193 1379 282 1421 haec
314 1376 469 1420 fortasse
503 1374 614 1418 fuit:

275 1464 329 1520 Si
383 1465 494 1536 quis
537 1457 854 1536 perduellem
899 1459 1175 1513 concitassit
1221 1498 1237 1526 ,

199 1544 474 1614 civemque
517 1540 762 1614 perduelli
802 1537 1057 1592 transduit
1084 1576 1100 1606 ,
1153 1556 1234 1590 ca-

199 1619 326 1694 pital
371 1620 505 1673 esto.

280 1693 610 1765 Transduit)
655 1730 726 1770 pro
770 1714 981 1757 tradiderit
1015 1730 1029 1754 .-

199 1774 314 1818 enim
344 1775 434 1816 duit
464 1773 653 1816 dicebant
686 1788 758 1824 pro
788 1774 854 1814 det
875 1804 884 1814 .

374 1832 414 1874 C
475 1833 513 1873 A
576 1829 605 1871 P
665 1831 707 1871 U
770 1830 813 1871 T
925 1828 1063 1872 LXII.

289 1890 357 1934 De
390 1887 614 1931 Parricidio
640 1918 652 1939 ,
677 1885 764 1938 five
796 1887 985 1928 Hominis
1016 1884 1154 1936 Caede,

568 1944 623 1986 (J
654 1942 857 1997 Veneficiis
877 1976 885 1985 .

298 2005 500 2058 Ergamus
532 2016 640 2044 nunc
673 2000 753 2051 jam
785 2000 832 2042 ad
864 2014 932 2042 eos
957 2031 968 2052 ‚
1002 1997 1068 2054 qui
1103 1996 1236 2039 homi-

319 2076 414 2103 nem
447 2059 548 2102 caede
584 2058 822 2100 sustulerunt
856 2073 865 2098 :
908 2071 1084 2112 quorum
1119 2068 1240 2108 poena

201 2117 230 2161 si
276 2117 496 2172 susceptum
529 2114 698 2159 consilio
729 2113 886 2156 facinus
917 2113 1010 2156 esset
1043 2112 1146 2166 apud
1181 2114 1236 2154 A·

201 2175 430 2217 thenienses
460 2173 570 2227 ,“ad
604 2172 800 2215 ultimum
832 2170 1121 2213 extendebatur
1153 2169 1239 2222 sup-

203 2231 401 2285 plicium,
434 2229 538 2285 quod
572 2228 804 2271 voluntario
824 2227 953 2271 exilio
975 2259 987 2280 ,
1020 2240 1241 2281 antequam

202 2287 317 2339 judex
357 2285 643 2342 pronunciaret
666 2316 675 2330 ,
717 2285 890 2340 effugere
923 2284 1071 2326 licebat
1107 2315 1118 2333 ‚
1161 2284 1242 2334 (e)

204 2359 251 2388 ut
294 2345 585 2399 interpretatur
615 2342 778 2385 Samuel
814 2341 962 2385 Petitus
1000 2373 1011 2392 ‚
1060 2339 1153 2396 quia
1187 2340 1240 2382 rei

203 2402 286 2458 post
331 2402 506 2456 primam
550 2400 778 2443 orationem
821 2399 924 2454 apud
969 2396 1242 2453 Areopagitas

205 2471 393 2514 poterant
424 2457 549 2501 exilio
583 2457 616 2500 se
651 2457 861 2500 subducere
884 2488 896 2509 ,
929 2455 1033 2511 quod
1064 2454 1241 2497 exilium

203 2517 426 2572 publicatio
459 2516 661 2558 bonorum
687 2515 1028 2570 consequebatur.
1061 2510 1136 2565 [f]
1161 2512 1243 2555 Ve-

1086 1723 1175 1756 Vete
1182 1727 1238 1755 rCS

206 2644 317 2655 .-

439 2647 538 2656 -ιι
547 2646 667 2656 ..—.
674 2643 1134 2656 ——,—————-—-

252 2693 303 2734 [ά]
329 2696 395 2742 Cic.
413 2703 467 2738 pro
486 2695 598 2728 Rabir.
615 2695 653 2728 (9·
667 2696 701 2728 in
733 2700 813 2729 Verr.
833 2707 865 2735 3.
889 2698 927 2730 Θ·
956 2708 1018 2731 tot.
1034 2699 1089 2731 tit.
1106 2697 1146 2742 ff.
1162 2698 1205 2731 ad
1219 2700 1243 2731 Ι,

198 2740 275 2781 Jul.
294 2738 413 2778 majest.

419 2809 424 2815 .
450 2783 488 2827 ff.
508 2785 550 2816 ad
566 2787 677 2824 l-Jul.
694 2783 815 2823 majest.

255 2829 302 2869 [⁸]
331 2833 412 2861 Puta
428 2854 436 2865 ,
464 2837 499 2861 ut
533 2840 573 2861 ex
589 2830 698 2861 amico
723 2830 821 2863 hostis
837 2851 848 2871 ‚
876 2831 981 2864 velex
1000 2830 1087 2864 hoste
1116 2830 1245 2865 infenso

206 2874 361 2906 intensior
391 2875 486 2907 fieret
503 2898 510 2905 .

259 2918 304 2959 [c]
332 2922 359 2952 L
386 2931 461 2962 quos
492 2931 547 2951 nen
567 2917 662 2958 basset
687 2929 762 2957 234·
786 2917 826 2962 ff.
843 2920 879 2952 de
909 2922 941 2951 V.
957 2921 997 2953 S.

256 2965 296 3004 (d
339 2967 366 2996 L
392 2968 451 2996 ult.
468 2963 504 3007 ff.
521 2965 689 3004 ad1.Ju1.
706 2962 826 3004 majest.

256 3011 324 3050 [¹¹⁸]
354 3009 557 3041 Sententiam
582 3008 661 3051 legis
686 3009 819 3041 exhibet
845 3008 1034 3042 Marcianus
1059 3010 1091 3043 in
1110 3014 1137 3043 L
1153 3021 1182 3050 3.
1200 3012 1245 3042 D·

207 3054 250 3090 ld
275 3058 300 3087 L
323 3056 398 3094 sul>
418 3055 501 3092 Maj.

253 3102 306 3137 (e)
333 3099 474 3132 Demost.
491 3101 523 3131 in
544 3100 721 3139 mistiam,
750 3098 789 3130 (9¹
819 3097 851 3131 ἐν

213 3155 266 3177 785
282 3168 289 3174 .

256 3189 340 3232 [s]
368 3188 496 3225 Samuel
524 3191 622 3226 Petit.
649 3190 692 3226 ad
711 3191 773 3232 leg.
794 3189 1218 3235 Anic.1.7.n·c.3.p.508.

874 3101 921 3132 τίἰ
944 3099 1038 3132 mne*
1063 3098 1248 3145 Α’ρισοχρα-

619 91 721 144 DE
767 90 958 164 JURE
999 83 1415 140 NATURALI
1442 126 1459 156 ,
1501 87 1883 146 GENTIUM
1908 128 1926 160 ‚

1291 177 1382 227 rum
1415 162 1442 205 si
1477 163 1546 227 qui
1581 164 1655 209 hac
1687 181 1735 210 ex
1769 167 1884 211 causa
1907 165 2037 213 solum
2058 170 2263 225 vertiffet,
2283 170 2330 215 in

1293 222 1441 264 Atticae
1472 221 1621 286 finibus
1639 223 2036 279 deprehenderetur,
2069 227 2239 281 impune
2262 245 2335 284 po-

1291 287 1395 319 terat
1426 280 1555 321 occidi
1587 310 1600 332 ‚
1648 294 1717 325 aut
1749 282 2056 338 Magistratibus
2087 287 2188 330 tradi
2220 286 2336 330 mul·-

1291 333 1434 376 tandus
1463 366 1473 398 5
1523 337 1644 389 Quod
1688 339 1731 381 in
1765 339 1850 382 suas
1881 355 2040 396 quoque
2076 341 2181 400 leges
2213 343 2331 387 Plato

1291 390 1493 434 transtulit
1511 424 1524 446 ,
1556 395 1619 450 (g)
1644 394 1684 436 &
1711 395 1891 451 pluribus
1919 399 2207 444 Demosthenis
2235 400 2334 444 locis

1289 449 1607 514 com-probatur:
1641 468 1741 508 quos
1768 453 1878 498 locos
1910 454 2048 498 frustra
2082 457 2156 501 suis
2189 455 2332 509 conje-

1286 504 1409 569 &turis
1440 507 1599 550 tuendis
1631 523 1751 553 vexat
1782 511 1998 556 Salmasius
2017 514 2187 569 optimis
2209 514 2335 557 ratio-

1289 564 1406 605 nibus
1435 564 1485 627 ab
1517 565 1697 610 Heraldo
1729 567 1793 622 [k]
1827 569 2085 624 redargutus.
2118 575 2174 615 At
2209 571 2235 614 si
2268 586 2337 615 ca-

1290 620 1327 662 su
1362 620 1578 685 homi-nem
1611 623 1702 679 quis
1735 625 2004 670 interemisset
2026 659 2037 678 ‚
2070 644 2231 672 annum
2264 643 2336 670 ex‘·

1289 690 1348 719 tra
1381 691 1554 743 patri-am
1585 681 1749 726 exulare
1770 714 1782 735 ‚
1821 682 1977 737 legibus
2009 682 2248 734 jubebatur.
2279 685 2336 736 (i)

1289 735 1393 798 Non
1433 738 1586 780 minori
1634 754 1728 781 vero
1773 753 1894 793 poena
1928 739 2204 784 homicidium
2237 741 2333 784 dolo

1287 792 1501 836 admissum
1546 794 1797 839 ulciscuntur
1830 797 1938 851 leges
1969 795 2280 842 Decemvirales
2313 826 2327 850 ,

1289 849 1449 914 veslex
1486 853 1613 906 Regia
1648 884 1660 904 ‚
1713 868 1859 907 nempe
1892 854 2046 897 Numae
2071 887 2083 909 ,
2129 866 2173 898 ut
2205 852 2334 909 aliqui

1288 910 1533 951 arbitrantur
1552 925 1573 952 a
1604 910 1858 954 Decemviris
1893 910 1935 953 in
1962 914 2065 954 XII.
2087 911 2216 955 tabul.
2249 922 2337 953 tra·-

1287 965 1426 1009 duehz
1459 981 1547 1021 quae
1572 966 1698 1019 prisca
1733 967 1940 1011 locutione
1973 967 2227 1013 homicidam
2257 983 2340 1010 no-

1289 1035 1346 1064 tat
1372 1024 1575 1076 parricida·
1607 1024 1807 1067 vocabulo
1837 1055 1849 1078 ‚
1893 1026 1999 1081 quod
2036 1026 2139 1081 apud
2178 1037 2335 1073 veteres

1288 1079 1495 1135 quodlibet
1527 1080 1799 1124 homicidium
1831 1083 2206 1138 complee’oebatur:
2243 1083 2339 1134 (k)

1289 1153 1417 1200 neque
1441 1138 1544 1192 apud
1579 1153 1646 1182 eos
1695 1138 1915 1182 discrimen
1950 1139 2082 1184 ullum
2118 1139 2336 1183 invenitur

1290 1208 1400 1238 inter
1427 1196 1575 1250 capital
1610 1194 1683 1252 esto
1702 1228 1713 1248 ,
1766 1195 1822 1239 &⁶
1851 1198 1981 1251 pari-ic
2001 1199 2053 1240 da
2079 1196 2152 1253 esto
2188 1229 2201 1251 ,
2247 1210 2338 1252 quae

1291 1252 1466 1295 clausula
1503 1255 1634 1307 poenis
1668 1255 1862 1297 omnibus
1897 1256 2139 1300 capitalibus
2178 1265 2338 1298 attexe-

1290 1312 1404 1352 batur
1428 1341 1440 1362 ‚
1477 1323 1519 1353 ut
1540 1312 1690 1354 Cicero
1713 1314 1766 1362 (l)
1788 1311 1885 1355 fecit
1907 1330 1916 1353 z
1949 1314 2145 1356 Sacrum:
2181 1308 2334 1366 inquit,

1287 1366 1447 1419 sacrove
1475 1370 1784 1411 commendatum
1815 1371 1887 1424 qui
1906 1370 2083 1425 clepserit
2101 1402 2111 1420 ‚
2144 1366 2333 1423 rapfitve,

1285 1425 1487 1479 parricida
1516 1424 1588 1479 esto
1613 1456 1622 1467 .
1658 1428 1719 1468 De
1753 1427 1827 1468 illo
1853 1442 1975 1479 vero,
2008 1428 2073 1481 qui
2102 1426 2334 1468 hominem:

1290 1483 1521 1534 imprudens
1568 1482 1770 1526 occidisset
1807 1515 1819 1535 ,
1870 1484 1952 1526 haec
1996 1501 2018 1527 a
2055 1483 2260 1538 Scaligero
2313 1494 2336 1523 e

1288 1538 1452 1587 beliedis
1474 1541 1679 1582 Servianis
1711 1540 1946 1583 adferuntur
1978 1542 2025 1583 ad
2054 1540 2162 1582 hanc
2190 1539 2329 1593 legem

1291 1609 1332 1639 ut
1365 1597 1515 1640 scilicet
1549 1597 1699 1639 caedem
1729 1599 1864 1650 expiet
1900 1599 1940 1639 in
1962 1598 2166 1640 concione
2198 1597 2324 1638 ariete

1289 1654 1384 1696 caeso
1419 1685 1428 1696 .
1463 1654 1583 1707 Quod
1615 1669 1708 1697 cum
1744 1655 1792 1696 ad
1827 1655 1933 1698 hanc
1962 1654 2094 1710 legem
2129 1652 2334 1708 pertinere

1291 1726 1373 1753 non
1406 1711 1590 1762 constet,
1624 1709 1823 1766 longioris
1868 1727 1991 1754 morae
2031 1710 2134 1754 mihi
2172 1709 2336 1753 causam

1291 1773 1372 1809 n'on
1409 1768 1597 1821 praebebit
1623 1798 1632 1809 .
1672 1770 1688 1818 (
1715 1784 1752 1808 m
1780 1770 1796 1818 )
1844 1768 2008 1811 Paribus
2039 1770 2168 1811 etiam
2214 1763 2336 1815 subji-

1290 1824 1395 1867 citur
1428 1824 1560 1879 poenis
1590 1854 1603 1874 ‚
1646 1825 1716 1879 qui
1751 1825 1967 1868 hominem
2023 1839 2184 1868 veneno
2216 1822 2338 1864 sustu-

1293 1882 1340 1924 lit
1371 1898 1380 1923 :
1414 1881 1651 1937 quinimmo
1694 1897 1743 1924 eo
1778 1882 1942 1937 gravius
1986 1881 2054 1925 hic
2086 1879 2291 1934 delinquit
2325 1908 2339 1931 ,

1291 1938 1397 1994 quod
1436 1937 1586 1980 latendi
1620 1936 1814 1982 facilitate
1857 1940 1972 1993 possit
2005 1938 2240 1993 delinquere
2284 1933 2335 1978 li-

1292 1996 1457 2048 berius;
1502 1992 1706 2049 majusque
1763 1995 1989 2052 periculum
2045 1995 2095 2038 ab
2139 1991 2330 2044 insidiis,

1290 2068 1412 2108 quam
1455 2069 1477 2095 a
1510 2052 1550 2095 vi
1595 2051 1833 2096 hominibus
1875 2066 2036 2096 creatur
2070 2084 2079 2094 .
2137 2051 2193 2094 Et
2236 2047 2335 2104 quia

1292 2124 1544 2154 venenorum
1587 2110 1841 2165 'propinator
1896 2111 1990 2164 saepe
2036 2108 2178 2152 miscet
2229 2104 2333 2148 huic

1294 2167 1497 2210 maleficio
1548 2167 1725 2221 magicas
1754 2181 1859 2210 artes
1895 2199 1908 2220 ‚
1957 2174 2056 2223 qnas
2087 2164 2332 2220 profitentur

1294 2225 1595 2280 praesligiatores
1620 2256 1633 2277 ,
1677 2226 1720 2268 ἃ
1754 2224 1945 2268 mulieres
1992 2239 2047 2266 eae
2076 2253 2089 2273 ‚
2131 2235 2230 2276 quas
2274 2219 2333 2262 sa-

1292 2297 1360 2337 gas
1391 2281 1649 2336 appellabant
1676 2297 1685 2322 :
1732 2283 1834 2333 (n)
1879 2295 2052 2336 quorum
2085 2275 2335 2321 incantatio·

1293 2355 1361 2382 nes
1425 2339 1468 2382 δε
1519 2338 1703 2381 carmina
1747 2338 1787 2380 vi
1834 2339 2082 2379 Daemonum
2127 2346 2282 2376 armata
2315 2362 2331 2386 ,

1293 2410 1452 2454 mentes
1497 2410 1745 2451 corporaque
1786 2394 2010 2437 hominum
2056 2391 2279 2434 labefacere
2315 2419 2331 2442 ‚

1291 2453 1499 2510 frugesque
1553 2454 1602 2495 ab
1656 2468 1754 2508 agro
1795 2452 2003 2494 traducere
2044 2463 2199 2492 veteres
2242 2447 2334 2492 exi·-

1293 2512 1508 2555 stimabant
1533 2525 1545 2563 3
1588 2511 1671 2562 (ο)
1702 2509 1800 2554 adeo
1831 2521 1875 2552 ut
1907 2506 2032 2560 cajus
2057 2505 2226 2557 Furius,
2256 2504 2330 2561 qui

2187 2576 2334 2619 agrum

1300 2639 1675 2651 ——-·--—-...-
1788 2632 2334 2650 --—.-.-——.—---—-=

1337 2694 1398 2736 (g)
1423 2692 1495 2726 Lib.
1515 2704 1543 2734 9⁴
1571 2694 1609 2726 de
1635 2695 1700 2736 leg.
1725 2692 1784 2725 ubi
1810 2693 1848 2726 a:
1874 2691 2022 2725 homicid.
2054 2691 2183 2721 volum.
2222 2685 2329 2728 loqui-

1295 2749 1348 2772 tur
1363 2760 1373 2769 .

1339 2779 1385 2818 (bl
1412 2784 1454 2814 In
1480 2781 1694 2822 animadvers?
1711 2782 1837 2821 advers:
1854 2778 1989 2813 Salmas.
2015 2776 2058 2809 ad
2082 2775 2134 2815 ius
2153 2775 2258 2809 Anie.
2289 2773 2329 2807 &⁸

1298 2831 1388 2860 Rom.
1410 2825 1501 2865 lib.4,
1524 2828 1616 2862 εἰμι.

1341 2872 1384 2912 [ι’]
1417 2872 1518 2904 Petit.
1543 2873 1584 2900 nd
1608 2872 1669 2911 leg.
1689 2869 1794 2901 Amic.
1813 2869 1832 2900 t,
1850 2879 1882 2908 7.
1913 2867 2005 2898 rim.
2025 2871 2046 2906 ρ
2064 2874 2135 2903 5¹2·
2154 2861 2327 2898 Scholiast-

1296 2916 1441 2959 Euripid.
1470 2917 1504 2948 in
1533 2917 1633 2954 Hipp.
1676 2917 1808 2946 Tzezes
1831 2913 1874 2944 ad
1901 2913 2087 2954 Lycophron.
2122 2909 2328 2951 Hesychius·

1297 2961 1457 2996 Demosth-
1485 2959 1518 2995 ἐν
1540 2973 1583 2992 τω
1609 2957 1680 2992 ziz-r*
1703 2954 1943 2997 Α’ρισοκροίτυς.
2126 2964 2128 2966 ’

1344 3008 1397 3048 [k]
1426 3007 1532 3038 Festus
1558 3003 1652 3036 verbo
1677 3001 1830 3035 Parricid.

1345 3053 1388 3093 [l]
1418 3050 1488 3083 Lib.
1507 3061 1537 3082 2.
1563 3049 1600 3085 de
1626 3051 1686 3091 leg·
1703 3047 1819 3086 Scalig.
1837 3047 1879 3078 ad
1893 3047 1973 3081 fest.
1990 3041 2088 3077 verbo
2114 3046 2231 3084 partie.

1343 3097 1414 3137 (m)
1441 3097 1517 3128 Vide
1544 3094 1651 3126 Rosin.
1668 3094 1711 3124 ad
1724 3095 1787 3134 leg.
1808 3095 1887 3136 Reg.
1915 3095 1951 3127 in
1964 3093 2032 3136 loge
2049 3091 2192 3125 Num.

1345 3142 1398 3183 [η]
1427 3141 1507 3173 vnn.
1524 3142 1546 3173 1.
1567 3142 1618 3171 ιε.
1647 3149 1704 3171 ιι.

1327 3189 1386 3228 (⁰)
1410 3185 1541 3222 Tibull.
1570 3186 1595 3218 l.
1619 3194 1650 3217 i.
1674 3185 1757 3228 eleg.
1779 3185 1812 3216 8.
