2524 3479
179 157 291 195 x1v
799 141 1694 212 J.V.‘GRAVINAE

167 230 363 262 certamen
403 214 545 279 gloriae
591 216 874 276 provocaverit
894 249 904 261 .
959 220 1162 276 ‚Quaena'm
1213 213 1269 271 est
1321 232 1458 263 autem
1505 236 1572 264 ars
1592 255 1604 274 ‚
1653 231 1823 280 qaenam
1870 214 2050 273 facultas
2069 251 2082 273 ,
2119 218 2182 263 cui
2216 232 2333 265 tanta

172 285 342 329 eruditio
366 281 429 338 fit
462 282 671 344 implicata
695 316 706 337 ‚
745 294 934 342 quantam
986 281 1256 343 compleHitur
1278 285 1613 345 jurisprudentia
1633 319 1646 340 ‚
1697 301 1744 327 ex
1781 298 1863 344 qua
1898 284 2048 327 nativa
2084 299 2212 329 rerum
2241 286 2335 341 fin.

168 353 363 413 gularum
414 350 612 395 vocabula
631 383 642 403 ‚
695 348 752 392 <9⁶
801 365 865 392 arc
868 365 949 392 ana
982 348 1235 406 latinitatis,
1281 357 1338 393 (9‘
1367 350 1575 410 selebliora
1622 351 1686 394 di:
1689 350 1781 394 endi
1822 364 1970 408 genera
2005 349 2206 395 ducuntur
2226 386 2239 407 ,
2276 353 2333 397 (9⁴

175 418 374 463 recondita
410 416 552 462 notitia
586 414 801 468 vetustatis
837 416 990 459 eruitur
1014 449 1026 470 ‚
1080 421 1136 459 O·
1161 416 1331 476 scientia
1367 430 1584 477 temporum
1619 430 1741 476 atque
1768 412 1968 489 fabiorum
1989 449 2001 469 ‚
2053 432 2130 460 non
2164 433 2334 462 commu-

174 485 239 529 nis
289 485 366 529 illa
414 483 571 543 quidem
618 481 673 523 (θ’
707 483 956 542 pervulgata
991 515 1003 536 ‚
1046 482 1121 541 sed
1146 480 1324 542 jarib-lior
1373 496 1494 543 atque
1523 481 1706 544 selebiior
1725 517 1738 537 ,
1791 480 1855 524 ita
1893 493 1940 523 ut
1975 481 2093 525 unius
2117 484 2157 538 J
2159 484 2335 546 urispru.

171 550 316 597 dentiae
340 548 528 621 studium
564 549 742 592 Graecam
777 560 895 607 atque
934 551 1160 591 Romanam
1198 548 1457 603 eruditionem
1493 550 1634 594 trabat
1671 547 1945 607 universam?

304 619 389 661 Cur
437 615 564 676 igi'itzr
614 613 764 656 eruditi
797 629 824 656 a
848 614 1326 674 jurisprudentia&
1364 617 1404 672 J
1406 631 1490 660 uris
1534 613 1765 678 profefflires
1813 614 1866 657 ab
1903 613 2123 658 eruditione
2152 617 2333 679 plerum-

172 702 249 747 que
268 718 280 740 ‚
331 696 451 743 atque
485 682 539 725 ab
576 679 742 723 eruditis
772 678 1051 740 professoribus
1092 680 1354 725 abhorrent?
1402 686 1510 726 sane
1563 700 1639 726 non
1690 682 1814 726 aliam
1846 693 1928 741 pro
1932 674 2089 723 liderim
2124 684 2282 742 causam
2315 717 2329 738 ,

172 767 292 812 quam
343 765 547 793 numerum
596 746 651 789 (9⁶
688 745 1007 807 magnitudinem
1057 747 1349 803 voluminum,
1386 747 1443 792 (J
1479 748 1662 801 molestas
1697 764 1824 792 rerum
1847 746 1945 806 jam
1978 747 2227 806 desuetarum
2263 766 2332 793 ex-

167 817 256 879 pos
257 830 380 860 tiones
397 849 410 871 ,
460 812 824 885 disputationesque
856 813 1001 874 longio·
1002 830 1049 857 es
1067 848 1080 868 ‚
1132 816 1188 856 (θ’
1232 831 1397 859 acumen
1440 815 1677 888 aliquando
1707 813 1956 858 immodicum
1974 831 2012 875 ;
2058 813 2201 873 quibus
2219 840 2241 872 ,·
2285 828 2332 859 ut

163 885 366 945 summum
406 879 609 943 scriptoris
659 896 863 941 ingenium
912 892 1111 940 arguatur
1143 913 1157 934 ,
1210 880 1242 923 ii
1275 894 1404 936 certe,
1458 883 1530 942 qui
1564 882 1645 926 hec
1681 899 1756 924 non
1789 880 1979 940 propense
1998 913 2010 932 ‚
2059 896 2180 939 neque
2214 879 2330 934 insti.

170 963 254 994 tuto
297 950 403 1009 suo,
433 946 508 1008 sed
541 944 686 1000 cursim
735 958 856 1007 atque
888 946 967 989 alio
1003 946 1248 990 intendentes
1297 947 1544 1007 arripiunt;
1596 948 1782 1009 longioris
1832 962 1945 991 morie
1974 943 2191 999 fastidium
2219 945 2326 1002 ferre

172 1033 246 1061 non
278 1013 465 1076 possunt.
518 1014 621 1056 Cum
673 1013 800 1073 igitur
849 1011 938 1071 ejus
987 1009 1169 1055 leffionis
1218 1010 1485 1083 difficultate
1511 1026 1633 1074 atque
1673 1012 1902 1068 studiorum
1955 1010 2122 1065 tristitia
2153 1013 2325 1073 plurimi

171 1081 443 1126 deterreantur
473 1098 500 1135 ‚0
550 1077 669 1133 facile
715 1077 806 1121 huic
855 1076 983 1123 labori
1028 1078 1239 1138 parcitur:
1289 1097 1336 1123 ne
1385 1080 1455 1124 vel
1505 1081 1683 1124 eru-ditus
1734 1096 1760 1123 a
1802 1077 1955 1133 studiis
2005 1079 2332 1137 araz-nioribuw

171 1148 241 1191 vel
282 1146 397 1206 J'uris
442 1141 627 1205 professor
674 1144 728 1188 ab
773 1142 872 1188 artis
916 1145 1002 1204 suae
1053 1144 1203 1205 quaestu
1255 1146 1413 1190 diutius
1445 1144 1745 1200 abstrahatur
1792 1143 1978 1188 Facilem
2023 1144 2127 1188 enin
2156 1141 2332 1205 gloriam

165 1213 362 1272 laboriosae
407 1209 652 1272 praeferimus
671 1243 684 1265 ,
732 1210 791 1255 (9⁴
840 1222 1127 1270 praematurum
1177 1212 1328 1255 lucrum
1373 1213 1607 1273 plerumque
1656 1211 1933 1272 anteponimus
1979 1208 2189 1265 honestiori
2205 1244 2216 1256 .
2264 1213 2328 1256 Et

167 1279 357 1340 quamvis
408 1277 538 1321 multa
583 1275 806 1337 prodierint
826 1310 838 1331 ‚
889 1276 1033 1336 quibus
1082 1290 1155 1320 aut
1201 1277 1432 1338 grandiora·
1468 1279 1678 1323 volumina
1728 1276 2018 1322 contrahuntur
2044 1296 2071 1334 ,·
2121 1290 2197 1321 aut
2230 1278 2329 1338 rese-

166 1358 305 1389 cantur
340 1342 558 1404 obscuriora
577 1362 601 1399 ‚·
654 1342 712 1387 ibi
748 1355 880 1386 tamen
900 1376 912 1398 ,
966 1343 1038 1386 vel
1072 1344 1115 1386 ea
1145 1344 1250 1404 sepe
1285 1344 1523 1405 offendimus
1551 1379 1563 1400 ‚
1618 1363 1703 1406 quae
1750 1360 1818 1388 nos
1853 1355 2056 1387 morantur
2090 1343 2288 1388 inutiliter
2303 1364 2332 1402 ‚-

168 1411 240 1455 vel
291 1426 336 1454 ea
382 1409 651 1463 desideramus
683 1443 696 1464 ,
743 1425 830 1468 quae
875 1421 1046 1468 pateant
1096 1409 1257 1453 latius:
1303 1411 1495 1471 pleraque
1540 1411 1644 1455 enim
1687 1411 1835 1472 jejune
1870 1410 2088 1455 traduntur
2122 1409 2178 1453 <J
2214 1410 2331 1455 exili-

171 1489 228 1519 ter
248 1510 260 1531 ‚
300 1488 345 1520 ut
379 1476 457 1520 vix
493 1488 652 1535 arrepta
687 1474 910 1536 diffugiant
932 1507 943 1518 .
998 1478 1086 1518 Res
1122 1475 1311 1520 nimirum
1338 1495 1365 1521 ·e
1396 1477 1554 1538 proprio
1584 1491 1737 1522 ·trunco
1771 1476 1922 1536 avulsae
1941 1509 1953 1531 ‚
1991 1488 2110 1536 atque
2143 1473 2187 1520 in
2223 1477 2330 1538 Epi.

173 1558 303 1586 tomen
336 1540 534 1595 redattae,
572 1541 779 1601 attingunt
817 1539 944 1594 fimul
980 1541 1158 1584 animum
1194 1576 1206 1597 ,
1259 1543 1315 1586 (ψ’
1367 1545 1611 1588 elabuntur:
1666 1556 1799 1588 carent
1843 1542 1947 1586 enim
1981 1559 2086 1586 nexu
2117 1543 2329 1604 ordineque

165 1612 237 1669 suo
258 1642 271 1663 ,
319 1607 406 1662 line
454 1624 528 1668 quo
578 1606 685 1650 nibil
735 1607 932 1651 mentibus
982 1607 1212 1667 adbaerescit
1241 1642 1252 1653 .
1305 1610 1395 1668 ‚Qui
1445 1610 1514 1654 hoc
1563 1611 1689 1671 igitur
1735 1610 1778 1654 in
1809 1626 1951 1670 genere
1983 1608 2081 1652 libri
2106 1609 2206 1669 sunt
2241 1610 2330 1654 bre-

169 1675 299 1718 viores
324 1707 337 1728 ,
390 1675 461 1719 vel
510 1672 734 1717 doHrinam
786 1673 1017 1733 universam
1047 1688 1121 1734 per
1147 1675 1307 1733 summa
1341 1676 1473 1736 capita
1502 1688 1740 1738 percurrunt
1768 1710 1781 1733 ,
1835 1674 1943 1736 quod
1987 1673 2042 1729 ‘st
2090 1675 2208 1719 nimis
2244 1676 2329 1720 exi-

169 1741 207 1784 le
224 1759 249 1796 ‚·
303 1740 374 1783 vel
422 1751 566 1784 certam
617 1739 661 1783 in
707 1753 867 1800 partem
918 1739 1014 1783 adeo
1063 1741 1326 1800 effunduntur
1347 1776 1358 1796 ,
1397 1755 1440 1786 ut
1482 1742 1652 1801 alieniff
1656 1759 1741 1787 mas
1777 1758 1929 1803 quoque
1964 1740 2166 1785 dobirinas
2200 1742 2330 1786 eodem

170 1805 337 1850 trabant
359 1839 372 1862 ‚
426 1805 530 1866 quod
570 1804 822 1860 stomachum
865 1806 970 1867 saepe
1011 1804 1197 1866 facesstt.
1250 1811 1346 1852 Non
1378 1809 1504 1869 igitur
1537 1810 1622 1853 alia
1656 1809 1758 1853 ratio
1785 1805 1960 1869 superest
1980 1841 1992 1863 ‚
2045 1807 2123 1862 nist
2156 1820 2202 1870 ut
2233 1822 2330 1881 ape-

170 1873 332 1917 riantur
374 1870 507 1928 fontes
557 1872 782 1928 uberiores,
837 1890 885 1916 ex
935 1872 1078 1932 quibus
1130 1891 1205 1932 non
1241 1874 1283 1918 in
1307 1875 1479 1935 fingula
1531 1888 1691 1919 tantum
1737 1875 1941 1929 membra,
1982 1874 2056 1933 sed
2088 1873 2131 1917 in
2167 1874 2332 1920 univer.

164 1940 255 1999 sum
293 1939 334 1995 J
335 1938 605 1999 urisprudent
595 1956 637 1982 ze
686 1951 821 1999 corpus
869 1939 1036 1983 eruditio
1088 1938 1298 2000 neceffaria
1347 1940 1499 1998 influat
1532 1976 1546 1998 ‚
1598 1958 1675 1986 non
1726 1942 1884 2002 quidem
1934 1941 2030 1983 adeo
2075 1953 2228 2001 parce,
2283 1954 2330 1985 ut

172 2004 342 2065 cognitio
393 2005 505 2049 illius
556 2005 673 2050 brevi
723 2006 919 2077 exarescat
953 2039 966 2060 ,
1022 2022 1145 2066 neque
1194 2019 1278 2049 tam
1327 2008 1486 2051 abunde
1515 2042 1527 2062 ‚
1580 2021 1625 2052 ut
1675 2020 1828 2068 mergat
1878 2007 2081 2067 ingenium
2102 2040 2113 2061 ,
2168 2006 2225 2050 (9¹
2256 2008 2332 2051 diu

170 2083 338 2114 mentem
377 2071 548 2114 ulterius
578 2083 805 2132 pergentem
840 2071 1035 2115 irretiat.
1087 2073 1211 2130 ‚Quod
1258 2055 1467 2132 praestare
1477 2073 1637 2118 animus
1681 2072 1765 2130 fuit
1813 2074 1914 2133 hisce
1950 2071 2082 2116 tribus
2116 2073 2329 2134 Originum

165 2136 311 2191 libris,
366 2148 411 2179 ut
457 2135 590 2193 fontes
642 2137 896 2181 recludantur
921 2171 933 2192 ‚
987 2137 1093 2180 unde
1144 2138 1330 2198 universa
1380 2141 1512 2200 legum
1565 2139 1733 2184 eruditio
1782 2139 1838 2182 &⁶
1889 2151 2010 2184 vetus
2033 2139 2328 2199 jurispruden-

164 2202 224 2245 tia
260 2215 400 2245 manat
433 2235 444 2246 .
499 2204 682 2263 Curaque
725 2201 808 2258 fuit
843 2203 951 2247 rivos
985 2202 1078 2246 inde
1111 2203 1172 2247 ita
1207 2204 1345 2248 ducere
1363 2237 1376 2258 ,
1431 2218 1475 2249 ut
1527 2207 1599 2250 vel
1634 2218 1877 2250 coerceantur
1921 2204 2189 2248 redundantes
2207 2238 2219 2259 ‚
2256 2205 2328 2249 vel

164 2280 298 2311 tenues
342 2267 461 2327 justa
511 2269 620 2329 copia
671 2268 933 2329 impellantur
967 2302 980 2324 ‚
1035 2285 1108 2329 quo
1147 2269 1241 2330 juri
1292 2270 1414 2313 civili
1466 2272 1672 2315 nutriendo
1700 2268 1909 2331 sufficiant
1942 2304 1954 2324 ,
2009 2270 2065 2312 (J
2105 2270 2232 2330 sobrie
2267 2272 2326 2315 aa

164 2334 277 2406 uficm
312 2333 368 2377 (9‘
403 2334 643 2378 commodum
694 2334 910 2396 legentium
941 2368 953 2390 ,
1008 2352 1082 2378 non
1134 2335 1385 2380 immoderate
1435 2338 1492 2380 ad
1541 2336 1834 2392 ostentationem
1885 2335 2038 2397 ingenii
2073 2337 2222 2381 veteris
2245 2336 2321 2397 ju-

163 2400 221 2443 ris
271 2400 418 2445 notitia
453 2401 508 2443 (Ὺ
541 2399 678 2445 1εὲῗίον
731 2400 900 2444 eruditio
943 2401 1191 2460 sumseratur
1227 2435 1238 2446 .
1293 2404 1436 2463 Itaque
1481 2403 1524 2446 in
1572 2404 1635 2447 his
1679 2400 1898 2462 conjec'lum
1949 2400 2003 2456 est
2053 2402 2170 2446 libris
2204 2403 2322 2464 quid-

162 2465 264 2537 quid
298 2467 351 2509 ab
387 2466 554 2510 eruditis
589 2466 643 2510 &
679 2482 705 2510 a
738 2466 843 2523 juris
876 2464 1148 2527 profeffloribus
1183 2467 1338 2522 honeste
1372 2468 1478 2529 igno
1469 2470 1550 2513 ·ari
1583 2487 1657 2512 non
1687 2466 1862 2529 potest.
1909 2484 1983 2528 quo
2017 2468 2163 2513 eruditi
2191 2469 2321 2529 scien-

103 2543 106 2546 ’
163 2531 265 2576 tiam
306 2531 419 2604 juris
470 2550 518 2576 ex
553 2533 615 2576 his
653 2533 842 2592 colligant
883 2533 965 2592 suis
1017 2533 1154 2577 utilem
1181 2532 1332 2588 studiis
1367 2554 1391 2591 ,·
1442 2535 1497 2577 (θ’
1547 2534 1776 2596 jurisperiti
1794 2568 1806 2588 ‚
1856 2535 1938 2578 luce
1984 2534 2057 2579 hac
2091 2535 2324 2579 eruditionis

164 2609 354 2658 accepta,
391 2599 434 2642 in
469 2597 670 2643 lefiionem
709 2597 989 2660 Digestorum,
1025 2599 1081 2642 (θ’
1118 2599 1278 2644 Codicis
1313 2600 1369 2643 &⁰
1404 2603 1672 2645 Novellarum
1708 2600 1969 2658 confidentius
2005 2602 2165 2662 ingredi
2165 2615 2321 2645 intur

162 2675 209 2708 ut
258 2663 414 2718 nonnist
463 2664 696 2725 quibusdam
748 2665 790 2709 in
841 2666 935 2710 locis
985 2665 1267 2726 obscurioribus
1296 2701 1309 2721 ,
1333 2666 1381 2720 -si
1416 2669 1575 2726 quando
1620 2668 1663 2711 in
1692 2666 1776 2723 foro
1813 2667 2040 2725 usuvenerit
2071 2701 2083 2722 ,
2131 2668 2322 2727 consulere

165 2742 338 2790 oporteat
388 2730 579 2791 longiores
630 2731 873 2776 eruditorum
921 2732 1178 2792 interpretum
1230 2733 1555 2795 commentari'053
1609 2750 1776 2794 quorum
1826 2745 1960 2776 tamen
2005 2733 2164 2793 sensum
2187 2765 2199 2788 ‚
2226 2732 2321 2787 fine

166 2811 295 2840 rerum
332 2796 395 2840 hic
430 2797 695 2857 expositarum
732 2798 878 2842 notitia
898 2833 910 2853 ,
947 2815 1055 2842 nemo
1074 2831 1087 2853 ,
1124 2798 1202 2853 nisi
1236 2799 1465 2843 divinando
1514 2800 1762 2861 adipiscatur
1781 2833 1791 2843 .

302 2862 432 2922 Igitui
477 2864 606 2923 primo
651 2864 754 2908 libro
801 2864 916 2924 quasi
968 2865 1087 2908 telam
1126 2865 1369 2926 explicamus
1402 2899 1415 2920 ,
1467 2883 1554 2926 quae
1591 2866 1822 2925 universum
1866 2865 1980 2926 juris
2013 2865 2152 2910 civilis
2188 2879 2323 2927 corpus

166 2927 352 2989 expreffis
394 2929 614 2991 potioribus
659 2931 843 2975 membris
861 2965 873 2985 ,
924 2943 1093 2991 exponat
1117 2964 1129 2985 ‚
1177 2931 1234 2974 ἔν
1281 2933 1468 2993 cujusque
1503 2933 1617 2993 juris
1665 2932 1856 2993 portionis
1901 2946 2075 2993 tempora
2125 2946 2229 2977 certa
2261 2931 2321 2975 (θ’

165 2994 387 3040 intervalla
433 2994 677 3056 patefaciant
714 3014 723 3041 :
780 3011 853 3057 quo
894 2997 1127 3056 summatim
1172 2999 1370 3058 prodatur
1398 3033 1410 3054 ‚
1464 2999 1567 3043 unde
1610 2999 1652 3053 f
1653 3013 1670 3042 t
1713 3012 1798 3043 orta
1844 3000 2018 3072 primum
2046 3000 2216 3059 scientia
2249 2999 2322 3057 ju-

166 3061 223 3106 ris
259 3094 271 3116 ‚
340 3062 673 3123 quemadmodum
728 3065 839 3123 paul
838 3076 930 3105 stim
992 3064 1064 3108 vel
1115 3064 1232 3108 novis
1280 3065 1436 3124 legibus
1480 3100 1492 3121 ‚
1555 3066 1628 3109 vel
1685 3066 1926 3126 prudentum
1987 3065 2321 3139 interpretationi-

165 3126 284 3186 bus,
334 3129 405 3174 vel
454 3126 763 3189 magistratuum
829 3128 972 3174 edzflis
1005 3162 1019 3185 ‚
1071 3130 1143 3175 vel
1191 3130 1430 3193 Principum
1475 3130 1748 3194 sanilionibus
1807 3133 1863 3179 ad
1911 3133 2182 3195 integritatem
2227 3144 2320 3192 per·

2212 3213 2334 3241 vene-
