2524 3479
196 120 263 175 28
583 112 698 171 DE
763 90 1025 170 oRTu
1088 109 1208 169 ET
1251 111 1799 176 PROGRESSU

194 198 280 242 fio.
314 192 527 249 Iidemque
552 190 1076 248 Praetoresappellabantur
1098 204 1210 244 quoe—
1268 192 1359 237 nius
1391 225 1404 248 ‚
1452 195 1536 248 (c)
1564 195 1809 240 Praetoribus
1839 191 1994 238 duobus
2025 224 2039 250 ‚
2070 205 2116 242 ut
2153 178 2283 243 tradit

194 255 330 298 sitores
362 250 607 308 parricidii3
654 263 864 306 propterea
904 248 1010 304 quod
1045 247 1216 302 parrici-
1269 251 1523 306 Pomponius
1555 283 1565 296 .
1618 255 1710 305 (d)
1757 256 1867 297 Duos
1919 253 2111 298 Praeterea
2153 257 2284 300 Clau-

197 312 253 355 dii
297 309 498 356 vocabulo
542 310 769 353 criminum
811 309 948 350 omnis
980 306 1219 351 continere·
1269 308 1358 352 dius
1389 308 1562 365 adjecit,
1595 312 1666 367 qui
1701 310 1761 364 jus
1790 312 1837 354 de
1871 311 2187 356 fideicommissis
2218 313 2282 356 di-

199 383 266 414 tur
297 369 491 414 atrocitas
508 399 516 409 .

318 458 358 501 C
422 456 458 497 A
521 454 551 496 P
611 454 654 495 U
715 453 759 495 T
849 451 1088 497 XXXVII.

388 515 454 559 De
485 511 670 556 Publicis
700 508 993 566 Qaestionibus
1018 540 1027 551 .

200 601 366 705 AC
410 600 543 656 prima
586 598 748 654 quaestio
792 611 987 653 perpetua
1037 594 1222 639 instituta

338 658 390 700 est
422 658 468 701 de
501 657 682 713 pecuniis
717 655 948 711 repetundis
975 686 988 709 ‚
1032 656 1077 698 L.
1113 651 1221 715 Piso-

198 732 252 760 ne
285 716 477 758 'I'ribuno
511 713 638 770 plebis
670 715 804 770 legem
835 713 992 756 ferente
1025 742 1037 764 ‚
1068 726 1113 755 ut
1144 711 1221 752 Ci-

203 789 299 817 cero
350 772 512 816 testatur
557 771 602 815 in
646 772 772 815 Bruto
799 803 808 813 .
859 773 983 814 Hanc
1026 782 1223 824 excepere

203 830 440 887 quaestiones
472 830 518 873 de
552 830 739 884 peculatu
766 861 779 881 ,
808 828 855 871 de
887 827 1092 877 majestate
1125 857 1137 879 ,
1180 824 1227 867 de

202 889 387 932 ambitu:
421 903 509 945 quae
542 887 622 930 illae
652 886 887 944 quaestiones
916 897 1034 928 erant
1071 916 1083 936 ‚
1129 897 1229 938 quas

199 946 347 990 sortito
394 946 640 990 exercebant
675 977 688 999 ‚
750 958 973 999 antequam
1024 942 1134 984 irent
1182 941 1225 982 in

201 1003 434 1060 provincias
468 1003 660 1046 Praetores
709 1000 983 1056 provinciales
1010 1031 1019 1041 .
1067 999 1146 1041 His
1180 999 1227 1041 L.

203 1061 317 1115 Sylla
348 1073 522 1116 quatuor
555 1059 653 1102 alias
685 1057 866 1115 publicas
891 1057 1126 1113 quaestiones
1158 1055 1226 1098 ad-

206 1118 302 1172 jecit
329 1150 342 1172 ,
373 1119 417 1162 δι
451 1118 644 1161 Praetores
664 1149 676 1170 ,
728 1115 807 1159 five
839 1115 1068 1171 quaesitores
1098 1113 1227 1158 etiam

195 1188 421 1232 quatuor:
468 1190 615 1229 nempe
662 1175 708 1217 de
754 1173 902 1218 sicariis
936 1205 947 1226 ,
992 1173 1039 1216 de
1073 1172 1226 1215 venefi-

199 1233 306 1285 ciis,
336 1232 382 1276 de
416 1232 543 1285 falso,
573 1233 617 1276 ἂ
647 1232 693 1275 de
728 1231 947 1285 parricidio
984 1263 996 1284 ,
1041 1229 1119 1273 five
1152 1229 1229 1272 ho-

203 1290 376 1334 micidio
400 1319 412 1330 .
456 1291 571 1334 Cum
607 1303 747 1332 autem
780 1288 906 1332 essent
938 1288 1079 1331 decem
1113 1285 1224 1339 juris-

205 1349 406 1392 difflones
444 1379 457 1401 ‚
515 1363 606 1390 raro
662 1346 830 1401 singulis
882 1345 1228 1397 iurisdietionibus

202 1408 292 1450 suus
324 1405 622 1448 attribuebatur
658 1405 808 1447 Praetor
842 1420 852 1444 :
906 1403 965 1446 sed
1001 1403 1095 1457 saepe
1130 1402 1229 1454 jussu

206 1465 379 1507 Senatus
421 1461 711 1513 jurisdictiones
756 1460 1078 1518 geminabantur
1119 1493 1132 1513 ,
1191 1472 1233 1501 ut

206 1522 373 1576 singulis
404 1520 645 1563 Praetoribus
670 1521 773 1562 binae
803 1518 1096 1571 jurisdictiones
1113 1533 1230 1561 man-

203 1579 397 1624 darentur
428 1610 438 1622 .
486 1578 607 1621 Unde
650 1577 847 1621 habemus
892 1576 1082 1631 exempla
1134 1581 1233 1618 Prae-

205 1650 346 1681 torum
377 1636 624 1680 urbanorum
656 1668 669 1689 ,
701 1635 770 1692 qui
802 1635 1062 1689 quaestionem
1088 1633 1134 1677 de
1166 1649 1228 1676 ve-

206 1696 365 1740 neficiis
400 1694 683 1750 susceperant;
715 1693 846 1749 qualis
871 1724 883 1746 ,
928 1693 1020 1735 teste
1054 1692 1228 1735 Cicero-

207 1769 288 1806 ne,
321 1751 445 1805 Cajus
477 1751 558 1796 fuit
593 1751 740 1795 Verres
761 1783 770 1793 .
805 1752 862 1794 Et
888 1750 1095 1805 parricidii
1126 1765 1234 1804 quae-

205 1811 282 1854 flio
325 1811 367 1854 in
410 1809 562 1862 Cajum
603 1809 810 1853 Fannium
857 1809 1074 1851 Praetorem
1110 1806 1227 1850 simul

205 1884 305 1913 cum
348 1868 564 1924 quaestione
607 1867 654 1911 de
703 1865 872 1911 Sicariis
914 1866 1064 1911 collata
1105 1863 1183 1908 fuit
1218 1897 1230 1918 ,

208 1925 383 1978 ejusdem
430 1924 566 1969 Tullii
614 1924 850 1968 testimonio
894 1925 937 1968 in
981 1923 1184 1967 Rosciana
1222 1954 1231 1965 .

208 1985 411 2027 Ceterum
456 1983 481 2027 fi
526 1983 823 2036 jurisdictiones
867 1997 952 2025 non
989 1980 1233 2037 geminasset

209 2042 381 2084 Senatus
416 2073 428 2095 ,
471 2041 610 2085 decem
654 2056 705 2084 ex
736 2056 877 2084 earum
911 2056 1084 2084 numero
1115 2051 1233 2083 erant

213 2100 406 2143 Praetores
431 2131 440 2143 .
490 2101 634 2155 Itaque
672 2097 834 2141 tollitur
863 2115 955 2142 meo
981 2098 1129 2152 judicio
1161 2097 1236 2139 dis-

218 2157 344 2200 senfio
389 2157 499 2201 inter
542 2157 820 2212 Pomponium
849 2187 862 2210 ,
909 2157 954 2200 δε
1002 2155 1236 2198 vetustiores

221 2214 433 2269 scriptores
465 2231 487 2257 a
519 2213 653 2268 Lipsio
686 2226 827 2256 notata
863 2245 872 2256 .
922 2215 1008 2265 (a)
1043 2213 1233 2268 siquidem

221 2271 475 2325 Pomponius
529 2271 667 2314 decem
721 2273 913 2316 Praetores
969 2270 1181 2315 constituit
1223 2286 1234 2323 3

218 2327 289 2372 alii
322 2329 415 2372 030
447 2360 456 2371 .
490 2329 573 2372 Sub
599 2328 756 2372 Caesare
786 2344 884 2372 vero
915 2329 1056 2373 decem
1090 2329 1236 2371 Praeto-

216 2402 279 2430 res
311 2385 449 2441 fuisse,
483 2387 595 2430 Dion
622 2387 709 2438 (b)
736 2387 857 2430 tradit
883 2419 895 2441 ,
925 2403 1100 2442 quorum
1132 2401 1235 2430 unus

214 2444 378 2488 urbanae
404 2475 417 2498 ,
460 2443 564 2488 alius
596 2445 817 2499 peregrinae
845 2444 1106 2496 jurisdiRioni
1140 2459 1237 2500 prae-

215 2515 301 2547 erat
332 2518 342 2546 τ
377 2502 501 2546 ceteri
535 2517 631 2545 vero
661 2503 753 2546 030
784 2503 1069 2559 quaestionibus
1102 2502 1236 2559 publi-

217 2560 274 2603 cis
301 2592 310 2602 .
357 2562 471 2604 Duos
514 2574 706 2616 praeterea
737 2561 870 2603 Caesar
903 2562 1097 2604 Praetorcs
1128 2577 1237 2604 crea-

216 2617 279 2660 vit
311 2648 323 2669 ,
366 2617 435 2671 qui
467 2617 681 2662 frumento
713 2618 917 2674 praeessent
942 2652 953 2672 ,
997 2621 1050 2662 ob
1082 2619 1120 2662 id
1152 2620 1237 2661 Ce-

216 2673 344 2717 reales
374 2676 454 2726 (⁴)
487 2675 710 2730 appellatos
739 2708 747 2719 .
783 2676 939 2720 Aufitus
977 2677 1121 2720 deinde
1155 2676 1235 2720 fuit

215 2730 286 2775 sub
327 2732 509 2786 Augusto
541 2748 735 2776 numerus
767 2764 779 2786 ,
829 2747 874 2776 ut
922 2733 1046 2778 refert
1092 2736 1237 2778 Sveto-

967 2869 1231 2879 ...ἡ-.-

265 2903 284 2941 (
304 2912 324 2933 a
341 2901 361 2939 )
389 2904 509 2945 Aneiq·
542 2904 634 2934 Rom.
664 2909 734 2944 cap.
759 2912 810 2934 10.

264 2945 353 2987 (b)
381 2946 452 2979 Lib.
467 2958 523 2987 42.
546 2958 601 2986 ⁴²3·

265 2992 349 3031 1³)
378 2995 453 3025 Imo
506 2993 635 3028 AEdiles
687 3000 822 3025 tantum
877 2992 1027 3027 Cereales
1065 2995 1233 3029 constituit

217 3036 327 3071 Caesar
359 3059 371 3076 ,
412 3048 478 3070 non
515 3047 617 3071 etiam
657 3040 814 3071 Praetores
845 3061 854 3070 .
895 3039 1106 3073 Constantius
1145 3043 1233 3074 Lan-

217 3082 277 3116 dus
308 3083 386 3124 thes.
400 3081 466 3122 ίαν.
489 3084 582 3115 Tom.
602 3085 679 3115 ΙΙΙ.
702 3091 776 3125 pag.
799 3088 892 3122 1456.
924 3084 972 3117 Ad
998 3085 1074 3117 illos
1103 3096 1233 3130 quoque

211 3128 297 3161 solos
335 3129 432 3161 verba
472 3129 646 3167 Pomponii
679 3130 845 3170 pertinent
879 3132 912 3161 in
928 3133 966 3162 L.
987 3141 1012 3162 1.
1044 3133 1071 3173 §.
1095 3141 1146 3168 32.
1187 3136 1232 3165 D.

214 3175 254 3208 de
287 3175 382 3216 0.J.
409 3174 593 3210 herardus
622 3176 711 3209 Otto
735 3175 773 3209 in
798 3176 890 3220 pref.
919 3177 1015 3211 Tam.
1041 3179 1119 3211 1Ιὶ-
1150 3179 1232 3220 thes.

1271 378 1409 411 cerent
1441 384 1451 409 z
1486 367 1784 425 quod2,quidem
1818 369 2069 425 intelligitur
2094 370 2212 426 usque
2236 370 2288 413 ad

1273 435 1428 467 certam
1457 425 1722 469 'summamz
1770 442 1865 469 nam
1913 427 2076 478 majoris
2122 428 2288 471 summae

1273 481 1494 533 jurisdictio
1525 496 1610 526 erat
1640 484 1833 527 Consulis
1857 516 1868 538 ,
1913 487 1993 536 (e)
2026 499 2069 528 ut
2115 484 2288 538 Quinti·

1275 539 1408 582 lianus
1453 540 1608 585 indicat
1651 556 1700 585 ex
1735 541 1869 584 Vallae
1902 542 2242 598 interpretatione
2273 573 2289 597 ,

1274 610 1418 640 contra
1450 613 1573 653 quam
1605 598 1745 641 frustra
1780 613 1933 654 pugnat
1960 601 2124 644 Budaeus
2147 633 2156 643 .
2191 603 2291 644 Ete-

1275 655 1364 698 nim
1397 655 1531 699 Vallae
1562 656 1800 713 suffragatur
1838 657 2066 712 Ulpianus,
2098 658 2166 713 qui
2196 658 2292 701 scri-

1275 713 1334 756 bit
1367 730 1377 755 :
1411 711 1498 767 (f)
1529 711 1847 768 Fideicammtffa
1881 732 1954 757 non
1982 727 2053 770 per
2078 715 2292 768 formulam

1275 782 1486 827 petuntur,
1519 785 1562 814 ut
1585 774 1714 828 legata
1729 789 1746 824 ,·
1774 772 1847 825 sed
1867 774 2033 827 cognitio
2055 774 2296 828 Romaequi·

1276 831 1363 871 dem
1382 828 1433 884 est
1463 830 1679 883 Consulum
1697 862 1709 883 ‚
1739 843 1810 872 aut
1834 832 2042 884 Praetoris,
2075 831 2147 885 qui
2169 829 2294 885 fidei-

1276 884 1560 942 commissarius
1601 901 1807 939 vocatus-5
1852 888 1894 930 in
1933 889 2155 944 provinciis
2198 904 2291 931 vero

1277 943 1491 999 Praefidum
1515 947 1814 1001 provinciarum
1847 977 1855 987 .
1901 946 2121 990 Praetorum
2155 959 2298 990 autem

1278 1002 1745 1047 fideicommissariorum
1795 1002 1971 1046 alterum
2019 1004 2169 1048 sustulit
2211 1004 2298 1046 Ti·-

1281 1073 1368 1112 tus,
1400 1062 1463 1115 (g)
1486 1059 1643 1116 ejusque
1675 1060 1767 1104 loco
1794 1062 1936 1103 Nerva
1953 1061 2115 1114 subjecit
2137 1061 2264 1105 alium
2282 1092 2296 1115 ,

1278 1118 1347 1174 qui
1383 1118 1541 1160 Fiscum
1575 1118 1686 1161 inter
1717 1117 1760 1161 δι
1793 1118 1971 1171 privatos
2004 1118 2062 1169 jus
2094 1119 2248 1162 diceret
2280 1148 2295 1171 ‚

1280 1191 1402 1231 quem
1437 1174 1632 1218 Fiscalem
1665 1174 1921 1230 appellavit.
1956 1177 2144 1231 Denique
2177 1177 2300 1218 Mar-

1281 1248 1350 1276 cus
1382 1233 1593 1275 Antonius
1630 1265 1642 1286 ,
1675 1234 1760 1284 (h)
1793 1233 2038 1288 Capitolino
2071 1234 2164 1277 teste
2190 1265 2201 1287 ,
2233 1231 2304 1276 ad-

1283 1289 1378 1341 jecit
1423 1290 1638 1333 tutelarem
1668 1322 1681 1344 ,
1724 1303 1769 1334 ut
1813 1291 1977 1345 pupillis
2022 1292 2164 1334 adesset
2196 1323 2209 1343 ,
2258 1289 2303 1334 &

1283 1360 1435 1390 tutores
1480 1360 1643 1402 cogeret
1688 1347 1881 1401 suscipere
1915 1350 2087 1392 tutelam
2117 1381 2129 1403 ,
2180 1361 2302 1404 atque

1285 1404 1466 1448 satisdare
1492 1421 1578 1448 rem
1605 1405 1751 1459 pupilli
1787 1405 1938 1448 salvam
1967 1408 2050 1449 fore
2087 1423 2098 1459 3
2131 1423 2212 1462 quo
2238 1418 2304 1448 tu-

1283 1476 1420 1506 torum
1471 1461 1675 1506 fraudibus
1705 1477 1984 1507 occurreretur
2013 1496 2022 1506 .
2072 1466 2300 1506 Praetorum

1282 1535 1422 1564 autem
1467 1536 1617 1564 munus
1660 1521 1703 1563 in
1736 1520 1935 1564 reddenda
1980 1521 2253 1573 juriidic‘none
2287 1550 2301 1574 ‚

1286 1578 1454 1634 jureque
1499 1577 1613 1621 civili
1656 1578 1914 1622 custodiendo
1945 1612 1956 1631 ‚
2017 1579 2306 1633 explicando,

1288 1635 1480 1681 leniendo
1509 1667 1521 1687 ,
1566 1649 1685 1692 atque
1715 1637 1763 1679 ad
1796 1637 1910 1679 usum
1946 1637 2142 1680 &fiendo
2174 1634 2309 1679 versa-

1287 1697 1427 1737 batur.
1462 1693 1635 1736 Etenim
1669 1710 1752 1737 non
1788 1693 1879 1736 satis
1911 1695 1963 1736 est
1989 1695 2168 1741 optimas
2194 1693 2305 1750 leges

1285 1753 1456 1796 condere
1489 1783 1500 1805 ‚
1547 1750 1622 1794 nisi
1653 1753 1749 1794 viva
1780 1753 1963 1808 quaedam
1997 1753 2200 1795 excitetur
2231 1766 2307 1793 au-

1284 1810 1447 1853 &oritas
1468 1840 1480 1861 ‚
1513 1824 1600 1864 quae
1633 1808 1764 1864 legem
1799 1825 1868 1864 per
1903 1810 1935 1851 se
1970 1823 2131 1852 mutam
2165 1807 2306 1852 reddat

1285 1866 1587 1924 quodammodo
1620 1865 1835 1919 vocalem,
1868 1867 1910 1908 δί
1941 1867 2130 1921 aequitate
2163 1866 2262 1909 duce
2287 1897 2301 1919 ,

1285 1927 1332 1969 ad
1377 1924 1537 1968 oblatos
1568 1924 1677 1967 casus
1710 1923 1930 1978 prudenter
1961 1940 2052 1967 eam
2085 1922 2253 1966 deducat
2287 1939 2299 1964 ε

1284 1983 1392 2039 quod
1437 1983 1626 2027 Praetores
1668 1982 1801 2027 edic‘h)
1832 2013 1845 2036 ,
1888 1994 2008 2039 atque
2052 1980 2300 2025 auGtoritate

1286 2042 1350 2085 sua
1383 2040 1621 2097 praestabant
1640 2072 1649 2083 .

1401 2128 1440 2171 C
1502 2129 1542 2170 A
1607 2128 1636 2170 P
1697 2129 1741 2171 U
1803 2127 1848 2171 T
1934 2128 2199 2172 XXXVIII.

1547 2187 1614 2230 De
1644 2187 1787 2231 Edifio
1812 2198 2021 2244 perpetuo.

2409 1901 2419 1925 f

1418 2272 1497 2314 Uae
1528 2271 1679 2316 Praetor
1711 2273 1840 2316 edicta
1866 2272 2004 2316 statim
2034 2287 2057 2315 a
2091 2269 2304 2326 magistra-

1436 2342 1479 2373 tu
1511 2329 1617 2372 inito
1650 2331 1923 2385 proponebat:
1959 2329 2036 2372 hoc
2068 2329 2146 2381 est,
2181 2330 2221 2372 in
2242 2328 2304 2372 al-

1443 2387 1492 2430 bo
1526 2386 1725 2430 scribebat
1765 2420 1777 2440 ,
1828 2401 1872 2430 ut
1916 2385 2067 2442 populo
2099 2386 2304 2442 fignifica-

1286 2456 1346 2488 ret
1378 2476 1391 2498 ,
1443 2459 1523 2500 quo
1555 2443 1640 2496 jure
1674 2462 1768 2489 cum
1801 2446 1957 2488 civibus
1987 2461 2035 2487 eo
2066 2459 2177 2486 anno
2207 2443 2303 2488 esset

1287 2503 1425 2546 usurus
1457 2533 1466 2544 .
1512 2504 1651 2557 Atque
1685 2503 1808 2546 initio
1842 2504 1931 2546 sane
1965 2502 2115 2545 licebat
2150 2502 2300 2544 Praeto·

1286 2561 1318 2603 ri
1355 2593 1368 2614 ,
1418 2559 1666 2616 propositum
1700 2560 1877 2605 edit‘tum
1911 2577 1932 2604 e
1966 2576 2006 2604 re
2040 2572 2133 2602 nata
2167 2571 2305 2602 muta-

1286 2634 1364 2672 re,
1415 2618 1695 2675 diversumque
1739 2620 1790 2662 ab
1837 2635 1886 2661 eo
1930 2617 1990 2670 jus
2033 2616 2304 2669 constituere,

1283 2675 1351 2720 ubi
1398 2675 1487 2719 usus
1519 2679 1698 2731 posceret
1724 2692 1737 2730 ;
1779 2675 1884 2733 quod
1917 2674 2063 2719 multis
2095 2673 2303 2718 fraudibus

1286 2733 1486 2791 pandebat
1518 2735 1628 2777 viam
1659 2766 1668 2776 .
1700 2733 1910 2791 Siquidem
1944 2734 2137 2777 Praetores
2167 2761 2179 2784 ‚
2230 2740 2303 2775 aut

2207 2802 2302 2843 pro-

1280 2904 1343 2945 iur.
1373 2913 1447 2948 pag.
1470 2909 1521 2943 56.

1391 2952 1409 2989 >
1435 2953 1477 2983 In
1516 2947 1658 2992 August·
1680 2955 1747 2991 cap.
1768 2952 1821 2988 36.

1397 2996 1417 3035 )
1444 2995 1516 3028 Lib.
1540 3006 1572 3027 2.
1602 3000 1639 3028 de
1655 2993 1812 3038 cmg-jur.
1846 2994 1872 3038 §
1893 2994 1993 3038 capit.
2010 3002 2066 3032 32.

1444 3041 1517 3074 Lib.
1539 3051 1567 3079 3.
1595 3051 1609 3073 e
1639 3045 1693 3073 16.

1434 3087 1597 3129 Ulpianus
1629 3088 1685 3120 tit.
1703 3094 1758 3124 25.

1454 3135 1612 3169 Pompon.
1643 3134 1702 3166 ΑΖ.
1723 3133 1752 3175 §.
1774 3141 1828 3173 32.
1849 3130 1887 3166 de
1900 3128 2080 3174 orithm'!
2096 3146 2109 3160 υ

1438 3180 1481 3213 ln
1498 3179 1611 3214 Marco
1625 3198 1636 3212 .
