2524 3479
706 109 1083 185 JURIS
1165 106 1730 164 CI-VILIS.

198 190 330 237 &trina
370 218 383 242 ‚
431 186 475 231 ὅ(
507 185 639 244 gloria
675 184 909 241 superavit3
943 184 1217 249 posteritatem

201 235 298 292 vero
329 244 504 298 ejusdem
546 245 607 300 spe
651 243 797 299 gradus
828 241 944 285 exuit
967 273 980 295 ‚
1026 242 1218 307 Papinia-

202 319 342 358 num3
376 303 487 355 cujus
521 303 588 345 vix
620 315 803 356 unquam
826 315 981 343 nomen
1012 315 1038 342 a
1062 302 1218 362 Princi-

197 361 317 417 pibus
358 361 502 417 absque
531 358 645 402 laude
668 357 899 420 profertur,
932 372 1134 413 quemque
1153 374 1212 407 Ju-

203 418 438 462 risconsulti
469 416 551 467 ejus
576 414 746 471 aequales
774 414 985 478 Ulpianus
1002 447 1013 467 ,
1033 414 1076 457 ὃς
1101 415 1214 478 Paul-

188 474 266 519 ‘lus
291 508 303 529 ‚
329 474 518 531 quamvis
544 472 763 516 habuerint
795 472 1018 534 studiorum
1046 472 1214 537 socium,

199 545 340 576 tamen
357 533 602 576 verebantur
623 544 666 573 ut
689 530 948 585 Magistrum.
965 533 1063 592 'Nec
1078 546 1211 574 enim-

185 590 352 647 ·prorsus
392 590 545 632 erravit
577 588 838 642 Lampridius
860 618 872 640 ‚
905 601 972 642 qui
1000 602 1067 630 eos
1099 589 1211 644 Papi-

193 647 315 690 niani
357 646 577 702 discipulos
615 644 738 688 facit:
775 660 873 687 nam
905 644 932 686 fi
959 659 1042 686 non
1063 658 1177 690 aetate
1199 679 1212 701 ‚

189 704 414 748 ‘voluntate
443 718 582 748 tamen
611 703 801 756 fuerunt,
833 702 876 745 ὃς
908 702 1048 745 cultu.

341 763 382 805 C
441 764 481 806 A
546 763 574 804 P
634 762 678 803 U
740 762 783 802 T
899 760 1064 805 XCIX.

530 821 597 863 De
628 819 881 873 Papiniano.

193 875 489 975 PApiniani
525 875 676 919 clarior
710 875 787 918 fuit
821 875 938 928 vita,
971 891 1095 931 quam
1122 875 1211 918 feli-

227 972 232 975 .
312 935 431 977 cior:
465 933 621 978 exitum
643 933 754 975 enim
791 931 934 974 habuit
958 933 1121 988 qualem
1145 933 1210 976 sub

194 989 402 1044 Tyranno
447 990 649 1034 fortissimi
698 991 847 1046 quique
881 991 1209 1055 nanciscuntur.

191 1050 280 1099 (a)
321 1049 487 1092 Hostilii
533 1047 746 1101 Papiniani
786 1079 798 1097 .‚
856 1061 976 1102 atque
1010 1049 1207 1102 Eugeniae

192 1106 374 1148 Gracilis
400 1106 506 1148 silius
531 1105 606 1147 fuit
631 1136 639 1146 .
672 1105 806 1147 AEtate
834 1136 846 1157 ,
878 1120 922 1146 ac
945 1104 1074 1157 gloria
1110 1122 1203 1159 pro-

191 1164 336 1206 cedens
364 1180 511 1206 mimus
537 1162 654 1204 subiit
670 1161 944 1215 pre-curatoris
964 1162 1082 1204 Fisci.
1105 1164 1204 1205 Prae-

198 1218 306 1263 feflo
342 1221 527 1268 proetorio
564 1219 713 1261 ameuit
735 1250 744 1260 .
790 1218 991 1271 Septimio
1022 1220 1170 1261 Severo
1192 1252 1203 1273 ‚

191 1291 277 1319 non
314 1271 441 1320 solum
493 1278 689 1319 affinitate
736 1290 806 1329 per
840 1274 1052 1336 secundam
1103 1291 1199 1318 uxo-

186 1350 274 1377 rem
304 1366 314 1386 ‚
352 1334 410 1377 sed
446 1334 629 1375 societate
663 1347 821 1387 quoque
861 1332 1082 1374 studiorum
1109 1364 1121 1384 ‚
1157 1349 1202 1374 ac

188 1391 288 1433 virae
319 1404 453 1445 gratus
487 1393 583 1432 adeo
617 1389 725 1441 fuit,
770 1401 813 1430 ut
862 1389 912 1430 ab
943 1387 1018 1431 illo
1069 1389 1202 1433 statim

185 1448 271 1503 post
319 1451 539 1503 iulceptum
577 1447 799 1501 imperium
835 1446 1025 1489 Praetorio
1058 1447 1197 1502 praefe-

185 1504 274 1547 &us
309 1505 465 1548 fuerit:
511 1506 579 1560 qui
613 1507 791 1548 summus
822 1517 907 1547 erat
928 1536 940 1558 ,
986 1504 1201 1569 secundum

183 1561 421 1617 Principem
456 1566 636 1618 gradus:
672 1568 721 1605 ab
753 1563 980 1617 eodemque
1017 1578 1199 1607 morien·

181 1629 222 1661 te
255 1635 394 1663 curam
429 1622 614 1663 filiorum
645 1618 756 1662 illius
788 1620 990 1674 acceperit
1014 1652 1023 1661 .
1059 1622 1197 1676 Quam

179 1676 217 1718 ei
250 1677 372 1720 fidem
407 1678 655 1731 Papinianus
698 1678 831 1732 capite
864 1677 931 1720 suo
969 1677 1162 1742 persolvit
1191 1712 1199 1721 .

179 1734 354 1777 Etenim
377 1767 388 1787 ‚
432 1735 708 1778 diffidentibus
755 1735 863 1777 inter
894 1735 929 1778 se
972 1748 1126 1779 mutuis
1156 1753 1198 1780 0-

182 1790 261 1834 diis
282 1823 295 1845 ,
329 1794 461 1846 Geta,
493 1793 536 1836 8<
559 1791 805 1844 Caracalla3
843 1791 914 1835 ille
948 1792 1107 1836 nullam
1129 1810 1196 1837 cu-

179 1863 269 1891 ram
303 1849 556 1903 praetermisit
576 1882 587 1903 ,
620 1865 701 1905 quo
719 1849 881 1892 animos
911 1864 1055 1892 eorum
1084 1867 1197 1895 com-

180 1920 376 1960 poneret.
413 1909 504 1962 Qua
537 1907 709 1951 caritate
746 1907 919 1950 offensus
946 1908 1195 1951 Caracalla:

173 1962 275 2017 'quia
302 1963 423 2006 hostis
462 1964 553 2007 loco
592 1965 815 2008 habebatur
840 1966 890 2007 ab
913 1980 989 2027 eo.
1021 1965 1196 2028 quicun-

181 2034 258 2073 que
287 2020 402 2064 fratri
431 2037 514 2064 non
543 2021 636 2064 esset
665 2021 858 2074 infestu53
893 2023 1165 2086 Papinianum
1184 2055 1195 2076 ,

183 2075 248 2118 vel
274 2079 390 2120 Getae
416 2093 557 2120 necem
588 2078 907 2132 prohibentem3
942 2078 1004 2121 vel
1028 2081 1192 2134 parrici-

180 2132 296 2175 dium
326 2135 516 2177 excusare
548 2134 841 2178 detreS‘cantem
860 2151 873 2189 3
893 2134 956 2178 vel
984 2136 1193 2181 nolentem

181 2190 430 2246 Imperatori
471 2192 702 2235 orationem
746 2207 992 2247 componere
1023 2194 1072 2237 ad
1097 2194 1193 2238 faci-

179 2262 258 2290 nus
278 2248 383 2303 apud
417 2248 614 2304 populum
645 2248 910 2304 diluendum,
943 2249 1019 2293 suis
1048 2251 1193 2295 militi-

178 2304 254 2348 bus
290 2305 562 2349 occidendum
586 2306 751 2349 tradidit
771 2339 780 2349 .
821 2309 1025 2351 Feruntur
1053 2323 1190 2353 autem

179 2361 242 2404 hae
268 2378 386 2407 voces
411 2363 579 2409 summae
602 2364 838 2408 constantiae
862 2364 1014 2410 indices
1032 2368 1187 2411 amori-

181 2430 276 2462 turo
303 2420 528 2476 Papiniano
555 2422 696 2475 editae,
729 2438 825 2465 nam
851 2439 946 2484 cum
980 2425 1192 2487 zib-Impe-

181 2488 316 2520 ratore
356 2491 592 2533 rogaretur3
625 2496 701 2522 non
740 2494 821 2523 tam
846 2482 995 2533 facilc,
1030 2482 1191 2536 inquit,

170 2534 442 2589 parricidium
462 2537 640 2590 excusari
651 2535 755 2593 poffe
776 2570 788 2592 ‚
820 2554 940 2593 quam
959 2536 1079 2590 fieri.
1113 2540 1189 2582 At-

177 2607 255 2646 que
275 2591 448 2635 instante
472 2595 753 2648 Imperatore,
778 2608 820 2637 ut
848 2595 999 2650 populo
1032 2597 1189 2652 persua-

281 2650 386 2703 Jam'
416 2651 606 2694 Gravinae
635 2654 750 2694 Tem.
767 2654 799 2695 I.

176 2764 284 2778 0·—

219 2797 277 2835 (θ)
303 2801 465 2841 Spartian.
484 2803 518 2834 in
538 2805 694 2836 Caracall.
719 2803 822 2835 Dion.
849 2802 981 2846 ,libr-77·
999 2804 1036 2835 (9⁴
1052 2808 1106 2845 78.

224 2841 287 2880 (⁹²)
314 2845 388 2877 Imo
409 2856 583 2890 utramque
601 2848 685 2881 hanc
702 2848 950 2891 inscriptionem
978 2849 1047 2882 falfi
1078 2850 1186 2892 arguit

175 2885 358 2920 Everardus
376 2893 463 2923 Otto
495 2894 531 2923 in
556 2893 739 2934 Papiniani
749 2894 825 2926 vita
841 2915 851 2932 ,
878 2892 971 2931 cuius
988 2894 1138 2928 ubertate
1156 2897 1185 2927 &

176 2928 363 2966 eruditione
381 2933 502 2968 fastum
518 2938 561 2969 est
577 2959 586 2976 ,
616 2947 650 2970 ut
681 2938 720 2971 de
741 2939 922 2981 Papiniano
955 2940 1052 2973 hodie
1070 2951 1181 2982 parum

176 2972 242 3005 dici
263 2977 353 3015 poffit
370 3000 381 3017 ‚
406 2981 494 3022 quod
513 2993 580 3014 non
597 2982 653 3015 ille
675 2983 802 3016 dixerit
831 2985 921 3027 prius
938 3008 945 3015 .
975 2986 1183 3018 Abstinemus

175 3029 194 3050 a
214 3019 375 3062 reliquis,
403 3024 434 3056 id
463 3025 577 3060 dixisse
606 3027 681 3060 satis
711 3028 895 3072 habentes,
923 3041 988 3063 non
1007 3030 1176 3074 usquequa-

173 3073 235 3106 que
251 3075 368 3097 verum
392 3069 450 3101 effe
467 3092 476 3107 ‚
502 3071 587 3112 quod
604 3071 685 3105 dicit
704 3074 850 3108 Gravina
866 3096 876 3113 ,
907 3077 1127 3119 Papinianum
1145 3076 1184 3108 ad

171 3108 296 3141 nullius
313 3121 462 3153 unquam
495 3115 724 3150 austeritatem
766 3121 964 3153 excurrisse.
993 3123 1180 3154 Labeonem

175 3153 265 3186 enim
289 3156 319 3187 ἃ
341 3157 500 3200 Pegasum
516 3158 631 3194 laudat
647 3164 681 3194 in
703 3166 741 3195 L.
761 3173 816 3205 93.
837 3167 862 3207 §.
880 3178 913 3207 7.
930 3170 974 3199 D.
990 3168 1028 3200 de
1045 3169 1183 3209 solutio-

508 2773 618 2781 —--
844 2773 962 2784 ——.
969 2774 1189 2783 ——-—

2207 136 2275 188 57

1268 181 1381 225 deret
1400 215 1410 236 ,
1426 186 1578 228 Getam
1600 198 1765 243 propter
1783 184 1846 229 sua
1874 186 2019 231 scelera
2044 190 2192 236 merito
2213 196 2280 238 in-

1268 253 1518 296 teremptum
1545 274 1558 294 ,
1591 242 1824 297 respondit:
1863 245 1997 288 Aliud
2035 248 2086 301 est
2115 253 2288 305 parrici-

1265 298 1403 350 dium,
1434 300 1612 353 accusare
1642 302 1880 344 innocentem
1913 304 2112 357 occisum:
2142 310 2280 365 Atque

1267 354 1469 410 supplicio
1499 357 1710 412 proximus
1742 372 1854 403 vates
1885 362 2012 404 etiam
2046 363 2124 406 fuit
2151 367 2280 420 poste-

1268 412 1391 455 rioris
1411 412 1606 458 facinoris
1634 432 1655 458 a
1675 417 1870 460 Macrino
1888 417 2077 475 suscepti:
2101 422 2285 477 quicum

1265 468 1470 523 praefeffius
1503 471 1698 515 Praetorio
1718 472 1840 527 esset,
1872 478 2140 522 Antoninum
2166 481 2285 536 Papi-

1266 527 1378 570 niani
1404 527 1626 572 occisorem
1653 531 1827 586 imperio
1857 531 2070 588 spoliavit,
2098 536 2141 579 <Sc
2168 537 2280 581 vita.

1265 584 1554 628 Stultissimum
1576 587 1689 629 enim
1729 588 1812 632 fore
1846 590 2092 645 Papinianus
2123 594 2284 640 dixerat

1262 656 1384 694 eum,
1416 643 1484 698 qui
1518 643 1586 686 sibi
1612 645 1704 687 esset
1726 645 1990 702 successurus,
2013 651 2038 693 si
2068 653 2281 706 proculca-

1266 712 1349 741 tam
1375 701 1417 742 in
1448 700 1482 743 se
1504 700 1784 755 praefeeturam
1812 705 2058 762 relinqueret
2078 710 2273 755 inultam.

1261 757 1373 799 Cum
1418 769 1555 801 autem
1604 760 1770 804 audisset
1808 764 2055 820 Caracalla,
2087 768 2278 822 Papinia-

1264 828 1364 856 num
1405 814 1572 869 bipenni
1611 816 1724 861 fuiffe
1748 820 2042 866 obtruncatum
2065 855 2076 876 ‚
2109 826 2277 869 carnifi-

1259 886 1349 914 cem
1383 871 1588 927 increpuit
1612 906 1623 927 ‚
1655 876 1761 931 quod
1807 878 1918 921 suum
1963 878 2108 931 jussum
2141 883 2278 938 gladio

1262 943 1346 970 non
1383 928 1513 973 fuisset
1548 947 1742 976 executus
1761 965 1769 976 .
1799 936 1950 978 Tradit
1976 938 2172 983 Soccinus
2196 942 2277 993 (¹⁶)

1260 1001 1406 1030 urnam
1438 1003 1679 1043 argenteam
1722 1004 1836 1035 aetate
1879 993 1940 1036 sua
1970 998 2114 1039 Romae
2140 1014 2275 1050 reper-

1258 1055 1340 1085 tam
1363 1061 1384 1086 a
1409 1046 1552 1089 rustico
1576 1063 1671 1090 cum
1698 1047 1773 1092 hac
1798 1049 2063 1105 inscriptione
2097 1071 2105 1095 ε
2141 1057 2278 1099 AEmi-

1256 1101 1305 1142 lii
1335 1103 1679 1156 Papiniani].C.
1714 1106 1768 1148 (9¹
1801 1107 1980 1161 Praefefsi
2009 1112 2188 1154 Praetorio
2217 1131 2276 1155 re-

1257 1159 1463 1212 quiescunt
1486 1161 1549 1201 hic
1572 1160 1663 1215 offa,
1685 1164 1748 1205 cui
1770 1163 1913 1217 infelix
1932 1172 2055 1210 Fater
2071 1200 2082 1219 ,
2104 1169 2159 1211 (9¹
2174 1173 2274 1212 Mt-

1255 1227 1312 1255 ter
1345 1215 1499 1267 sacrum
1525 1216 1702 1269 fecerunt
1736 1234 1883 1264 mortuo
1913 1242 2016 1266 anno
2038 1226 2118 1279 suae
2145 1230 2272 1273 aetatt's

1255 1271 1439 1323 tricefimo
1452 1274 1588 1325 sexto.
1622 1278 1725 1318 Erat
1757 1280 1799 1320 ἀ
1819 1279 1899 1321 alia
1921 1281 2154 1334 inscriptio:
2186 1288 2267 1328 AE-

1254 1329 1364 1369 milio
1387 1331 1615 1384 Papiniano
1639 1330 1823 1386 Praefefflo
1854 1338 2083 1388 Praet.J.C.
2105 1343 2177 1395 qui
2197 1343 2269 1383 vi-

1253 1386 1314 1426 xit
1344 1403 1465 1429 annos
1490 1390 1658 1443 triginta
1690 1390 1782 1442 fex,
1810 1393 1876 1434 M.
1898 1408 2092 1449 quatuor,
2124 1400 2180 1441 D.
2202 1399 2272 1442 de-

1252 1459 1357 1494 cem,
1388 1445 1646 1500 Papinianus
1664 1447 1885 1503 Hostilius,
1919 1453 2099 1508 Eugenia
2126 1457 2270 1499 Graci-

1252 1501 1303 1542 lis
1323 1502 1480 1545 turbato
1505 1505 1639 1547 ordine
1670 1506 1711 1548 in
1732 1506 1843 1562 senio
1864 1509 1933 1551 heu
1959 1522 2143 1566 parentes
2160 1512 2270 1566 fece-

1252 1571 1343 1600 runt
1365 1558 1458 1613 filio
1489 1573 1566 1616 opt.
1601 1563 1801 1618 Lepidum
1834 1582 1930 1610 vero
1962 1569 2015 1611 est
2035 1601 2046 1622 ,
2079 1572 2184 1626 quod
2207 1571 2266 1614 la-

1252 1627 1315 1658 tro
1347 1619 1666 1673 comprehensus
1699 1623 1935 1677 respondisse
1985 1625 2113 1670 fertur
2149 1629 2266 1685 Papi-

1252 1673 1378 1716 niano
1410 1691 1504 1718 eum
1539 1677 1810 1735 interroganti
1840 1713 1852 1734 ,
1895 1698 1965 1726 cur
1997 1683 2263 1731 latrocinium

1251 1729 1437 1775 fecisset?
1469 1749 1566 1779 nam
1605 1736 1654 1778 ad
1685 1737 1768 1782 haec
1809 1738 1910 1782 latro
1937 1741 2102 1785 retulit:
2135 1742 2191 1787 (9⁴
2222 1756 2267 1786 tu

1249 1805 1316 1829 cur
1347 1789 1558 1843 Praefec‘ius
1581 1796 1646 1837 es?
1679 1796 1745 1847 (b)
1775 1797 1914 1839 Tanta
1940 1815 2035 1843 vero
2079 1800 2188 1845 illius
2219 1801 2265 1845 in

1248 1844 1333 1896 jure
1365 1847 1480 1892 civili
1515 1849 1595 1894 fuit
1625 1853 1867 1908 annotinis,
1902 1869 1946 1898 ut
1978 1873 2191 1914 nunquam
2215 1860 2265 1902 ab

1250 1905 1602 1962 imperatoribus,
1648 1910 1719 1953 nisi
1757 1910 2164 1960 honorificentissime
2197 1933 2270 1972 ap-

1247 1961 1422 2015 pelletur
1448 1980 1457 2005 :
1507 1964 1631 2020 inque
1665 1969 1916 2017 variantibus
1947 1973 1982 2023 J.
2007 1974 2059 2016 C.
2105 1974 2266 2017 senten-

1248 2018 1313 2060 tiis
1340 2050 1352 2071 ,
1394 2035 1439 2062 ea
1474 2022 1681 2075 praefertur
1706 2057 1717 2077 ‚
1761 2043 1782 2069 a
1814 2043 1893 2083 qua
1943 2030 2100 2074 steterat
2144 2031 2264 2086 Papi-

1248 2076 1428 2119 nianus:
1462 2094 1558 2122 cum
1590 2095 1670 2135 quo
1704 2083 1859 2138 semper
1891 2084 1974 2140 ipsa
2008 2088 2155 2131 veritas
2188 2088 2261 2131 ha-

1247 2132 1373 2176 bitare
1402 2136 1669 2181 censebatur.
1719 2141 1775 2183 Et
1806 2157 1902 2185 cum
1933 2142 2004 2187 alii
2043 2145 2261 2200 Papiniani

1246 2190 1486 2236 auftoritate
1518 2194 1706 2239 nitantur
1734 2229 1747 2250 ‚
1789 2198 1868 2252 ipse
1901 2201 1949 2243 ad
1981 2201 2135 2246 nullius
2179 2220 2257 2246 un-

1244 2263 1367 2302 quam
1400 2250 1687 2297 aue’toritatem
1724 2253 1905 2299 excurrit
1934 2275 1944 2299 :
1988 2272 2034 2302 ut
2065 2273 2163 2316 quot
2198 2277 2259 2304 re-

1245 2304 1421 2360 sponsa,
1472 2309 1642 2355 totidem
1695 2312 2094 2372 reddidisleoracula
2128 2318 2263 2363 videa-

1244 2374 1332 2405 tur.
1368 2364 1481 2409 Hinc
1514 2366 1585 2411 illa
1617 2369 1663 2412 de
1697 2370 1856 2413 summo
1878 2373 1913 2423 J.
1935 2374 1986 2416 C.
2019 2375 2184 2428 crebra,
2221 2376 2264 2418 &2

1244 2419 1362 2474 plena
1383 2420 1557 2466 honoris<
1573 2425 1734 2482 elogia:
1773 2428 1971 2473 nimirum
1990 2463 2000 2482 ‚
2022 2431 2178 2484 Afilum
2197 2434 2263 2484 ja-

1244 2478 1299 2519 ris
1321 2510 1332 2530 ,
1382 2478 1438 2521 (9⁶
1467 2482 1606 2537 legalis
1650 2485 1828 2527 doc'lrinae
1860 2488 2088 2540 Thefiwrus
2123 2521 2132 2530 .
2165 2491 2257 2540 (c)

1244 2533 1356 2579 Hinc
1378 2536 1499 2580 tertio
1513 2554 1625 2581 anno
1638 2542 1839 2584 auditores
1859 2542 1954 2593 juris
1970 2544 2043 2588 sese
2059 2545 2170 2589 libris
2187 2547 2259 2589 Pa-

1242 2592 1398 2647 piniani
1427 2595 1670 2652 tradebant,
1690 2598 1733 2641 8<
1756 2600 2036 2654 Papinianistae
2065 2603 2256 2647 diceban--

1765 2658 1809 2700 H
2105 2674 2198 2716 tur3

1346 2777 1452 2786 —-—

1239 2807 1333 2841 nibus
1347 2833 1354 2841 .
1387 2814 1534 2843 Nervam
1555 2813 1698 2856 sequitur
1717 2816 1752 2847 in
1767 2816 1865 2855 L.47
1897 2820 1941 2848 D.
1960 2818 1998 2849 de
2018 2822 2056 2850 A,
2077 2821 2114 2850 P.
2146 2822 2252 2851 Nera-

1236 2853 1284 2884 tio
1303 2856 1414 2888 Prisco
1433 2856 1652 2897 adstipulatur
1669 2861 1704 2892 in
1724 2862 1756 2891 1..
1783 2870 1830 2900 19.
1867 2865 1900 2892 D
1931 2863 1967 2894 de
1981 2864 2052 2896 dolo
2068 2866 2151 2895 malo
2168 2865 2197 2895 δ(
2216 2867 2253 2896 L.

1238 2909 1288 2937 33.
1310 2903 1352 2931 D.
1374 2902 1412 2934 de
1442 2904 1544 2944 usufr.
1583 2905 1756 2946 Imprimis
1788 2917 1867 2938 vero
1898 2908 2021 2947 Juliani
2052 2908 2251 2942 aristo-:itate

1233 2945 1399 2986 saepiflirne
1416 2948 1523 2980 utitur
1537 2971 1545 2979 .
1574 2951 1659 2981 utin
1678 2953 1713 2981 L.
1731 2954 1773 2981 62
1806 2955 1849 2983 D.
1882 2953 1919 2984 de
1938 2955 1998 2984 Rei
2013 2954 2103 2985 vind.
2121 2957 2158 2985 L.
2187 2966 2241 2994 50.

1233 2994 1277 3022 D.
1295 2991 1333 3023 de
1357 2994 1484 3026 Peculio
1499 3017 1509 3034 ,
1538 2994 1563 3022 L
1578 2999 1632 3032 76.
1651 2999 1696 3026 D.
1714 2996 1751 3027 de
1767 2998 1859 3028 hereti
1889 2995 1991 3037 instit.
2012 2999 2046 3029 L.
2065 3009 2102 3035 43
2142 3002 2185 3031 D.
2206 3000 2247 3030 de

1232 3035 1323 3068 bonis
1337 3036 1520 3070 libertorum
1536 3060 1545 3072 2
1574 3042 1610 3071 L,
1630 3044 1680 3070 25.
1705 3044 1747 3072 D.
1767 3043 1807 3073 st
1825 3044 1896 3085 quis
1912 3042 2026 3087 omiffa
2041 3043 2149 3088 caussa
2166 3067 2173 3084 ‚
2206 3046 2244 3075 L.

1231 3093 1288 3123 47.
1305 3086 1353 3115 D.
1370 3085 1406 3115 de
1424 3083 1679 3125 Fidijaffort'bus
1694 3108 1702 3115 .

1278 3127 1336 3168 (b)
1361 3129 1457 3160 Dion.
1476 3129 1593 3170 lib.76.

1278 3172 1334 3216 (e)
1358 3172 1472 3211 cujac.
1498 3175 1535 3208 in
1563 3175 1682 3219 Papia.
1710 3175 1746 3207 in
1772 3175 1874 3217 princ.
