<?xml version="1.0" encoding="UTF-8"?>
<!DOCTYPE html PUBLIC "-//W3C//DTD XHTML 1.0 Transitional//EN"
    "http://www.w3.org/TR/xhtml1/DTD/xhtml1-transitional.dtd">
<html xmlns="http://www.w3.org/1999/xhtml" xml:lang="en" lang="en">
 <head>
  <title>
</title>
<meta http-equiv="Content-Type" content="text/html;charset=utf-8" />
  <meta name='ocr-system' content='tesseract 3.04.00' />
  <meta name='ocr-capabilities' content='ocr_page ocr_carea ocr_par ocr_line ocrx_word'/>
</head>
<body>
  <div class='ocr_page' id='page_1' title='image "./janivincentiigra01gravuoft_0206.png"; bbox 0 0 2596 3479; ppageno 0'>
   <div class='ocr_carea' id='block_1_1' title="bbox 215 58 318 110">
    <p class='ocr_par' dir='ltr' id='par_1_1' title="bbox 215 58 318 110">
     <span class='ocr_line' id='line_1_1' title="bbox 215 58 318 110; baseline 0 -16"><span class='ocrx_word' id='word_1_1' title='bbox 215 58 318 110; x_wconf 83' lang='lat'>132</span> 
     </span>
    </p>
   </div>
   <div class='ocr_carea' id='block_1_2' title="bbox 637 44 1936 117">
    <p class='ocr_par' dir='ltr' id='par_1_2' title="bbox 637 44 1936 117">
     <span class='ocr_line' id='line_1_2' title="bbox 637 44 1936 117; baseline 0.002 -21"><span class='ocrx_word' id='word_1_2' title='bbox 637 44 740 97; x_wconf 91' lang='lat' dir='ltr'>DE</span> <span class='ocrx_word' id='word_1_3' title='bbox 782 45 972 117; x_wconf 85' lang='lat' dir='ltr'>JURE</span> <span class='ocrx_word' id='word_1_4' title='bbox 1017 44 1431 102; x_wconf 80' lang='lat' dir='ltr'>NATURALt</span> <span class='ocrx_word' id='word_1_5' title='bbox 1458 87 1473 116; x_wconf 86' lang='lat'>‚</span> <span class='ocrx_word' id='word_1_6' title='bbox 1515 46 1936 112; x_wconf 52' lang='lat' dir='ltr'><strong>GENTIUM.</strong></span> 
     </span>
    </p>
   </div>
   <div class='ocr_carea' id='block_1_3' title="bbox 216 117 2422 187">
    <p class='ocr_par' dir='ltr' id='par_1_3' title="bbox 216 117 2422 187">
     <span class='ocr_line' id='line_1_3' title="bbox 216 117 2422 187; baseline 0.002 -27"><span class='ocrx_word' id='word_1_7' title='bbox 216 130 382 169; x_wconf 75' lang='lat' dir='ltr'>rentur,</span> <span class='ocrx_word' id='word_1_8' title='bbox 417 118 502 170; x_wconf 77' lang='lat' dir='ltr'>(a)</span> <span class='ocrx_word' id='word_1_9' title='bbox 529 117 605 162; x_wconf 80' lang='lat' dir='ltr'>sive</span> <span class='ocrx_word' id='word_1_10' title='bbox 631 133 675 162; x_wconf 88' lang='lat' dir='ltr'>ut</span> <span class='ocrx_word' id='word_1_11' title='bbox 703 119 911 175; x_wconf 68' lang='lat' dir='ltr'>eleganter</span> <span class='ocrx_word' id='word_1_12' title='bbox 935 121 991 162; x_wconf 84' lang='lat' dir='ltr'>ait</span> <span class='ocrx_word' id='word_1_13' title='bbox 1015 120 1172 172; x_wconf 67' lang='lat' dir='ltr'>Jews,</span> <span class='ocrx_word' id='word_1_14' title='bbox 1195 123 1261 164; x_wconf 84' lang='lat' dir='ltr'>be·</span> <span class='ocrx_word' id='word_1_15' title='bbox 1316 121 1503 167; x_wconf 79' lang='lat' dir='ltr'>funditus</span> <span class='ocrx_word' id='word_1_16' title='bbox 1531 138 1629 177; x_wconf 80' lang='lat' dir='ltr'>vero</span> <span class='ocrx_word' id='word_1_17' title='bbox 1661 121 1837 164; x_wconf 83' lang='lat' dir='ltr'>minime</span> <span class='ocrx_word' id='word_1_18' title='bbox 1872 119 2114 174; x_wconf 78' lang='lat' dir='ltr'>sublatum,</span> <span class='ocrx_word' id='word_1_19' title='bbox 2163 120 2222 164; x_wconf 84' lang='lat' dir='ltr'>sed</span> <span class='ocrx_word' id='word_1_20' title='bbox 2256 135 2350 164; x_wconf 88' lang='lat' dir='ltr'>meo</span> <span class='ocrx_word' id='word_1_21' title='bbox 2406 171 2422 187; x_wconf 46' lang='grc' dir='ltr'><strong>ο</strong></span> 
     </span>
    </p>
   </div>
   <div class='ocr_carea' id='block_1_4' title="bbox 210 176 1259 1552">
    <p class='ocr_par' dir='ltr' id='par_1_4' title="bbox 210 176 1259 1552">
     <span class='ocr_line' id='line_1_4' title="bbox 218 176 1256 232; baseline 0.002 -14"><span class='ocrx_word' id='word_1_22' title='bbox 218 193 264 218; x_wconf 72' lang='lat' dir='ltr'>ne</span> <span class='ocrx_word' id='word_1_23' title='bbox 295 176 571 218; x_wconf 78' lang='lat' dir='ltr'><em>concordantia</em></span> <span class='ocrx_word' id='word_1_24' title='bbox 594 178 847 220; x_wconf 75' lang='lat' dir='ltr'>matrimonia</span> <span class='ocrx_word' id='word_1_25' title='bbox 869 179 953 229; x_wconf 80' lang='lat' dir='ltr'>jure</span> <span class='ocrx_word' id='word_1_26' title='bbox 981 178 1128 220; x_wconf 57' lang='lat' dir='ltr'>Patria·</span> <span class='ocrx_word' id='word_1_27' title='bbox 1150 189 1256 232; x_wconf 83' lang='lat' dir='ltr'>pote-</span> 
     </span>
     <span class='ocr_line' id='line_1_5' title="bbox 210 232 1259 288; baseline 0.004 -13"><span class='ocrx_word' id='word_1_28' title='bbox 210 232 334 288; x_wconf 82' lang='lat' dir='ltr'>statis</span> <span class='ocrx_word' id='word_1_29' title='bbox 356 233 583 277; x_wconf 82' lang='lat' dir='ltr'>turbentur.</span> <span class='ocrx_word' id='word_1_30' title='bbox 615 237 674 286; x_wconf 66' lang='lat'>(¹⁶)</span> <span class='ocrx_word' id='word_1_31' title='bbox 702 236 859 278; x_wconf 86' lang='lat' dir='ltr'>Verum</span> <span class='ocrx_word' id='word_1_32' title='bbox 887 235 991 277; x_wconf 85' lang='lat' dir='ltr'>hanc</span> <span class='ocrx_word' id='word_1_33' title='bbox 1020 237 1178 288; x_wconf 86' lang='lat' dir='ltr'>paterni</span> <span class='ocrx_word' id='word_1_34' title='bbox 1201 234 1259 286; x_wconf 80' lang='lat' dir='ltr'>ju-</span> 
     </span>
     <span class='ocr_line' id='line_1_6' title="bbox 220 291 1258 347; baseline 0.002 -13"><span class='ocrx_word' id='word_1_35' title='bbox 220 291 275 335; x_wconf 86' lang='lat' dir='ltr'>ris</span> <span class='ocrx_word' id='word_1_36' title='bbox 299 291 558 336; x_wconf 86' lang='lat' dir='ltr'>atrocitatem</span> <span class='ocrx_word' id='word_1_37' title='bbox 589 292 766 335; x_wconf 82' lang='lat' dir='ltr'>Romani</span> <span class='ocrx_word' id='word_1_38' title='bbox 793 292 1003 338; x_wconf 77' lang='lat' dir='ltr'>remittere</span> <span class='ocrx_word' id='word_1_39' title='bbox 1029 306 1258 347; x_wconf 84' lang='lat' dir='ltr'>coeperunt,</span> 
     </span>
     <span class='ocr_line' id='line_1_7' title="bbox 218 349 1249 406; baseline 0.002 -14"><span class='ocrx_word' id='word_1_40' title='bbox 218 349 429 406; x_wconf 87' lang='lat' dir='ltr'>postquam</span> <span class='ocrx_word' id='word_1_41' title='bbox 473 350 657 406; x_wconf 85' lang='lat' dir='ltr'>cognitio</span> <span class='ocrx_word' id='word_1_42' title='bbox 695 349 989 393; x_wconf 79' lang='lat' dir='ltr'>humaniorum</span> <span class='ocrx_word' id='word_1_43' title='bbox 1031 350 1249 394; x_wconf 83' lang='lat' dir='ltr'>studiorum</span> 
     </span>
     <span class='ocr_line' id='line_1_8' title="bbox 218 406 1254 464; baseline -0.001 -13"><span class='ocrx_word' id='word_1_44' title='bbox 218 406 521 464; x_wconf 83' lang='lat' dir='ltr'>cultiorumque</span> <span class='ocrx_word' id='word_1_45' title='bbox 556 407 770 451; x_wconf 85' lang='lat' dir='ltr'>nationum</span> <span class='ocrx_word' id='word_1_46' title='bbox 807 409 893 451; x_wconf 84' lang='lat' dir='ltr'>usus</span> <span class='ocrx_word' id='word_1_47' title='bbox 920 408 1149 463; x_wconf 81' lang='lat' dir='ltr'>rubiginem</span> <span class='ocrx_word' id='word_1_48' title='bbox 1179 408 1254 462; x_wconf 88' lang='lat' dir='ltr'>pri·</span> 
     </span>
     <span class='ocr_line' id='line_1_9' title="bbox 216 464 1257 518; baseline 0 -10"><span class='ocrx_word' id='word_1_49' title='bbox 216 464 363 509; x_wconf 83' lang='lat' dir='ltr'>ssinam</span> <span class='ocrx_word' id='word_1_50' title='bbox 386 481 405 508; x_wconf 89' lang='lat' dir='ltr'>e</span> <span class='ocrx_word' id='word_1_51' title='bbox 429 465 609 508; x_wconf 83' lang='lat' dir='ltr'>moribus</span> <span class='ocrx_word' id='word_1_52' title='bbox 627 481 767 508; x_wconf 87' lang='lat' dir='ltr'>eorum</span> <span class='ocrx_word' id='word_1_53' title='bbox 789 468 979 509; x_wconf 72' lang='lat' dir='ltr'>excussit.</span> <span class='ocrx_word' id='word_1_54' title='bbox 1004 468 1113 508; x_wconf 91' lang='lat' dir='ltr'>Raro</span> <span class='ocrx_word' id='word_1_55' title='bbox 1127 466 1257 518; x_wconf 88' lang='lat' dir='ltr'>enim,</span> 
     </span>
     <span class='ocr_line' id='line_1_10' title="bbox 220 523 1253 579; baseline 0.001 -14"><span class='ocrx_word' id='word_1_56' title='bbox 220 538 267 565; x_wconf 82' lang='lat' dir='ltr'>ac</span> <span class='ocrx_word' id='word_1_57' title='bbox 294 539 409 576; x_wconf 87' lang='lat' dir='ltr'>parce</span> <span class='ocrx_word' id='word_1_58' title='bbox 436 524 654 566; x_wconf 81' lang='lat' dir='ltr'>admodum</span> <span class='ocrx_word' id='word_1_59' title='bbox 678 524 866 578; x_wconf 79' lang='lat' dir='ltr'>deinceps</span> <span class='ocrx_word' id='word_1_60' title='bbox 889 524 962 567; x_wconf 77' lang='lat' dir='ltr'>hac</span> <span class='ocrx_word' id='word_1_61' title='bbox 985 523 1167 579; x_wconf 79' lang='lat' dir='ltr'>suprema</span> <span class='ocrx_word' id='word_1_62' title='bbox 1190 539 1253 578; x_wconf 86' lang='lat' dir='ltr'>po—</span> 
     </span>
     <span class='ocr_line' id='line_1_11' title="bbox 222 580 1257 624; baseline 0.001 -2"><span class='ocrx_word' id='word_1_63' title='bbox 222 580 358 623; x_wconf 73' lang='lat' dir='ltr'>tellate</span> <span class='ocrx_word' id='word_1_64' title='bbox 386 581 426 622; x_wconf 90' lang='lat' dir='ltr'>in</span> <span class='ocrx_word' id='word_1_65' title='bbox 455 580 558 623; x_wconf 82' lang='lat' dir='ltr'>filios</span> <span class='ocrx_word' id='word_1_66' title='bbox 582 582 800 624; x_wconf 67' lang='lat' dir='ltr'>utebantur</span> <span class='ocrx_word' id='word_1_67' title='bbox 833 599 842 622; x_wconf 74' lang='grc' dir='ltr'>ε</span> <span class='ocrx_word' id='word_1_68' title='bbox 895 594 938 624; x_wconf 89' lang='lat' dir='ltr'>ut</span> <span class='ocrx_word' id='word_1_69' title='bbox 975 581 1020 623; x_wconf 84' lang='lat' dir='ltr'>ad</span> <span class='ocrx_word' id='word_1_70' title='bbox 1057 596 1257 623; x_wconf 84' lang='lat' dir='ltr'>terrorem</span> 
     </span>
     <span class='ocr_line' id='line_1_12' title="bbox 220 636 1257 693; baseline 0.002 -15"><span class='ocrx_word' id='word_1_71' title='bbox 220 638 359 693; x_wconf 85' lang='lat' dir='ltr'>potius</span> <span class='ocrx_word' id='word_1_72' title='bbox 382 638 600 680; x_wconf 84' lang='lat' dir='ltr'>liberorum</span> <span class='ocrx_word' id='word_1_73' title='bbox 633 671 644 691; x_wconf 91' lang='lat'>,</span> <span class='ocrx_word' id='word_1_74' title='bbox 682 655 804 693; x_wconf 81' lang='lat' dir='ltr'>quam</span> <span class='ocrx_word' id='word_1_75' title='bbox 831 638 876 681; x_wconf 82' lang='lat' dir='ltr'>ad</span> <span class='ocrx_word' id='word_1_76' title='bbox 906 639 1075 682; x_wconf 76' lang='lat' dir='ltr'>liberam</span> <span class='ocrx_word' id='word_1_77' title='bbox 1106 636 1190 688; x_wconf 76' lang='lat' dir='ltr'>ejus</span> <span class='ocrx_word' id='word_1_78' title='bbox 1217 653 1257 680; x_wconf 91' lang='lat' dir='ltr'>e-</span> 
     </span>
     <span class='ocr_line' id='line_1_13' title="bbox 220 694 1258 748; baseline 0 -10"><span class='ocrx_word' id='word_1_79' title='bbox 220 694 536 738; x_wconf 68' lang='lat' dir='ltr'>xercitationem</span> <span class='ocrx_word' id='word_1_80' title='bbox 563 695 788 748; x_wconf 72' lang='lat' dir='ltr'>superfuisse</span> <span class='ocrx_word' id='word_1_81' title='bbox 815 697 1018 738; x_wconf 82' lang='lat' dir='ltr'>videatur:</span> <span class='ocrx_word' id='word_1_82' title='bbox 1042 711 1135 738; x_wconf 91' lang='lat' dir='ltr'>cum</span> <span class='ocrx_word' id='word_1_83' title='bbox 1162 695 1258 738; x_wconf 87' lang='lat' dir='ltr'>Bru-</span> 
     </span>
     <span class='ocr_line' id='line_1_14' title="bbox 218 753 1255 807; baseline -0.001 -12"><span class='ocrx_word' id='word_1_84' title='bbox 218 764 286 795; x_wconf 86' lang='lat' dir='ltr'>tus</span> <span class='ocrx_word' id='word_1_85' title='bbox 312 753 356 794; x_wconf 76' lang='lat' dir='ltr'>ad</span> <span class='ocrx_word' id='word_1_86' title='bbox 386 753 574 795; x_wconf 86' lang='lat' dir='ltr'>Atticum</span> <span class='ocrx_word' id='word_1_87' title='bbox 602 755 769 796; x_wconf 84' lang='lat' dir='ltr'>scribat:</span> <span class='ocrx_word' id='word_1_88' title='bbox 804 755 1023 797; x_wconf 66' lang='lat' dir='ltr'>Dominum</span> <span class='ocrx_word' id='word_1_89' title='bbox 1050 770 1094 794; x_wconf 81' lang='lat' dir='ltr'>ne</span> <span class='ocrx_word' id='word_1_90' title='bbox 1114 758 1255 807; x_wconf 68' lang='lat' dir='ltr'>paren-</span> 
     </span>
     <span class='ocr_line' id='line_1_15' title="bbox 221 808 1257 866; baseline 0.003 -16"><span class='ocrx_word' id='word_1_91' title='bbox 221 821 297 851; x_wconf 85' lang='lat' dir='ltr'>tem</span> <span class='ocrx_word' id='word_1_92' title='bbox 330 811 484 866; x_wconf 58' lang='lat' dir='ltr'>quiden,</span> <span class='ocrx_word' id='word_1_93' title='bbox 521 811 686 862; x_wconf 53' lang='grc' dir='ltr'>Μηίονες</span> <span class='ocrx_word' id='word_1_94' title='bbox 705 809 822 865; x_wconf 72' lang='lat' dir='ltr'>nostri</span> <span class='ocrx_word' id='word_1_95' title='bbox 840 812 1046 853; x_wconf 70' lang='lat' dir='ltr'>voluerunt</span> <span class='ocrx_word' id='word_1_96' title='bbox 1064 808 1134 863; x_wconf 75' lang='lat' dir='ltr'>effe</span> <span class='ocrx_word' id='word_1_97' title='bbox 1150 841 1162 851; x_wconf 87' lang='lat'><strong>.</strong></span> <span class='ocrx_word' id='word_1_98' title='bbox 1193 811 1257 853; x_wconf 84' lang='lat' dir='ltr'>Ac</span> 
     </span>
     <span class='ocr_line' id='line_1_16' title="bbox 216 866 1258 920; baseline -0.002 -10"><span class='ocrx_word' id='word_1_99' title='bbox 216 866 332 910; x_wconf 82' lang='lat' dir='ltr'>Pauli</span> <span class='ocrx_word' id='word_1_100' title='bbox 367 868 463 919; x_wconf 89' lang='lat' dir='ltr'>JCti</span> <span class='ocrx_word' id='word_1_101' title='bbox 497 882 610 910; x_wconf 77' lang='lat' dir='ltr'>aetate</span> <span class='ocrx_word' id='word_1_102' title='bbox 643 900 655 920; x_wconf 86' lang='lat'>‚</span> <span class='ocrx_word' id='word_1_103' title='bbox 686 883 734 910; x_wconf 90' lang='lat' dir='ltr'>ne</span> <span class='ocrx_word' id='word_1_104' title='bbox 767 868 964 920; x_wconf 76' lang='lat' dir='ltr'>opinione</span> <span class='ocrx_word' id='word_1_105' title='bbox 995 867 1158 919; x_wconf 76' lang='lat' dir='ltr'>quidem</span> <span class='ocrx_word' id='word_1_106' title='bbox 1182 866 1258 909; x_wconf 89' lang='lat' dir='ltr'>ho·-</span> 
     </span>
     <span class='ocr_line' id='line_1_17' title="bbox 216 923 1255 978; baseline 0 -11"><span class='ocrx_word' id='word_1_107' title='bbox 216 925 383 968; x_wconf 81' lang='lat' dir='ltr'>miuum</span> <span class='ocrx_word' id='word_1_108' title='bbox 427 925 486 976; x_wconf 77' lang='lat' dir='ltr'>jus</span> <span class='ocrx_word' id='word_1_109' title='bbox 532 928 623 968; x_wconf 81' lang='lat' dir='ltr'>vitae</span> <span class='ocrx_word' id='word_1_110' title='bbox 667 924 850 978; x_wconf 74' lang='lat' dir='ltr'>necisque</span> <span class='ocrx_word' id='word_1_111' title='bbox 884 926 923 967; x_wconf 89' lang='lat' dir='ltr'>in</span> <span class='ocrx_word' id='word_1_112' title='bbox 958 923 1063 967; x_wconf 83' lang='lat' dir='ltr'>filios</span> <span class='ocrx_word' id='word_1_113' title='bbox 1097 940 1255 978; x_wconf 77' lang='lat' dir='ltr'>perma-</span> 
     </span>
     <span class='ocr_line' id='line_1_18' title="bbox 220 980 1257 1035; baseline -0.001 -11"><span class='ocrx_word' id='word_1_114' title='bbox 220 982 377 1031; x_wconf 80' lang='lat' dir='ltr'>nebat,</span> <span class='ocrx_word' id='word_1_115' title='bbox 411 998 503 1025; x_wconf 89' lang='lat' dir='ltr'>cum</span> <span class='ocrx_word' id='word_1_116' title='bbox 542 983 685 1024; x_wconf 86' lang='lat' dir='ltr'>scribat</span> <span class='ocrx_word' id='word_1_117' title='bbox 706 1013 717 1033; x_wconf 86' lang='lat'>‚</span> <span class='ocrx_word' id='word_1_118' title='bbox 751 983 837 1033; x_wconf 86' lang='lat' dir='ltr'>(b)</span> <span class='ocrx_word' id='word_1_119' title='bbox 863 980 972 1035; x_wconf 82' lang='lat' dir='ltr'>filios</span> <span class='ocrx_word' id='word_1_120' title='bbox 1002 982 1257 1034; x_wconf 80' lang='lat' dir='ltr'>exheredare,</span> 
     </span>
     <span class='ocr_line' id='line_1_19' title="bbox 217 1037 1256 1095; baseline 0 -14"><span class='ocrx_word' id='word_1_121' title='bbox 217 1056 316 1095; x_wconf 83' lang='lat' dir='ltr'>quos</span> <span class='ocrx_word' id='word_1_122' title='bbox 345 1038 400 1082; x_wconf 58' lang='grc' dir='ltr'>ΕΤ</span> <span class='ocrx_word' id='word_1_123' title='bbox 430 1039 595 1081; x_wconf 70' lang='grc' dir='ltr'>οεσιάενε</span> <span class='ocrx_word' id='word_1_124' title='bbox 626 1039 767 1080; x_wconf 80' lang='lat' dir='ltr'>licebat</span> <span class='ocrx_word' id='word_1_125' title='bbox 788 1070 797 1080; x_wconf 87' lang='lat'><strong>.</strong></span> <span class='ocrx_word' id='word_1_126' title='bbox 830 1039 954 1081; x_wconf 85' lang='lat' dir='ltr'>Unde</span> <span class='ocrx_word' id='word_1_127' title='bbox 989 1037 1256 1081; x_wconf 79' lang='lat' dir='ltr'>Adrianusin</span> 
     </span>
     <span class='ocr_line' id='line_1_20' title="bbox 218 1095 1254 1152; baseline 0 -14"><span class='ocrx_word' id='word_1_128' title='bbox 218 1095 394 1138; x_wconf 87' lang='lat' dir='ltr'>insulam</span> <span class='ocrx_word' id='word_1_129' title='bbox 428 1096 654 1150; x_wconf 74' lang='lat' dir='ltr'>deportavit</span> <span class='ocrx_word' id='word_1_130' title='bbox 685 1111 809 1148; x_wconf 85' lang='lat' dir='ltr'>eum,</span> <span class='ocrx_word' id='word_1_131' title='bbox 841 1096 908 1152; x_wconf 89' lang='lat' dir='ltr'>qui</span> <span class='ocrx_word' id='word_1_132' title='bbox 945 1096 1075 1139; x_wconf 81' lang='lat' dir='ltr'>filium</span> <span class='ocrx_word' id='word_1_133' title='bbox 1111 1111 1254 1139; x_wconf 87' lang='lat' dir='ltr'>nover-</span> 
     </span>
     <span class='ocr_line' id='line_1_21' title="bbox 219 1151 1256 1209; baseline 0.001 -14"><span class='ocrx_word' id='word_1_134' title='bbox 219 1168 275 1195; x_wconf 83' lang='lat' dir='ltr'>cae</span> <span class='ocrx_word' id='word_1_135' title='bbox 306 1151 533 1196; x_wconf 86' lang='lat' dir='ltr'>adulterum</span> <span class='ocrx_word' id='word_1_136' title='bbox 569 1154 861 1206; x_wconf 83' lang='lat' dir='ltr'>interfecerat,</span> <span class='ocrx_word' id='word_1_137' title='bbox 895 1156 973 1205; x_wconf 95' lang='lat' dir='ltr'>(c)</span> <span class='ocrx_word' id='word_1_138' title='bbox 1005 1167 1125 1209; x_wconf 83' lang='lat' dir='ltr'>atque</span> <span class='ocrx_word' id='word_1_139' title='bbox 1149 1152 1256 1205; x_wconf 81' lang='lat' dir='ltr'>adje-</span> 
     </span>
     <span class='ocr_line' id='line_1_22' title="bbox 216 1210 1257 1266; baseline -0.001 -13"><span class='ocrx_word' id='word_1_140' title='bbox 216 1210 272 1253; x_wconf 84' lang='lat' dir='ltr'>cit</span> <span class='ocrx_word' id='word_1_141' title='bbox 304 1210 463 1261; x_wconf 88' lang='lat' dir='ltr'>J-Ctus:</span> <span class='ocrx_word' id='word_1_142' title='bbox 494 1211 669 1266; x_wconf 80' lang='lat' dir='ltr'>patriam</span> <span class='ocrx_word' id='word_1_143' title='bbox 690 1210 913 1266; x_wconf 80' lang='lat' dir='ltr'>potestatem</span> <span class='ocrx_word' id='word_1_144' title='bbox 944 1214 987 1253; x_wconf 86' lang='lat' dir='ltr'>in</span> <span class='ocrx_word' id='word_1_145' title='bbox 1011 1214 1162 1266; x_wconf 68' lang='lat' dir='ltr'>pietate</span> <span class='ocrx_word' id='word_1_146' title='bbox 1191 1211 1257 1253; x_wconf 84' lang='lat' dir='ltr'>de·-</span> 
     </span>
     <span class='ocr_line' id='line_1_23' title="bbox 216 1266 1254 1320; baseline 0 -11"><span class='ocrx_word' id='word_1_147' title='bbox 216 1267 301 1309; x_wconf 81' lang='lat' dir='ltr'>here</span> <span class='ocrx_word' id='word_1_148' title='bbox 326 1299 339 1320; x_wconf 88' lang='lat'>,</span> <span class='ocrx_word' id='word_1_149' title='bbox 371 1284 446 1309; x_wconf 86' lang='lat' dir='ltr'>non</span> <span class='ocrx_word' id='word_1_150' title='bbox 475 1269 676 1309; x_wconf 75' lang='lat' dir='ltr'>atrocitate</span> <span class='ocrx_word' id='word_1_151' title='bbox 709 1266 899 1320; x_wconf 62' lang='lat' dir='ltr'>consistere</span> <span class='ocrx_word' id='word_1_152' title='bbox 921 1299 929 1309; x_wconf 95' lang='lat'><strong>.</strong></span> <span class='ocrx_word' id='word_1_153' title='bbox 961 1268 1086 1310; x_wconf 81' lang='lat' dir='ltr'>Unde</span> <span class='ocrx_word' id='word_1_154' title='bbox 1119 1283 1254 1311; x_wconf 84' lang='lat' dir='ltr'>recen—</span> 
     </span>
     <span class='ocr_line' id='line_1_24' title="bbox 221 1324 1254 1379; baseline 0.001 -13"><span class='ocrx_word' id='word_1_155' title='bbox 221 1324 394 1367; x_wconf 75' lang='lat' dir='ltr'>tioribus</span> <span class='ocrx_word' id='word_1_156' title='bbox 424 1325 674 1379; x_wconf 81' lang='lat' dir='ltr'>temporibus</span> <span class='ocrx_word' id='word_1_157' title='bbox 702 1324 849 1367; x_wconf 84' lang='lat' dir='ltr'>licebat</span> <span class='ocrx_word' id='word_1_158' title='bbox 877 1325 965 1367; x_wconf 84' lang='lat' dir='ltr'>sane</span> <span class='ocrx_word' id='word_1_159' title='bbox 993 1324 1096 1379; x_wconf 87' lang='lat' dir='ltr'>patri</span> <span class='ocrx_word' id='word_1_160' title='bbox 1122 1325 1254 1368; x_wconf 78' lang='lat' dir='ltr'>filium</span> 
     </span>
     <span class='ocr_line' id='line_1_25' title="bbox 218 1380 1253 1435; baseline 0 -11"><span class='ocrx_word' id='word_1_161' title='bbox 218 1380 408 1435; x_wconf 78' lang='lat' dir='ltr'>castigare</span> <span class='ocrx_word' id='word_1_162' title='bbox 436 1396 450 1433; x_wconf 75' lang='lat'>3</span> <span class='ocrx_word' id='word_1_163' title='bbox 482 1381 541 1423; x_wconf 89' lang='lat' dir='ltr'>sed</span> <span class='ocrx_word' id='word_1_164' title='bbox 575 1381 600 1423; x_wconf 76' lang='lat' dir='ltr'>fi</span> <span class='ocrx_word' id='word_1_165' title='bbox 632 1380 776 1432; x_wconf 79' lang='lat' dir='ltr'>majori</span> <span class='ocrx_word' id='word_1_166' title='bbox 812 1381 1161 1425; x_wconf 83' lang='lat' dir='ltr'>animadversione</span> <span class='ocrx_word' id='word_1_167' title='bbox 1194 1383 1253 1424; x_wconf 90' lang='lat' dir='ltr'>in-</span> 
     </span>
     <span class='ocr_line' id='line_1_26' title="bbox 218 1437 1256 1495; baseline 0.002 -15"><span class='ocrx_word' id='word_1_168' title='bbox 218 1437 372 1492; x_wconf 78' lang='lat' dir='ltr'>digeret</span> <span class='ocrx_word' id='word_1_169' title='bbox 405 1469 417 1490; x_wconf 90' lang='lat'>,</span> <span class='ocrx_word' id='word_1_170' title='bbox 464 1437 582 1480; x_wconf 81' lang='lat' dir='ltr'>illum</span> <span class='ocrx_word' id='word_1_171' title='bbox 617 1439 770 1482; x_wconf 81' lang='lat' dir='ltr'>tradere</span> <span class='ocrx_word' id='word_1_172' title='bbox 803 1439 1053 1495; x_wconf 81' lang='lat' dir='ltr'>magistratui</span> <span class='ocrx_word' id='word_1_173' title='bbox 1086 1439 1256 1494; x_wconf 82' lang='lat' dir='ltr'>cogeba-</span> 
     </span>
     <span class='ocr_line' id='line_1_27' title="bbox 218 1495 1251 1552; baseline 0.002 -16"><span class='ocrx_word' id='word_1_174' title='bbox 218 1505 285 1536; x_wconf 76' lang='lat' dir='ltr'>tur</span> <span class='ocrx_word' id='word_1_175' title='bbox 318 1495 574 1537; x_wconf 79' lang='lat' dir='ltr'>afficiendum</span> <span class='ocrx_word' id='word_1_176' title='bbox 608 1511 652 1538; x_wconf 89' lang='lat' dir='ltr'>ea</span> <span class='ocrx_word' id='word_1_177' title='bbox 688 1511 840 1550; x_wconf 64' lang='lat' dir='ltr'>poen-513</span> <span class='ocrx_word' id='word_1_178' title='bbox 873 1513 951 1551; x_wconf 85' lang='lat' dir='ltr'>qua</span> <span class='ocrx_word' id='word_1_179' title='bbox 984 1497 1152 1552; x_wconf 88' lang='lat' dir='ltr'>ipsemet</span> <span class='ocrx_word' id='word_1_180' title='bbox 1187 1512 1251 1551; x_wconf 85' lang='lat' dir='ltr'>pa-</span> 
     </span>
    </p>
   </div>
   <div class='ocr_carea' id='block_1_5' title="bbox 1305 177 2352 981">
    <p class='ocr_par' dir='ltr' id='par_1_5' title="bbox 1305 177 2352 981">
     <span class='ocr_line' id='line_1_28' title="bbox 1311 177 2349 232; baseline -0.003 -9"><span class='ocrx_word' id='word_1_181' title='bbox 1311 179 1460 230; x_wconf 79' lang='lat' dir='ltr'>judicio</span> <span class='ocrx_word' id='word_1_182' title='bbox 1502 184 1584 229; x_wconf 86' lang='lat' dir='ltr'>jam</span> <span class='ocrx_word' id='word_1_183' title='bbox 1619 179 1832 223; x_wconf 78' lang='lat' dir='ltr'>cessaverat</span> <span class='ocrx_word' id='word_1_184' title='bbox 1865 190 1958 221; x_wconf 85' lang='lat' dir='ltr'>ante</span> <span class='ocrx_word' id='word_1_185' title='bbox 1994 177 2302 222; x_wconf 78' lang='lat' dir='ltr'>Diocletianum</span> <span class='ocrx_word' id='word_1_186' title='bbox 2336 193 2349 232; x_wconf 79' lang='lat'>3</span> 
     </span>
     <span class='ocr_line' id='line_1_29' title="bbox 1309 234 2352 280; baseline -0.002 -1"><span class='ocrx_word' id='word_1_187' title='bbox 1309 253 1403 280; x_wconf 89' lang='lat' dir='ltr'>cum</span> <span class='ocrx_word' id='word_1_188' title='bbox 1437 251 1532 280; x_wconf 85' lang='lat' dir='ltr'>ante</span> <span class='ocrx_word' id='word_1_189' title='bbox 1564 237 1685 280; x_wconf 81' lang='lat' dir='ltr'>illum</span> <span class='ocrx_word' id='word_1_190' title='bbox 1715 238 1843 280; x_wconf 86' lang='lat' dir='ltr'>etiam</span> <span class='ocrx_word' id='word_1_191' title='bbox 1871 235 2051 279; x_wconf 87' lang='lat' dir='ltr'>venditio</span> <span class='ocrx_word' id='word_1_192' title='bbox 2075 234 2254 280; x_wconf 88' lang='lat' dir='ltr'>filiorum</span> <span class='ocrx_word' id='word_1_193' title='bbox 2285 235 2352 278; x_wconf 87' lang='lat' dir='ltr'>in-</span> 
     </span>
     <span class='ocr_line' id='line_1_30' title="bbox 1309 292 2348 338; baseline -0.002 -2"><span class='ocrx_word' id='word_1_194' title='bbox 1309 294 1476 337; x_wconf 51' lang='lat' dir='ltr'>terdicta</span> <span class='ocrx_word' id='word_1_195' title='bbox 1522 293 1693 338; x_wconf 84' lang='lat' dir='ltr'>fuisset:</span> <span class='ocrx_word' id='word_1_196' title='bbox 1747 308 1791 338; x_wconf 86' lang='lat' dir='ltr'>ut</span> <span class='ocrx_word' id='word_1_197' title='bbox 1833 310 1881 337; x_wconf 84' lang='lat' dir='ltr'>ex</span> <span class='ocrx_word' id='word_1_198' title='bbox 1930 293 2004 336; x_wconf 81' lang='lat' dir='ltr'>suae</span> <span class='ocrx_word' id='word_1_199' title='bbox 2047 292 2348 337; x_wconf 84' lang='lat' dir='ltr'>constitutionis</span> 
     </span>
     <span class='ocr_line' id='line_1_31' title="bbox 1310 351 2351 410; baseline -0.003 -16"><span class='ocrx_word' id='word_1_200' title='bbox 1310 352 1441 410; x_wconf 57' lang='lat' dir='ltr'>gerbis</span> <span class='ocrx_word' id='word_1_201' title='bbox 1474 351 1721 404; x_wconf 73' lang='lat' dir='ltr'>intelligitur</span> <span class='ocrx_word' id='word_1_202' title='bbox 1744 383 1753 394; x_wconf 88' lang='lat'><strong>.</strong></span> <span class='ocrx_word' id='word_1_203' title='bbox 1783 353 1847 408; x_wconf 79' lang='lat' dir='ltr'>(g)</span> <span class='ocrx_word' id='word_1_204' title='bbox 1883 352 2040 394; x_wconf 87' lang='lat' dir='ltr'>Verum</span> <span class='ocrx_word' id='word_1_205' title='bbox 2072 352 2167 406; x_wconf 87' lang='lat' dir='ltr'>quia</span> <span class='ocrx_word' id='word_1_206' title='bbox 2199 366 2351 405; x_wconf 79' lang='lat' dir='ltr'>paren-</span> 
     </span>
     <span class='ocr_line' id='line_1_32' title="bbox 1309 408 2349 465; baseline -0.001 -14"><span class='ocrx_word' id='word_1_207' title='bbox 1309 423 1368 452; x_wconf 87' lang='lat' dir='ltr'>tes</span> <span class='ocrx_word' id='word_1_208' title='bbox 1398 410 1451 453; x_wconf 93' lang='lat' dir='ltr'>ob</span> <span class='ocrx_word' id='word_1_209' title='bbox 1483 409 1669 465; x_wconf 86' lang='lat' dir='ltr'>inopiam</span> <span class='ocrx_word' id='word_1_210' title='bbox 1701 409 1807 453; x_wconf 89' lang='lat' dir='ltr'>filios</span> <span class='ocrx_word' id='word_1_211' title='bbox 1838 409 2132 465; x_wconf 80' lang='lat' dir='ltr'>exponebant,</span> <span class='ocrx_word' id='word_1_212' title='bbox 2163 408 2206 451; x_wconf 86' lang='lat'>&amp;</span> <span class='ocrx_word' id='word_1_213' title='bbox 2231 423 2349 452; x_wconf 82' lang='lat' dir='ltr'>corr·</span> 
     </span>
     <span class='ocr_line' id='line_1_33' title="bbox 1310 466 2349 522; baseline -0.001 -13"><span class='ocrx_word' id='word_1_214' title='bbox 1310 466 1521 510; x_wconf 82' lang='lat' dir='ltr'>movendae</span> <span class='ocrx_word' id='word_1_215' title='bbox 1551 467 1836 511; x_wconf 76' lang='lat' dir='ltr'>misericordiae</span> <span class='ocrx_word' id='word_1_216' title='bbox 1869 467 2202 522; x_wconf 75' lang='lat' dir='ltr'>praetereuntibus</span> <span class='ocrx_word' id='word_1_217' title='bbox 2227 466 2349 509; x_wconf 87' lang='lat' dir='ltr'>mise-</span> 
     </span>
     <span class='ocr_line' id='line_1_34' title="bbox 1310 522 2346 580; baseline -0.001 -14"><span class='ocrx_word' id='word_1_218' title='bbox 1310 540 1347 567; x_wconf 89' lang='lat' dir='ltr'>re</span> <span class='ocrx_word' id='word_1_219' title='bbox 1378 523 1660 578; x_wconf 77' lang='lat' dir='ltr'>objiciebant3</span> <span class='ocrx_word' id='word_1_220' title='bbox 1694 524 1930 580; x_wconf 85' lang='lat' dir='ltr'>potestatem</span> <span class='ocrx_word' id='word_1_221' title='bbox 1956 523 2190 579; x_wconf 86' lang='lat' dir='ltr'>parentibus</span> <span class='ocrx_word' id='word_1_222' title='bbox 2203 522 2346 579; x_wconf 82' lang='lat' dir='ltr'>egenis</span> 
     </span>
     <span class='ocr_line' id='line_1_35' title="bbox 1308 581 2342 634; baseline -0.001 -10"><span class='ocrx_word' id='word_1_223' title='bbox 1308 582 1412 625; x_wconf 85' lang='lat' dir='ltr'>filios</span> <span class='ocrx_word' id='word_1_224' title='bbox 1445 582 1645 625; x_wconf 84' lang='lat' dir='ltr'>vendendi</span> <span class='ocrx_word' id='word_1_225' title='bbox 1666 581 1761 625; x_wconf 88' lang='lat' dir='ltr'>fecit</span> <span class='ocrx_word' id='word_1_226' title='bbox 1782 581 2082 624; x_wconf 86' lang='lat' dir='ltr'>Constantinus</span> <span class='ocrx_word' id='word_1_227' title='bbox 2101 613 2113 634; x_wconf 91' lang='lat'>,</span> <span class='ocrx_word' id='word_1_228' title='bbox 2145 595 2189 624; x_wconf 87' lang='lat' dir='ltr'>ut</span> <span class='ocrx_word' id='word_1_229' title='bbox 2206 593 2342 624; x_wconf 78' lang='lat' dir='ltr'>emto⁴</span> 
     </span>
     <span class='ocr_line' id='line_1_36' title="bbox 1310 637 2344 692; baseline 0 -11"><span class='ocrx_word' id='word_1_230' title='bbox 1310 639 1361 682; x_wconf 82' lang='lat' dir='ltr'>ris</span> <span class='ocrx_word' id='word_1_231' title='bbox 1390 640 1576 683; x_wconf 91' lang='lat' dir='ltr'>dominio</span> <span class='ocrx_word' id='word_1_232' title='bbox 1610 639 1801 683; x_wconf 73' lang='lat' dir='ltr'>subessent</span> <span class='ocrx_word' id='word_1_233' title='bbox 1834 669 1845 690; x_wconf 86' lang='lat'>‚</span> <span class='ocrx_word' id='word_1_234' title='bbox 1893 638 2021 681; x_wconf 86' lang='lat' dir='ltr'>donec</span> <span class='ocrx_word' id='word_1_235' title='bbox 2066 637 2220 681; x_wconf 89' lang='lat' dir='ltr'>reddito</span> <span class='ocrx_word' id='word_1_236' title='bbox 2253 652 2344 692; x_wconf 89' lang='lat' dir='ltr'>pre-</span> 
     </span>
     <span class='ocr_line' id='line_1_37' title="bbox 1308 694 2345 753; baseline -0.004 -13"><span class='ocrx_word' id='word_1_237' title='bbox 1308 698 1372 740; x_wconf 87' lang='lat' dir='ltr'>cio</span> <span class='ocrx_word' id='word_1_238' title='bbox 1394 730 1406 753; x_wconf 88' lang='lat'>‚</span> <span class='ocrx_word' id='word_1_239' title='bbox 1435 698 1567 741; x_wconf 88' lang='lat' dir='ltr'>aliove</span> <span class='ocrx_word' id='word_1_240' title='bbox 1602 695 1809 749; x_wconf 86' lang='lat' dir='ltr'>mancipio</span> <span class='ocrx_word' id='word_1_241' title='bbox 1835 726 1847 746; x_wconf 84' lang='lat'><strong>‚</strong></span> <span class='ocrx_word' id='word_1_242' title='bbox 1880 694 1949 738; x_wconf 86' lang='lat' dir='ltr'>vel</span> <span class='ocrx_word' id='word_1_243' title='bbox 1977 710 1999 736; x_wconf 92' lang='lat' dir='ltr'>a</span> <span class='ocrx_word' id='word_1_244' title='bbox 2033 705 2173 748; x_wconf 81' lang='lat' dir='ltr'>patre,</span> <span class='ocrx_word' id='word_1_245' title='bbox 2206 695 2269 737; x_wconf 87' lang='lat' dir='ltr'>vel</span> <span class='ocrx_word' id='word_1_246' title='bbox 2290 695 2345 736; x_wconf 88' lang='lat' dir='ltr'>ab</span> 
     </span>
     <span class='ocr_line' id='line_1_38' title="bbox 1307 748 2347 814; baseline -0.004 -18"><span class='ocrx_word' id='word_1_247' title='bbox 1307 756 1393 798; x_wconf 82' lang='lat' dir='ltr'>alio</span> <span class='ocrx_word' id='word_1_248' title='bbox 1417 755 1562 811; x_wconf 80' lang='lat' dir='ltr'>quovis</span> <span class='ocrx_word' id='word_1_249' title='bbox 1595 755 1864 797; x_wconf 78' lang='lat' dir='ltr'>liberarentur</span> <span class='ocrx_word' id='word_1_250' title='bbox 1891 784 1900 793; x_wconf 92' lang='lat'><strong>.</strong></span> <span class='ocrx_word' id='word_1_251' title='bbox 1943 752 2032 804; x_wconf 86' lang='lat' dir='ltr'>(h)</span> <span class='ocrx_word' id='word_1_252' title='bbox 2064 751 2138 793; x_wconf 88' lang='lat' dir='ltr'>Sed</span> <span class='ocrx_word' id='word_1_253' title='bbox 2170 749 2253 814; x_wconf 78' lang='lat' dir='ltr'>jam</span> <span class='ocrx_word' id='word_1_254' title='bbox 2288 748 2347 793; x_wconf 88' lang='lat' dir='ltr'>le-</span> 
     </span>
     <span class='ocr_line' id='line_1_39' title="bbox 1305 808 2347 869; baseline -0.007 -13"><span class='ocrx_word' id='word_1_255' title='bbox 1305 829 1373 869; x_wconf 83' lang='lat' dir='ltr'>ges</span> <span class='ocrx_word' id='word_1_256' title='bbox 1406 813 1504 868; x_wconf 82' lang='lat' dir='ltr'>ipsas</span> <span class='ocrx_word' id='word_1_257' title='bbox 1523 815 1627 856; x_wconf 83' lang='lat' dir='ltr'><strong>XII.</strong></span> <span class='ocrx_word' id='word_1_258' title='bbox 1661 810 1892 853; x_wconf 86' lang='lat' dir='ltr'>tabularum</span> <span class='ocrx_word' id='word_1_259' title='bbox 1911 840 1923 862; x_wconf 87' lang='lat'>,</span> <span class='ocrx_word' id='word_1_260' title='bbox 1953 808 2100 865; x_wconf 88' lang='lat' dir='ltr'>quibus</span> <span class='ocrx_word' id='word_1_261' title='bbox 2119 821 2246 862; x_wconf 86' lang='lat' dir='ltr'>patria</span> <span class='ocrx_word' id='word_1_262' title='bbox 2273 822 2347 862; x_wconf 85' lang='lat' dir='ltr'>po-</span> 
     </span>
     <span class='ocr_line' id='line_1_40' title="bbox 1309 862 2348 925; baseline -0.004 -13"><span class='ocrx_word' id='word_1_263' title='bbox 1309 872 1423 914; x_wconf 83' lang='lat' dir='ltr'>testas</span> <span class='ocrx_word' id='word_1_264' title='bbox 1452 867 1841 925; x_wconf 85' lang='lat' dir='ltr'>comprehenditur,</span> <span class='ocrx_word' id='word_1_265' title='bbox 1874 867 2176 920; x_wconf 71' lang='lat' dir='ltr'>producamus,</span> <span class='ocrx_word' id='word_1_266' title='bbox 2205 862 2348 921; x_wconf 82' lang='lat' dir='ltr'>quales</span> 
     </span>
     <span class='ocr_line' id='line_1_41' title="bbox 1306 923 2020 981; baseline -0.008 -9"><span class='ocrx_word' id='word_1_267' title='bbox 1306 930 1478 981; x_wconf 85' lang='lat' dir='ltr'>Jacobus</span> <span class='ocrx_word' id='word_1_268' title='bbox 1511 927 1681 970; x_wconf 83' lang='lat' dir='ltr'>restituit</span> <span class='ocrx_word' id='word_1_269' title='bbox 1713 923 2020 968; x_wconf 76' lang='lat' dir='ltr'>Gothofredus.</span> 
     </span>
    </p>
   </div>
   <div class='ocr_carea' id='block_1_6' title="bbox 1307 982 2347 1215">
    <p class='ocr_par' dir='ltr' id='par_1_6' title="bbox 1307 982 2347 1215">
     <span class='ocr_line' id='line_1_42' title="bbox 1386 982 2346 1052; baseline -0.006 -11"><span class='ocrx_word' id='word_1_270' title='bbox 1386 988 1542 1041; x_wconf 86' lang='lat' dir='ltr'>Endo</span> <span class='ocrx_word' id='word_1_271' title='bbox 1567 984 1742 1037; x_wconf 85' lang='lat' dir='ltr'>liberis</span> <span class='ocrx_word' id='word_1_272' title='bbox 1768 983 1940 1050; x_wconf 79' lang='lat' dir='ltr'>justis,</span> <span class='ocrx_word' id='word_1_273' title='bbox 1985 982 2060 1052; x_wconf 84' lang='lat' dir='ltr'>jus</span> <span class='ocrx_word' id='word_1_274' title='bbox 2085 984 2205 1036; x_wconf 83' lang='lat' dir='ltr'>vitae</span> <span class='ocrx_word' id='word_1_275' title='bbox 2223 1022 2237 1050; x_wconf 82' lang='lat'>,</span> <span class='ocrx_word' id='word_1_276' title='bbox 2261 999 2346 1036; x_wconf 86' lang='lat' dir='ltr'>ne-</span> 
     </span>
     <span class='ocr_line' id='line_1_43' title="bbox 1307 1060 2294 1133; baseline -0.007 -14"><span class='ocrx_word' id='word_1_277' title='bbox 1307 1064 1377 1118; x_wconf 81' lang='lat' dir='ltr'>cis</span> <span class='ocrx_word' id='word_1_278' title='bbox 1404 1062 1852 1131; x_wconf 85' lang='lat' dir='ltr'>venumdandique</span> <span class='ocrx_word' id='word_1_279' title='bbox 1882 1060 2100 1133; x_wconf 82' lang='lat' dir='ltr'>potestas</span> <span class='ocrx_word' id='word_1_280' title='bbox 2128 1060 2294 1132; x_wconf 87' lang='lat' dir='ltr'>patri.</span> 
     </span>
     <span class='ocr_line' id='line_1_44' title="bbox 1385 1134 2347 1215; baseline -0.006 -19"><span class='ocrx_word' id='word_1_281' title='bbox 1385 1142 1437 1197; x_wconf 88' lang='lat' dir='ltr'>Si</span> <span class='ocrx_word' id='word_1_282' title='bbox 1478 1157 1625 1215; x_wconf 84' lang='lat' dir='ltr'>pater</span> <span class='ocrx_word' id='word_1_283' title='bbox 1654 1137 1819 1192; x_wconf 79' lang='lat' dir='ltr'>filium</span> <span class='ocrx_word' id='word_1_284' title='bbox 1860 1154 1938 1191; x_wconf 88' lang='lat' dir='ltr'>ter</span> <span class='ocrx_word' id='word_1_285' title='bbox 1980 1134 2291 1191; x_wconf 87' lang='lat' dir='ltr'>venumduit</span> <span class='ocrx_word' id='word_1_286' title='bbox 2328 1174 2347 1207; x_wconf 89' lang='lat'>,</span> 
     </span>
    </p>
   </div>
   <div class='ocr_carea' id='block_1_7' title="bbox 1306 1212 2350 1364">
    <p class='ocr_par' dir='ltr' id='par_1_7' title="bbox 1306 1212 2350 1364">
     <span class='ocr_line' id='line_1_45' title="bbox 1306 1212 2052 1291; baseline -0.001 -20"><span class='ocrx_word' id='word_1_287' title='bbox 1306 1218 1434 1273; x_wconf 80' lang='lat' dir='ltr'>filius</span> <span class='ocrx_word' id='word_1_288' title='bbox 1477 1239 1506 1272; x_wconf 83' lang='lat' dir='ltr'>a</span> <span class='ocrx_word' id='word_1_289' title='bbox 1549 1235 1695 1291; x_wconf 80' lang='lat' dir='ltr'>patre</span> <span class='ocrx_word' id='word_1_290' title='bbox 1739 1212 1872 1269; x_wconf 82' lang='lat' dir='ltr'>liber</span> <span class='ocrx_word' id='word_1_291' title='bbox 1913 1215 2052 1270; x_wconf 80' lang='lat' dir='ltr'>estc.</span> 
     </span>
     <span class='ocr_line' id='line_1_46' title="bbox 1384 1288 2350 1364; baseline -0.016 -22"><span class='ocrx_word' id='word_1_292' title='bbox 1384 1293 1585 1364; x_wconf 81' lang='lat' dir='ltr'>Endo)</span> <span class='ocrx_word' id='word_1_293' title='bbox 1628 1304 1786 1336; x_wconf 86' lang='lat' dir='ltr'>veteres</span> <span class='ocrx_word' id='word_1_294' title='bbox 1826 1291 2018 1335; x_wconf 86' lang='lat' dir='ltr'>dicebant</span> <span class='ocrx_word' id='word_1_295' title='bbox 2062 1306 2135 1347; x_wconf 89' lang='lat' dir='ltr'>pro</span> <span class='ocrx_word' id='word_1_296' title='bbox 2179 1291 2222 1333; x_wconf 89' lang='lat' dir='ltr'>in</span> <span class='ocrx_word' id='word_1_297' title='bbox 2248 1321 2260 1344; x_wconf 91' lang='lat'>‚</span> <span class='ocrx_word' id='word_1_298' title='bbox 2304 1288 2350 1332; x_wconf 69' lang='grc' dir='ltr'>ἅ</span> 
     </span>
    </p>
   </div>
   <div class='ocr_carea' id='block_1_8' title="bbox 1305 1368 2350 1506">
    <p class='ocr_par' dir='ltr' id='par_1_8' title="bbox 1305 1368 2350 1506">
     <span class='ocr_line' id='line_1_47' title="bbox 1305 1368 2348 1433; baseline -0.006 -15"><span class='ocrx_word' id='word_1_299' title='bbox 1305 1375 1437 1428; x_wconf 73' lang='lat' dir='ltr'>Duit</span> <span class='ocrx_word' id='word_1_300' title='bbox 1472 1387 1544 1427; x_wconf 88' lang='lat' dir='ltr'>pro</span> <span class='ocrx_word' id='word_1_301' title='bbox 1575 1373 1727 1416; x_wconf 78' lang='lat' dir='ltr'>dederit</span> <span class='ocrx_word' id='word_1_302' title='bbox 1752 1404 1761 1415; x_wconf 90' lang='lat'><strong>.</strong></span> <span class='ocrx_word' id='word_1_303' title='bbox 1816 1369 1915 1427; x_wconf 72' lang='lat' dir='ltr'>lusti</span> <span class='ocrx_word' id='word_1_304' title='bbox 1955 1383 2092 1414; x_wconf 74' lang='lat' dir='ltr'>autem</span> <span class='ocrx_word' id='word_1_305' title='bbox 2136 1369 2213 1433; x_wconf 78' lang='lat' dir='ltr'>filii</span> <span class='ocrx_word' id='word_1_306' title='bbox 2257 1368 2348 1413; x_wconf 86' lang='lat' dir='ltr'>sunt</span> 
     </span>
     <span class='ocr_line' id='line_1_48' title="bbox 1306 1448 2350 1506; baseline -0.001 -13"><span class='ocrx_word' id='word_1_307' title='bbox 1306 1449 1485 1506; x_wconf 81' lang='lat' dir='ltr'>legitimi</span> <span class='ocrx_word' id='word_1_308' title='bbox 1514 1482 1526 1503; x_wconf 89' lang='lat'>‚</span> <span class='ocrx_word' id='word_1_309' title='bbox 1560 1451 1637 1494; x_wconf 84' lang='lat' dir='ltr'>sive</span> <span class='ocrx_word' id='word_1_310' title='bbox 1664 1450 1830 1506; x_wconf 85' lang='lat' dir='ltr'>suscepti</span> <span class='ocrx_word' id='word_1_311' title='bbox 1857 1465 1904 1493; x_wconf 78' lang='lat' dir='ltr'>ex</span> <span class='ocrx_word' id='word_1_312' title='bbox 1932 1449 2040 1501; x_wconf 83' lang='lat' dir='ltr'>justis</span> <span class='ocrx_word' id='word_1_313' title='bbox 2065 1448 2249 1504; x_wconf 84' lang='lat' dir='ltr'>nuptiis:</span> <span class='ocrx_word' id='word_1_314' title='bbox 2282 1450 2350 1502; x_wconf 75' lang='lat' dir='ltr'>iu-</span> 
     </span>
    </p>
   </div>
   <div class='ocr_carea' id='block_1_9' title="bbox 1295 1506 2347 1565">
    <p class='ocr_par' dir='ltr' id='par_1_9' title="bbox 1295 1506 2347 1565">
     <span class='ocr_line' id='line_1_49' title="bbox 1295 1506 2347 1565; baseline -0.001 -14"><span class='ocrx_word' id='word_1_315' title='bbox 1295 1507 1402 1564; x_wconf 81' lang='lat' dir='ltr'>stum</span> <span class='ocrx_word' id='word_1_316' title='bbox 1433 1509 1545 1551; x_wconf 87' lang='lat' dir='ltr'>enim</span> <span class='ocrx_word' id='word_1_317' title='bbox 1579 1509 1727 1553; x_wconf 85' lang='lat' dir='ltr'>dicitur</span> <span class='ocrx_word' id='word_1_318' title='bbox 1759 1507 1953 1565; x_wconf 86' lang='lat' dir='ltr'>quidquid</span> <span class='ocrx_word' id='word_1_319' title='bbox 1979 1523 2002 1550; x_wconf 82' lang='lat' dir='ltr'>a</span> <span class='ocrx_word' id='word_1_320' title='bbox 2033 1506 2120 1563; x_wconf 84' lang='lat' dir='ltr'>lege</span> <span class='ocrx_word' id='word_1_321' title='bbox 2141 1506 2347 1550; x_wconf 73' lang='lat' dir='ltr'>habetati·-</span> 
     </span>
    </p>
   </div>
   <div class='ocr_carea' id='block_1_10' title="bbox 220 1552 1712 1618">
    <p class='ocr_par' dir='ltr' id='par_1_10' title="bbox 220 1552 1712 1618">
     <span class='ocr_line' id='line_1_50' title="bbox 220 1552 1712 1618; baseline 0.003 -26"><span class='ocrx_word' id='word_1_322' title='bbox 220 1563 280 1594; x_wconf 80' lang='lat' dir='ltr'>ter</span> <span class='ocrx_word' id='word_1_323' title='bbox 305 1552 539 1594; x_wconf 80' lang='lat' dir='ltr'>censuisset.</span> <span class='ocrx_word' id='word_1_324' title='bbox 570 1554 640 1605; x_wconf 78' lang='lat' dir='ltr'>(d)</span> <span class='ocrx_word' id='word_1_325' title='bbox 666 1555 862 1596; x_wconf 87' lang='lat' dir='ltr'>Ceterum</span> <span class='ocrx_word' id='word_1_326' title='bbox 888 1554 1105 1597; x_wconf 84' lang='lat' dir='ltr'>Ciceronis</span> <span class='ocrx_word' id='word_1_327' title='bbox 1127 1565 1253 1597; x_wconf 84' lang='lat' dir='ltr'>etiam</span> <span class='ocrx_word' id='word_1_328' title='bbox 1302 1566 1538 1610; x_wconf 67' lang='lat' dir='ltr'>&amp;toritatem</span> <span class='ocrx_word' id='word_1_329' title='bbox 1563 1597 1573 1609; x_wconf 71' lang='lat'>‚</span> <span class='ocrx_word' id='word_1_330' title='bbox 1603 1569 1712 1618; x_wconf 58' lang='lat' dir='ltr'>(m)</span> 
     </span>
    </p>
   </div>
   <div class='ocr_carea' id='block_1_11' title="bbox 212 1608 1256 2296">
    <p class='ocr_par' dir='ltr' id='par_1_11' title="bbox 212 1608 1256 2296">
     <span class='ocr_line' id='line_1_51' title="bbox 214 1608 1250 1667; baseline 0.004 -17"><span class='ocrx_word' id='word_1_331' title='bbox 214 1624 301 1651; x_wconf 82' lang='lat' dir='ltr'>aevo</span> <span class='ocrx_word' id='word_1_332' title='bbox 336 1608 551 1651; x_wconf 83' lang='lat' dir='ltr'>ferociebat</span> <span class='ocrx_word' id='word_1_333' title='bbox 583 1610 623 1651; x_wconf 92' lang='lat' dir='ltr'>in</span> <span class='ocrx_word' id='word_1_334' title='bbox 651 1610 756 1652; x_wconf 85' lang='lat' dir='ltr'>filios</span> <span class='ocrx_word' id='word_1_335' title='bbox 777 1610 904 1665; x_wconf 88' lang='lat' dir='ltr'>patria</span> <span class='ocrx_word' id='word_1_336' title='bbox 927 1612 1125 1667; x_wconf 86' lang='lat' dir='ltr'>potestas:</span> <span class='ocrx_word' id='word_1_337' title='bbox 1161 1626 1250 1654; x_wconf 86' lang='lat' dir='ltr'>nar-</span> 
     </span>
     <span class='ocr_line' id='line_1_52' title="bbox 212 1665 1254 1722; baseline 0.005 -15"><span class='ocrx_word' id='word_1_338' title='bbox 212 1677 277 1708; x_wconf 86' lang='lat' dir='ltr'>rat</span> <span class='ocrx_word' id='word_1_339' title='bbox 308 1665 420 1708; x_wconf 77' lang='lat' dir='ltr'>enim</span> <span class='ocrx_word' id='word_1_340' title='bbox 454 1666 660 1710; x_wconf 81' lang='lat' dir='ltr'>Sallustius</span> <span class='ocrx_word' id='word_1_341' title='bbox 701 1667 743 1710; x_wconf 83' lang='lat'>&amp;</span> <span class='ocrx_word' id='word_1_342' title='bbox 780 1667 968 1712; x_wconf 87' lang='lat' dir='ltr'>Valerius</span> <span class='ocrx_word' id='word_1_343' title='bbox 1005 1700 1021 1722; x_wconf 77' lang='lat'>,</span> <span class='ocrx_word' id='word_1_344' title='bbox 1060 1668 1254 1712; x_wconf 84' lang='lat' dir='ltr'>Fulvium</span> 
     </span>
     <span class='ocr_line' id='line_1_53' title="bbox 216 1722 1256 1780; baseline 0.005 -16"><span class='ocrx_word' id='word_1_345' title='bbox 216 1722 422 1765; x_wconf 88' lang='lat' dir='ltr'>Senatoris</span> <span class='ocrx_word' id='word_1_346' title='bbox 453 1723 587 1766; x_wconf 83' lang='lat' dir='ltr'>filium</span> <span class='ocrx_word' id='word_1_347' title='bbox 621 1724 837 1768; x_wconf 58' lang='lat' dir='ltr'>retraffium</span> <span class='ocrx_word' id='word_1_348' title='bbox 870 1742 919 1769; x_wconf 83' lang='lat' dir='ltr'>ex</span> <span class='ocrx_word' id='word_1_349' title='bbox 951 1726 1124 1780; x_wconf 81' lang='lat' dir='ltr'>itinere,</span> <span class='ocrx_word' id='word_1_350' title='bbox 1155 1725 1256 1778; x_wconf 82' lang='lat' dir='ltr'>jussu</span> 
     </span>
     <span class='ocr_line' id='line_1_54' title="bbox 215 1780 1253 1839; baseline 0.005 -18"><span class='ocrx_word' id='word_1_351' title='bbox 215 1782 342 1835; x_wconf 83' lang='lat' dir='ltr'>patris</span> <span class='ocrx_word' id='word_1_352' title='bbox 373 1780 551 1823; x_wconf 87' lang='lat' dir='ltr'>occisum</span> <span class='ocrx_word' id='word_1_353' title='bbox 581 1812 599 1835; x_wconf 55' lang='lat'><em>7</em></span> <span class='ocrx_word' id='word_1_354' title='bbox 625 1782 731 1837; x_wconf 79' lang='lat' dir='ltr'>quod</span> <span class='ocrx_word' id='word_1_355' title='bbox 764 1783 948 1827; x_wconf 86' lang='lat' dir='ltr'>adversus</span> <span class='ocrx_word' id='word_1_356' title='bbox 981 1783 1156 1839; x_wconf 83' lang='lat' dir='ltr'>patriam</span> <span class='ocrx_word' id='word_1_357' title='bbox 1190 1783 1253 1826; x_wconf 90' lang='lat' dir='ltr'>in-</span> 
     </span>
     <span class='ocr_line' id='line_1_55' title="bbox 214 1836 1253 1894; baseline 0.003 -15"><span class='ocrx_word' id='word_1_358' title='bbox 214 1848 277 1879; x_wconf 79' lang='lat' dir='ltr'>ter</span> <span class='ocrx_word' id='word_1_359' title='bbox 307 1836 580 1880; x_wconf 78' lang='lat' dir='ltr'>Catilinarios</span> <span class='ocrx_word' id='word_1_360' title='bbox 610 1838 847 1890; x_wconf 73' lang='lat' dir='ltr'>conjurasset</span> <span class='ocrx_word' id='word_1_361' title='bbox 876 1857 887 1894; x_wconf 77' lang='lat'><em>3</em></span> <span class='ocrx_word' id='word_1_362' title='bbox 918 1843 976 1894; x_wconf 85' lang='lat' dir='ltr'>(e)</span> <span class='ocrx_word' id='word_1_363' title='bbox 1008 1857 1082 1884; x_wconf 87' lang='lat' dir='ltr'>nec</span> <span class='ocrx_word' id='word_1_364' title='bbox 1113 1840 1253 1884; x_wconf 87' lang='lat' dir='ltr'>desunt</span> 
     </span>
     <span class='ocr_line' id='line_1_56' title="bbox 217 1893 1254 1953; baseline 0.005 -17"><span class='ocrx_word' id='word_1_365' title='bbox 217 1893 323 1948; x_wconf 85' lang='lat' dir='ltr'>apud</span> <span class='ocrx_word' id='word_1_366' title='bbox 349 1895 546 1938; x_wconf 85' lang='lat' dir='ltr'>Senecam</span> <span class='ocrx_word' id='word_1_367' title='bbox 567 1927 579 1947; x_wconf 82' lang='grc'>.,</span> <span class='ocrx_word' id='word_1_368' title='bbox 600 1896 642 1939; x_wconf 85' lang='lat'>&amp;</span> <span class='ocrx_word' id='word_1_369' title='bbox 667 1897 768 1939; x_wconf 87' lang='lat' dir='ltr'>alios</span> <span class='ocrx_word' id='word_1_370' title='bbox 793 1897 871 1940; x_wconf 84' lang='lat' dir='ltr'>alia</span> <span class='ocrx_word' id='word_1_371' title='bbox 894 1898 1133 1953; x_wconf 83' lang='lat' dir='ltr'>recentioris</span> <span class='ocrx_word' id='word_1_372' title='bbox 1159 1910 1254 1941; x_wconf 84' lang='lat' dir='ltr'>aeta-</span> 
     </span>
     <span class='ocr_line' id='line_1_57' title="bbox 215 1951 1255 2015; baseline 0.005 -22"><span class='ocrx_word' id='word_1_373' title='bbox 215 1951 271 2015; x_wconf 61' lang='lat'>3³⁵</span> <span class='ocrx_word' id='word_1_374' title='bbox 294 1951 508 2005; x_wconf 17' lang='lat' dir='ltr'>exemplar.</span> <span class='ocrx_word' id='word_1_375' title='bbox 542 1951 624 2005; x_wconf 90' lang='lat' dir='ltr'>(f)</span> <span class='ocrx_word' id='word_1_376' title='bbox 648 1955 906 1998; x_wconf 86' lang='lat' dir='ltr'>Exercebant</span> <span class='ocrx_word' id='word_1_377' title='bbox 929 1956 1041 1999; x_wconf 89' lang='lat' dir='ltr'>enim</span> <span class='ocrx_word' id='word_1_378' title='bbox 1069 1968 1255 2011; x_wconf 88' lang='lat' dir='ltr'>parentes</span> 
     </span>
     <span class='ocr_line' id='line_1_58' title="bbox 215 2008 1254 2068; baseline 0.008 -19"><span class='ocrx_word' id='word_1_379' title='bbox 215 2023 261 2050; x_wconf 85' lang='lat' dir='ltr'>m</span> <span class='ocrx_word' id='word_1_380' title='bbox 288 2008 394 2051; x_wconf 85' lang='lat' dir='ltr'>filios</span> <span class='ocrx_word' id='word_1_381' title='bbox 419 2009 634 2053; x_wconf 79' lang='lat' dir='ltr'>domestica</span> <span class='ocrx_word' id='word_1_382' title='bbox 659 2010 806 2062; x_wconf 81' lang='lat' dir='ltr'>judicia</span> <span class='ocrx_word' id='word_1_383' title='bbox 828 2044 840 2065; x_wconf 87' lang='lat'>,</span> <span class='ocrx_word' id='word_1_384' title='bbox 860 2013 1055 2057; x_wconf 82' lang='lat' dir='ltr'>consultis</span> <span class='ocrx_word' id='word_1_385' title='bbox 1076 2013 1254 2068; x_wconf 87' lang='lat' dir='ltr'>plerum-</span> 
     </span>
     <span class='ocr_line' id='line_1_59' title="bbox 216 2064 1250 2125; baseline 0.007 -18"><span class='ocrx_word' id='word_1_386' title='bbox 216 2080 295 2120; x_wconf 92' lang='lat' dir='ltr'>que</span> <span class='ocrx_word' id='word_1_387' title='bbox 322 2064 547 2109; x_wconf 81' lang='lat' dir='ltr'>necessariis</span> <span class='ocrx_word' id='word_1_388' title='bbox 580 2096 599 2117; x_wconf 87' lang='lat'>‚.</span> <span class='ocrx_word' id='word_1_389' title='bbox 624 2067 687 2111; x_wconf 83' lang='lat' dir='ltr'>vel</span> <span class='ocrx_word' id='word_1_390' title='bbox 724 2069 974 2125; x_wconf 81' lang='lat' dir='ltr'>principibus</span> <span class='ocrx_word' id='word_1_391' title='bbox 993 2102 1006 2124; x_wconf 90' lang='lat'>,</span> <span class='ocrx_word' id='word_1_392' title='bbox 1042 2070 1102 2113; x_wconf 79' lang='lat' dir='ltr'>vel</span> <span class='ocrx_word' id='word_1_393' title='bbox 1130 2072 1250 2114; x_wconf 87' lang='lat' dir='ltr'>Sena-</span> 
     </span>
     <span class='ocr_line' id='line_1_60' title="bbox 216 2123 1254 2180; baseline 0.008 -17"><span class='ocrx_word' id='word_1_394' title='bbox 216 2123 373 2166; x_wconf 85' lang='lat' dir='ltr'>toribus</span> <span class='ocrx_word' id='word_1_395' title='bbox 393 2154 406 2177; x_wconf 82' lang='lat'>‚</span> <span class='ocrx_word' id='word_1_396' title='bbox 436 2137 506 2166; x_wconf 88' lang='lat' dir='ltr'>aut</span> <span class='ocrx_word' id='word_1_397' title='bbox 535 2126 831 2180; x_wconf 84' lang='lat' dir='ltr'>magistratibus</span> <span class='ocrx_word' id='word_1_398' title='bbox 858 2144 867 2169; x_wconf 90' lang='lat'>:</span> <span class='ocrx_word' id='word_1_399' title='bbox 919 2142 966 2170; x_wconf 89' lang='lat' dir='ltr'>ut</span> <span class='ocrx_word' id='word_1_400' title='bbox 989 2141 1084 2171; x_wconf 87' lang='lat' dir='ltr'>ante</span> <span class='ocrx_word' id='word_1_401' title='bbox 1109 2129 1254 2170; x_wconf 78' lang='lat' dir='ltr'>Adria-</span> 
     </span>
     <span class='ocr_line' id='line_1_61' title="bbox 216 2179 1253 2238; baseline 0.007 -18"><span class='ocrx_word' id='word_1_402' title='bbox 216 2193 350 2233; x_wconf 86' lang='lat' dir='ltr'>num,</span> <span class='ocrx_word' id='word_1_403' title='bbox 382 2179 518 2224; x_wconf 76' lang='lat' dir='ltr'>velut</span> <span class='ocrx_word' id='word_1_404' title='bbox 545 2181 618 2224; x_wconf 85' lang='lat' dir='ltr'>alii</span> <span class='ocrx_word' id='word_1_405' title='bbox 647 2183 880 2226; x_wconf 88' lang='lat' dir='ltr'>existimant</span> <span class='ocrx_word' id='word_1_406' title='bbox 905 2185 1216 2227; x_wconf 85' lang='lat' dir='ltr'>Diocletianum</span> <span class='ocrx_word' id='word_1_407' title='bbox 1242 2217 1253 2238; x_wconf 90' lang='lat'><strong>‚</strong></span> 
     </span>
     <span class='ocr_line' id='line_1_62' title="bbox 215 2239 1256 2296; baseline 0.007 -18"><span class='ocrx_word' id='word_1_408' title='bbox 215 2247 494 2291; x_wconf 80' lang='lat' dir='ltr'>temperatum</span> <span class='ocrx_word' id='word_1_409' title='bbox 520 2239 683 2293; x_wconf 82' lang='lat' dir='ltr'>quidem</span> <span class='ocrx_word' id='word_1_410' title='bbox 708 2239 769 2291; x_wconf 80' lang='lat' dir='ltr'>jus</span> <span class='ocrx_word' id='word_1_411' title='bbox 794 2242 966 2285; x_wconf 81' lang='lat' dir='ltr'>neca-ndi</span> <span class='ocrx_word' id='word_1_412' title='bbox 989 2241 1096 2285; x_wconf 81' lang='lat' dir='ltr'>filios</span> <span class='ocrx_word' id='word_1_413' title='bbox 1118 2243 1256 2296; x_wconf 75' lang='lat' dir='ltr'>fuerit3</span> 
     </span>
    </p>
   </div>
   <div class='ocr_carea' id='block_1_12' title="bbox 211 2365 796 2378">
    <p class='ocr_par' dir='ltr' id='par_1_12' title="bbox 211 2365 796 2378">
     <span class='ocr_line' id='line_1_63' title="bbox 211 2365 796 2378; baseline 0 -3"><span class='ocrx_word' id='word_1_414' title='bbox 211 2365 432 2375; x_wconf 74' lang='lat'><em>——--—</em></span> <span class='ocrx_word' id='word_1_415' title='bbox 672 2369 796 2378; x_wconf 78' lang='lat'>——.</span> 
     </span>
    </p>
   </div>
   <div class='ocr_carea' id='block_1_13' title="bbox 214 2395 1257 2580">
    <p class='ocr_par' dir='ltr' id='par_1_13' title="bbox 260 2395 880 2442">
     <span class='ocr_line' id='line_1_64' title="bbox 260 2395 880 2442; baseline 0.01 -15"><span class='ocrx_word' id='word_1_416' title='bbox 260 2395 319 2433; x_wconf 82' lang='lat' dir='ltr'>(a)</span> <span class='ocrx_word' id='word_1_417' title='bbox 346 2399 379 2428; x_wconf 86' lang='lat' dir='ltr'>L.</span> <span class='ocrx_word' id='word_1_418' title='bbox 404 2407 429 2428; x_wconf 75' lang='grc' dir='ltr'>ι.</span> <span class='ocrx_word' id='word_1_419' title='bbox 458 2399 484 2440; x_wconf 86' lang='lat'><em>§</em></span> <span class='ocrx_word' id='word_1_420' title='bbox 506 2400 566 2430; x_wconf 83' lang='lat' dir='ltr'>ult.</span> <span class='ocrx_word' id='word_1_421' title='bbox 593 2397 633 2442; x_wconf 72' lang='lat' dir='ltr'>ff</span> <span class='ocrx_word' id='word_1_422' title='bbox 649 2400 686 2430; x_wconf 81' lang='lat' dir='ltr'>de</span> <span class='ocrx_word' id='word_1_423' title='bbox 705 2399 761 2431; x_wconf 70' lang='lat' dir='ltr'>lib.</span> <span class='ocrx_word' id='word_1_424' title='bbox 778 2400 880 2434; x_wconf 76' lang='lat' dir='ltr'>exhib.</span> 
     </span>
    </p>

    <p class='ocr_par' dir='ltr' id='par_1_14' title="bbox 214 2440 1257 2580">
     <span class='ocr_line' id='line_1_65' title="bbox 242 2440 1257 2491; baseline 0.007 -19"><span class='ocrx_word' id='word_1_425' title='bbox 242 2440 318 2491; x_wconf 47' lang='grc'>.(’)</span> <span class='ocrx_word' id='word_1_426' title='bbox 342 2442 446 2473; x_wconf 85' lang='lat' dir='ltr'>Simul</span> <span class='ocrx_word' id='word_1_427' title='bbox 462 2451 497 2475; x_wconf 90' lang='lat' dir='ltr'>ut</span> <span class='ocrx_word' id='word_1_428' title='bbox 515 2443 556 2475; x_wconf 89' lang='lat' dir='ltr'>ab</span> <span class='ocrx_word' id='word_1_429' title='bbox 571 2443 735 2477; x_wconf 77' lang='lat' dir='ltr'>illecebris</span> <span class='ocrx_word' id='word_1_430' title='bbox 766 2455 852 2488; x_wconf 80' lang='lat' dir='ltr'>vagae</span> <span class='ocrx_word' id='word_1_431' title='bbox 871 2447 1002 2480; x_wconf 83' lang='lat' dir='ltr'>Veneris</span> <span class='ocrx_word' id='word_1_432' title='bbox 1029 2447 1066 2479; x_wconf 86' lang='lat' dir='ltr'>ad</span> <span class='ocrx_word' id='word_1_433' title='bbox 1084 2448 1257 2481; x_wconf 81' lang='lat' dir='ltr'>matrimo-</span> 
     </span>
     <span class='ocr_line' id='line_1_66' title="bbox 214 2486 1256 2530; baseline 0.009 -14"><span class='ocrx_word' id='word_1_434' title='bbox 214 2494 270 2516; x_wconf 82' lang='lat' dir='ltr'>nia</span> <span class='ocrx_word' id='word_1_435' title='bbox 300 2486 451 2525; x_wconf 61' lang='lat' dir='ltr'>legitima</span> <span class='ocrx_word' id='word_1_436' title='bbox 485 2488 719 2529; x_wconf 74' lang='lat' dir='ltr'>pellicerentur</span> <span class='ocrx_word' id='word_1_437' title='bbox 742 2488 876 2526; x_wconf 67' lang='lat' dir='ltr'>iuvenes</span> <span class='ocrx_word' id='word_1_438' title='bbox 894 2515 905 2530; x_wconf 73' lang='lat'>‚</span> <span class='ocrx_word' id='word_1_439' title='bbox 931 2494 1005 2525; x_wconf 84' lang='lat' dir='ltr'>dein</span> <span class='ocrx_word' id='word_1_440' title='bbox 1032 2494 1127 2526; x_wconf 86' lang='lat' dir='ltr'>liberi</span> <span class='ocrx_word' id='word_1_441' title='bbox 1157 2497 1256 2525; x_wconf 72' lang='lat' dir='ltr'>luxuri</span> 
     </span>
     <span class='ocr_line' id='line_1_67' title="bbox 215 2531 1255 2580; baseline 0.012 -21"><span class='ocrx_word' id='word_1_442' title='bbox 215 2540 234 2559; x_wconf 82' lang='lat' dir='ltr'>a</span> <span class='ocrx_word' id='word_1_443' title='bbox 261 2532 344 2562; x_wconf 83' lang='lat' dir='ltr'>tristi</span> <span class='ocrx_word' id='word_1_444' title='bbox 380 2531 434 2563; x_wconf 84' lang='lat' dir='ltr'>illa</span> <span class='ocrx_word' id='word_1_445' title='bbox 450 2532 644 2571; x_wconf 71' lang='lat' dir='ltr'>severitate,</span> <span class='ocrx_word' id='word_1_446' title='bbox 673 2535 706 2566; x_wconf 92' lang='lat' dir='ltr'>in</span> <span class='ocrx_word' id='word_1_447' title='bbox 731 2545 829 2577; x_wconf 86' lang='lat' dir='ltr'>quam</span> <span class='ocrx_word' id='word_1_448' title='bbox 862 2547 917 2569; x_wconf 86' lang='lat' dir='ltr'>eos</span> <span class='ocrx_word' id='word_1_449' title='bbox 944 2539 1090 2580; x_wconf 81' lang='lat' dir='ltr'>patribus</span> <span class='ocrx_word' id='word_1_450' title='bbox 1119 2538 1189 2570; x_wconf 84' lang='lat' dir='ltr'>dira</span> <span class='ocrx_word' id='word_1_451' title='bbox 1205 2539 1255 2571; x_wconf 71' lang='lat' dir='ltr'>lex</span> 
     </span>
    </p>
   </div>
   <div class='ocr_carea' id='block_1_14' title="bbox 215 2571 1260 2657">
    <p class='ocr_par' dir='ltr' id='par_1_15' title="bbox 215 2571 1260 2657">
     <span class='ocr_line' id='line_1_68' title="bbox 215 2571 1260 2627; baseline 0.013 -23"><span class='ocrx_word' id='word_1_452' title='bbox 215 2571 548 2625; x_wconf 59' lang='lat' dir='ltr'>Rpmufft‘jadiderat</span> <span class='ocrx_word' id='word_1_453' title='bbox 566 2600 575 2616; x_wconf 80' lang='lat'>‚</span> <span class='ocrx_word' id='word_1_454' title='bbox 603 2590 678 2611; x_wconf 78' lang='lat' dir='ltr'>cum</span> <span class='ocrx_word' id='word_1_455' title='bbox 695 2580 774 2611; x_wconf 80' lang='lat' dir='ltr'>alias</span> <span class='ocrx_word' id='word_1_456' title='bbox 807 2579 941 2618; x_wconf 74' lang='lat' dir='ltr'>juvenes</span> <span class='ocrx_word' id='word_1_457' title='bbox 965 2584 1021 2626; x_wconf 78' lang='lat' dir='ltr'>qui</span> <span class='ocrx_word' id='word_1_458' title='bbox 1048 2592 1162 2616; x_wconf 81' lang='lat' dir='ltr'>amant</span> <span class='ocrx_word' id='word_1_459' title='bbox 1188 2595 1260 2627; x_wconf 84' lang='lat' dir='ltr'>gra·</span> 
     </span>
     <span class='ocr_line' id='line_1_69' title="bbox 218 2619 783 2657; baseline 0.007 -6"><span class='ocrx_word' id='word_1_460' title='bbox 218 2627 302 2651; x_wconf 77' lang='lat' dir='ltr'>viter</span> <span class='ocrx_word' id='word_1_461' title='bbox 328 2619 384 2651; x_wconf 82' lang='lat' dir='ltr'>sibi</span> <span class='ocrx_word' id='word_1_462' title='bbox 400 2620 469 2653; x_wconf 81' lang='lat' dir='ltr'>dari</span> <span class='ocrx_word' id='word_1_463' title='bbox 496 2632 636 2655; x_wconf 77' lang='lat' dir='ltr'>uxorem</span> <span class='ocrx_word' id='word_1_464' title='bbox 651 2625 757 2657; x_wconf 80' lang='lat' dir='ltr'>lerant</span> <span class='ocrx_word' id='word_1_465' title='bbox 773 2648 783 2655; x_wconf 88' lang='lat'><strong>.</strong></span> 
     </span>
    </p>
   </div>
   <div class='ocr_carea' id='block_1_15' title="bbox 216 2661 1257 3023">
    <p class='ocr_par' dir='ltr' id='par_1_16' title="bbox 260 2661 806 2710">
     <span class='ocr_line' id='line_1_70' title="bbox 260 2661 806 2710; baseline 0.013 -17"><span class='ocrx_word' id='word_1_466' title='bbox 260 2661 319 2702; x_wconf 79' lang='lat' dir='ltr'>(b)</span> <span class='ocrx_word' id='word_1_467' title='bbox 345 2666 381 2695; x_wconf 91' lang='lat' dir='ltr'>L.</span> <span class='ocrx_word' id='word_1_468' title='bbox 407 2675 452 2696; x_wconf 78' lang='grc' dir='ltr'>ιι.</span> <span class='ocrx_word' id='word_1_469' title='bbox 478 2665 513 2708; x_wconf 80' lang='lat' dir='ltr'>ff.</span> <span class='ocrx_word' id='word_1_470' title='bbox 531 2668 568 2698; x_wconf 74' lang='lat' dir='ltr'>d:</span> <span class='ocrx_word' id='word_1_471' title='bbox 584 2668 641 2699; x_wconf 72' lang='lat' dir='ltr'>tib.</span> <span class='ocrx_word' id='word_1_472' title='bbox 657 2668 695 2700; x_wconf 65' lang='lat'>(⁴³⁴</span> <span class='ocrx_word' id='word_1_473' title='bbox 710 2668 806 2710; x_wconf 61' lang='lat' dir='ltr'>polilt.</span> 
     </span>
    </p>

    <p class='ocr_par' dir='ltr' id='par_1_17' title="bbox 261 2709 1136 2759">
     <span class='ocr_line' id='line_1_71' title="bbox 261 2709 1136 2759; baseline 0.013 -21"><span class='ocrx_word' id='word_1_474' title='bbox 261 2709 281 2746; x_wconf 89' lang='lat'>(</span> <span class='ocrx_word' id='word_1_475' title='bbox 295 2709 333 2743; x_wconf 86' lang='lat' dir='ltr'>e)</span> <span class='ocrx_word' id='word_1_476' title='bbox 361 2711 398 2739; x_wconf 80' lang='grc' dir='ltr'>Ι..</span> <span class='ocrx_word' id='word_1_477' title='bbox 420 2711 534 2741; x_wconf 80' lang='lat' dir='ltr'>Divus</span> <span class='ocrx_word' id='word_1_478' title='bbox 551 2720 579 2748; x_wconf 77' lang='grc'>5.</span> <span class='ocrx_word' id='word_1_479' title='bbox 609 2711 648 2755; x_wconf 76' lang='lat' dir='ltr'>ff.</span> <span class='ocrx_word' id='word_1_480' title='bbox 669 2715 709 2744; x_wconf 79' lang='lat' dir='ltr'>ad</span> <span class='ocrx_word' id='word_1_481' title='bbox 740 2717 774 2745; x_wconf 90' lang='lat' dir='ltr'>L.</span> <span class='ocrx_word' id='word_1_482' title='bbox 793 2715 901 2758; x_wconf 75' lang='lat' dir='ltr'>Pomp.</span> <span class='ocrx_word' id='word_1_483' title='bbox 918 2717 956 2749; x_wconf 68' lang='lat' dir='ltr'>dr</span> <span class='ocrx_word' id='word_1_484' title='bbox 980 2717 1136 2759; x_wconf 60' lang='lat' dir='ltr'>pam‘cffl.</span> 
     </span>
    </p>

    <p class='ocr_par' dir='ltr' id='par_1_18' title="bbox 261 2753 828 2798">
     <span class='ocr_line' id='line_1_72' title="bbox 261 2753 828 2798; baseline 0.011 -15"><span class='ocrx_word' id='word_1_485' title='bbox 261 2753 311 2792; x_wconf 83' lang='lat' dir='ltr'>(d</span> <span class='ocrx_word' id='word_1_486' title='bbox 330 2756 338 2790; x_wconf 93' lang='lat'><strong>)</strong></span> <span class='ocrx_word' id='word_1_487' title='bbox 365 2755 400 2784; x_wconf 88' lang='lat' dir='ltr'>L.</span> <span class='ocrx_word' id='word_1_488' title='bbox 420 2763 447 2791; x_wconf 84' lang='lat'>3.</span> <span class='ocrx_word' id='word_1_489' title='bbox 472 2755 545 2786; x_wconf 79' lang='lat' dir='ltr'>eod.</span> <span class='ocrx_word' id='word_1_490' title='bbox 568 2756 604 2786; x_wconf 83' lang='lat' dir='ltr'>de</span> <span class='ocrx_word' id='word_1_491' title='bbox 620 2764 702 2797; x_wconf 76' lang='lat' dir='ltr'>patr.</span> <span class='ocrx_word' id='word_1_492' title='bbox 719 2757 828 2798; x_wconf 73' lang='lat' dir='ltr'>potest.</span> 
     </span>
    </p>

    <p class='ocr_par' dir='ltr' id='par_1_19' title="bbox 216 2797 1257 2883">
     <span class='ocr_line' id='line_1_73' title="bbox 261 2797 1257 2845; baseline 0.012 -19"><span class='ocrx_word' id='word_1_493' title='bbox 261 2797 339 2836; x_wconf 82' lang='lat' dir='ltr'>(e)</span> <span class='ocrx_word' id='word_1_494' title='bbox 366 2799 494 2831; x_wconf 76' lang='lat' dir='ltr'>Sallust.</span> <span class='ocrx_word' id='word_1_495' title='bbox 527 2800 563 2832; x_wconf 81' lang='lat' dir='ltr'>in</span> <span class='ocrx_word' id='word_1_496' title='bbox 581 2802 682 2832; x_wconf 79' lang='lat' dir='ltr'>Catil.</span> <span class='ocrx_word' id='word_1_497' title='bbox 716 2811 787 2842; x_wconf 71' lang='lat' dir='ltr'>cap.</span> <span class='ocrx_word' id='word_1_498' title='bbox 807 2813 858 2842; x_wconf 79' lang='lat'>39.</span> <span class='ocrx_word' id='word_1_499' title='bbox 888 2805 996 2838; x_wconf 83' lang='lat' dir='ltr'>Valer.</span> <span class='ocrx_word' id='word_1_500' title='bbox 1025 2808 1128 2838; x_wconf 78' lang='lat' dir='ltr'>Max.</span> <span class='ocrx_word' id='word_1_501' title='bbox 1153 2804 1210 2839; x_wconf 77' lang='lat' dir='ltr'>lib.</span> <span class='ocrx_word' id='word_1_502' title='bbox 1230 2816 1257 2845; x_wconf 83' lang='grc'>5.</span> 
     </span>
     <span class='ocr_line' id='line_1_74' title="bbox 216 2844 468 2883; baseline 0 -9"><span class='ocrx_word' id='word_1_503' title='bbox 216 2849 286 2883; x_wconf 74' lang='lat' dir='ltr'>up.</span> <span class='ocrx_word' id='word_1_504' title='bbox 309 2844 329 2872; x_wconf 82' lang='lat'>8</span> <span class='ocrx_word' id='word_1_505' title='bbox 367 2855 419 2874; x_wconf 80' lang='lat' dir='ltr'>nu.</span> <span class='ocrx_word' id='word_1_506' title='bbox 440 2852 468 2881; x_wconf 81' lang='lat'>5.</span> 
     </span>
    </p>

    <p class='ocr_par' dir='ltr' id='par_1_20' title="bbox 217 2887 1257 2966">
     <span class='ocr_line' id='line_1_75' title="bbox 263 2887 1257 2938; baseline 0.01 -20"><span class='ocrx_word' id='word_1_507' title='bbox 263 2887 343 2928; x_wconf 78' lang='lat' dir='ltr'>(f)</span> <span class='ocrx_word' id='word_1_508' title='bbox 370 2891 478 2920; x_wconf 86' lang='lat' dir='ltr'>Senec.</span> <span class='ocrx_word' id='word_1_509' title='bbox 495 2889 531 2920; x_wconf 82' lang='lat' dir='ltr'>de</span> <span class='ocrx_word' id='word_1_510' title='bbox 547 2891 645 2921; x_wconf 77' lang='lat' dir='ltr'>Clem.</span> <span class='ocrx_word' id='word_1_511' title='bbox 665 2888 721 2922; x_wconf 84' lang='lat' dir='ltr'>lib.</span> <span class='ocrx_word' id='word_1_512' title='bbox 743 2901 769 2923; x_wconf 84' lang='lat'>1.</span> <span class='ocrx_word' id='word_1_513' title='bbox 795 2903 879 2933; x_wconf 82' lang='lat' dir='ltr'>c.14.</span> <span class='ocrx_word' id='word_1_514' title='bbox 901 2893 939 2926; x_wconf 73' lang='lat'>(9¹</span> <span class='ocrx_word' id='word_1_515' title='bbox 962 2905 1010 2934; x_wconf 75' lang='grc' dir='ltr'>ις.</span> <span class='ocrx_word' id='word_1_516' title='bbox 1026 2895 1123 2929; x_wconf 87' lang='lat' dir='ltr'>Dion.</span> <span class='ocrx_word' id='word_1_517' title='bbox 1141 2896 1257 2938; x_wconf 76' lang='lat' dir='ltr'>lib-37.</span> 
     </span>
     <span class='ocr_line' id='line_1_76' title="bbox 217 2935 557 2966; baseline 0.009 -4"><span class='ocrx_word' id='word_1_518' title='bbox 217 2935 354 2966; x_wconf 65' lang='lat' dir='ltr'>Sveton.</span> <span class='ocrx_word' id='word_1_519' title='bbox 385 2935 420 2964; x_wconf 81' lang='lat' dir='ltr'>in</span> <span class='ocrx_word' id='word_1_520' title='bbox 441 2935 557 2965; x_wconf 77' lang='lat' dir='ltr'>Claud.</span> 
     </span>
    </p>

    <p class='ocr_par' dir='ltr' id='par_1_21' title="bbox 261 2978 990 3023">
     <span class='ocr_line' id='line_1_77' title="bbox 261 2978 990 3023; baseline 0.012 -16"><span class='ocrx_word' id='word_1_521' title='bbox 261 2978 323 3017; x_wconf 66' lang='lat' dir='ltr'>(g)</span> <span class='ocrx_word' id='word_1_522' title='bbox 349 2980 386 3009; x_wconf 84' lang='lat' dir='ltr'>L.</span> <span class='ocrx_word' id='word_1_523' title='bbox 412 2989 437 3009; x_wconf 84' lang='lat'>1.</span> <span class='ocrx_word' id='word_1_524' title='bbox 465 2982 499 3009; x_wconf 90' lang='lat' dir='ltr'>C.</span> <span class='ocrx_word' id='word_1_525' title='bbox 518 2979 556 3011; x_wconf 82' lang='lat' dir='ltr'>de</span> <span class='ocrx_word' id='word_1_526' title='bbox 570 2979 689 3020; x_wconf 73' lang='lat' dir='ltr'>patrib.</span> <span class='ocrx_word' id='word_1_527' title='bbox 711 2982 767 3023; x_wconf 73' lang='lat' dir='ltr'>qm·</span> <span class='ocrx_word' id='word_1_528' title='bbox 778 2981 838 3022; x_wconf 71' lang='lat' dir='ltr'>fil.</span> <span class='ocrx_word' id='word_1_529' title='bbox 857 2981 990 3022; x_wconf 56' lang='lat' dir='ltr'>dista-x.</span> 
     </span>
    </p>
   </div>
   <div class='ocr_carea' id='block_1_16' title="bbox 218 3022 1260 3111">
    <p class='ocr_par' dir='ltr' id='par_1_22' title="bbox 218 3022 1260 3111">
     <span class='ocr_line' id='line_1_78' title="bbox 244 3022 1260 3075; baseline 0.013 -22"><span class='ocrx_word' id='word_1_530' title='bbox 244 3022 321 3075; x_wconf 41' lang='grc' dir='ltr'>,(Ιθ</span> <span class='ocrx_word' id='word_1_531' title='bbox 348 3025 375 3054; x_wconf 89' lang='lat' dir='ltr'><strong><em>L</em></strong></span> <span class='ocrx_word' id='word_1_532' title='bbox 391 3034 408 3054; x_wconf 86' lang='lat'>2</span> <span class='ocrx_word' id='word_1_533' title='bbox 439 3024 513 3055; x_wconf 69' lang='lat' dir='ltr'>eod.</span> <span class='ocrx_word' id='word_1_534' title='bbox 527 3025 662 3072; x_wconf 41' lang='lat' dir='ltr'>sie-patr.</span> <span class='ocrx_word' id='word_1_535' title='bbox 681 3026 804 3070; x_wconf 74' lang='lat' dir='ltr'>quifil.</span> <span class='ocrx_word' id='word_1_536' title='bbox 825 3027 956 3070; x_wconf 59' lang='lat' dir='ltr'>dustram</span> <span class='ocrx_word' id='word_1_537' title='bbox 986 3029 1026 3064; x_wconf 62' lang='grc' dir='ltr'>ὢ·</span> <span class='ocrx_word' id='word_1_538' title='bbox 1041 3034 1079 3065; x_wconf 80' lang='lat' dir='ltr'>C.</span> <span class='ocrx_word' id='word_1_539' title='bbox 1095 3032 1132 3065; x_wconf 76' lang='lat' dir='ltr'>de</span> <span class='ocrx_word' id='word_1_540' title='bbox 1153 3032 1260 3075; x_wconf 73' lang='lat' dir='ltr'>infan-</span> 
     </span>
     <span class='ocr_line' id='line_1_79' title="bbox 218 3063 626 3111; baseline 0.007 -12"><span class='ocrx_word' id='word_1_541' title='bbox 218 3063 279 3101; x_wconf 76' lang='lat' dir='ltr'>nb.</span> <span class='ocrx_word' id='word_1_542' title='bbox 297 3067 425 3111; x_wconf 69' lang='lat' dir='ltr'>exposit.</span> <span class='ocrx_word' id='word_1_543' title='bbox 440 3067 497 3102; x_wconf 71' lang='lat' dir='ltr'>ubi</span> <span class='ocrx_word' id='word_1_544' title='bbox 513 3073 626 3108; x_wconf 68' lang='lat' dir='ltr'>cujac.</span> 
     </span>
    </p>
   </div>
   <div class='ocr_carea' id='block_1_17' title="bbox 435 2368 543 2376">
    <p class='ocr_par' dir='ltr' id='par_1_23' title="bbox 435 2368 543 2376">
     <span class='ocr_line' id='line_1_80' title="bbox 435 2368 543 2376; baseline 0 0"><span class='ocrx_word' id='word_1_545' title='bbox 435 2368 543 2376; x_wconf 95' lang='lat' dir='ltr'> </span> 
     </span>
    </p>
   </div>
   <div class='ocr_carea' id='block_1_18' title="bbox 551 2367 670 2378">
    <p class='ocr_par' dir='ltr' id='par_1_24' title="bbox 551 2367 670 2378">
     <span class='ocr_line' id='line_1_81' title="bbox 551 2367 670 2378; baseline 0 1101"><span class='ocrx_word' id='word_1_546' title='bbox 551 2367 670 2378; x_wconf 95' lang='lat' dir='ltr'> </span> 
     </span>
    </p>
   </div>
   <div class='ocr_carea' id='block_1_19' title="bbox 797 2372 906 2381">
    <p class='ocr_par' dir='ltr' id='par_1_25' title="bbox 797 2372 906 2381">
     <span class='ocr_line' id='line_1_82' title="bbox 797 2372 906 2381; baseline 0 1098"><span class='ocrx_word' id='word_1_547' title='bbox 797 2372 906 2381; x_wconf 95' lang='lat' dir='ltr'> </span> 
     </span>
    </p>
   </div>
   <div class='ocr_carea' id='block_1_20' title="bbox 908 2373 1018 2382">
    <p class='ocr_par' dir='ltr' id='par_1_26' title="bbox 908 2373 1018 2382">
     <span class='ocr_line' id='line_1_83' title="bbox 908 2373 1018 2382; baseline 0 0"><span class='ocrx_word' id='word_1_548' title='bbox 908 2373 1018 2382; x_wconf 95' lang='lat' dir='ltr'> </span> 
     </span>
    </p>
   </div>
   <div class='ocr_carea' id='block_1_21' title="bbox 1292 2586 1450 2621">
    <p class='ocr_par' dir='ltr' id='par_1_27' title="bbox 1292 2586 1450 2621">
     <span class='ocr_line' id='line_1_84' title="bbox 1292 2586 1450 2621; baseline -0.019 0"><span class='ocrx_word' id='word_1_549' title='bbox 1292 2586 1414 2621; x_wconf 66' lang='lat' dir='ltr'>‚tendit</span> <span class='ocrx_word' id='word_1_550' title='bbox 1442 2609 1450 2617; x_wconf 90' lang='lat'><strong>.</strong></span> 
     </span>
    </p>
   </div>
   <div class='ocr_carea' id='block_1_22' title="bbox 1469 1644 2172 1757">
    <p class='ocr_par' dir='ltr' id='par_1_28' title="bbox 1469 1644 2172 1757">
     <span class='ocr_line' id='line_1_85' title="bbox 1469 1644 2172 1689; baseline -0.004 0"><span class='ocrx_word' id='word_1_551' title='bbox 1469 1645 1510 1689; x_wconf 83' lang='lat' dir='ltr'>C</span> <span class='ocrx_word' id='word_1_552' title='bbox 1570 1647 1607 1689; x_wconf 87' lang='lat' dir='ltr'>A</span> <span class='ocrx_word' id='word_1_553' title='bbox 1673 1645 1703 1688; x_wconf 87' lang='lat' dir='ltr'>P</span> <span class='ocrx_word' id='word_1_554' title='bbox 1763 1645 1809 1688; x_wconf 90' lang='lat' dir='ltr'>U</span> <span class='ocrx_word' id='word_1_555' title='bbox 1866 1644 1911 1686; x_wconf 93' lang='lat' dir='ltr'><strong>T</strong></span> <span class='ocrx_word' id='word_1_556' title='bbox 1996 1644 2172 1688; x_wconf 85' lang='lat' dir='ltr'><strong>XXVI.</strong></span> 
     </span>
     <span class='ocr_line' id='line_1_86' title="bbox 1609 1703 2044 1757; baseline -0.009 -9"><span class='ocrx_word' id='word_1_557' title='bbox 1609 1705 1675 1748; x_wconf 74' lang='lat' dir='ltr'>De</span> <span class='ocrx_word' id='word_1_558' title='bbox 1693 1703 1791 1757; x_wconf 71' lang='lat' dir='ltr'>jure</span> <span class='ocrx_word' id='word_1_559' title='bbox 1814 1703 2010 1745; x_wconf 89' lang='lat' dir='ltr'>Tutorum</span> <span class='ocrx_word' id='word_1_560' title='bbox 2033 1732 2044 1744; x_wconf 90' lang='lat'><strong>.</strong></span> 
     </span>
    </p>
   </div>
   <div class='ocr_carea' id='block_1_23' title="bbox 1302 1787 2348 2246">
    <p class='ocr_par' dir='ltr' id='par_1_29' title="bbox 1389 1787 2346 1843">
     <span class='ocr_line' id='line_1_87' title="bbox 1389 1787 2346 1843; baseline -0.002 -11"><span class='ocrx_word' id='word_1_561' title='bbox 1389 1787 1558 1833; x_wconf 78' lang='lat' dir='ltr'>&#39;Orestas</span> <span class='ocrx_word' id='word_1_562' title='bbox 1601 1789 1684 1833; x_wconf 80' lang='lat' dir='ltr'>haec</span> <span class='ocrx_word' id='word_1_563' title='bbox 1727 1788 1903 1832; x_wconf 84' lang='lat' dir='ltr'>minime</span> <span class='ocrx_word' id='word_1_564' title='bbox 1949 1803 2019 1843; x_wconf 84' lang='lat' dir='ltr'>per</span> <span class='ocrx_word' id='word_1_565' title='bbox 2062 1798 2239 1831; x_wconf 85' lang='lat' dir='ltr'>mortem</span> <span class='ocrx_word' id='word_1_566' title='bbox 2273 1801 2346 1842; x_wconf 83' lang='lat' dir='ltr'>pa·-</span> 
     </span>
    </p>

    <p class='ocr_par' dir='ltr' id='par_1_30' title="bbox 1302 1843 2348 2246">
     <span class='ocr_line' id='line_1_88' title="bbox 1419 1843 2345 1901; baseline -0.003 -12"><span class='ocrx_word' id='word_1_567' title='bbox 1419 1848 1490 1889; x_wconf 87' lang='lat' dir='ltr'>tris</span> <span class='ocrx_word' id='word_1_568' title='bbox 1521 1846 1776 1901; x_wconf 77' lang='lat' dir='ltr'>extinguitur</span> <span class='ocrx_word' id='word_1_569' title='bbox 1803 1862 1816 1901; x_wconf 76' lang='lat'>3</span> <span class='ocrx_word' id='word_1_570' title='bbox 1849 1844 1910 1888; x_wconf 90' lang='lat' dir='ltr'>sed</span> <span class='ocrx_word' id='word_1_571' title='bbox 1940 1861 1989 1889; x_wconf 91' lang='lat' dir='ltr'>eo</span> <span class='ocrx_word' id='word_1_572' title='bbox 2021 1845 2236 1889; x_wconf 87' lang='lat' dir='ltr'>decedente</span> <span class='ocrx_word' id='word_1_573' title='bbox 2264 1843 2345 1886; x_wconf 86' lang='lat' dir='ltr'>ali-</span> 
     </span>
     <span class='ocr_line' id='line_1_89' title="bbox 1303 1901 2347 1959; baseline -0.002 -13"><span class='ocrx_word' id='word_1_574' title='bbox 1303 1915 1502 1959; x_wconf 85' lang='lat' dir='ltr'>qua-tenus</span> <span class='ocrx_word' id='word_1_575' title='bbox 1554 1905 1787 1959; x_wconf 85' lang='lat' dir='ltr'>producitur</span> <span class='ocrx_word' id='word_1_576' title='bbox 1828 1935 1841 1957; x_wconf 82' lang='lat'>‚</span> <span class='ocrx_word' id='word_1_577' title='bbox 1896 1901 1961 1946; x_wconf 89' lang='lat' dir='ltr'>vel</span> <span class='ocrx_word' id='word_1_578' title='bbox 2006 1919 2054 1946; x_wconf 89' lang='lat' dir='ltr'>ex</span> <span class='ocrx_word' id='word_1_579' title='bbox 2099 1902 2347 1945; x_wconf 87' lang='lat' dir='ltr'>testamento</span> 
     </span>
     <span class='ocr_line' id='line_1_90' title="bbox 1304 1958 2344 2016; baseline -0.002 -13"><span class='ocrx_word' id='word_1_580' title='bbox 1304 1961 1431 2016; x_wconf 81' lang='lat' dir='ltr'>patris</span> <span class='ocrx_word' id='word_1_581' title='bbox 1462 1961 1583 2016; x_wconf 72' lang='lat' dir='ltr'>ipsius</span> <span class='ocrx_word' id='word_1_582' title='bbox 1607 1993 1623 2014; x_wconf 68' lang='lat' dir='ltr'>r</span> <span class='ocrx_word' id='word_1_583' title='bbox 1662 1962 1727 2005; x_wconf 88' lang='lat' dir='ltr'>vel</span> <span class='ocrx_word' id='word_1_584' title='bbox 1772 1959 1950 2016; x_wconf 84' lang='lat' dir='ltr'>imperio</span> <span class='ocrx_word' id='word_1_585' title='bbox 1993 1958 2093 2015; x_wconf 82' lang='lat' dir='ltr'>legis</span> <span class='ocrx_word' id='word_1_586' title='bbox 2133 1959 2182 2002; x_wconf 88' lang='lat' dir='ltr'>ad</span> <span class='ocrx_word' id='word_1_587' title='bbox 2225 1971 2344 2001; x_wconf 87' lang='lat' dir='ltr'>tuen·</span> 
     </span>
     <span class='ocr_line' id='line_1_91' title="bbox 1302 2016 2348 2074; baseline -0.003 -14"><span class='ocrx_word' id='word_1_588' title='bbox 1302 2018 1400 2061; x_wconf 91' lang='lat' dir='ltr'>dum</span> <span class='ocrx_word' id='word_1_589' title='bbox 1433 2018 1565 2062; x_wconf 85' lang='lat' dir='ltr'>filium</span> <span class='ocrx_word' id='word_1_590' title='bbox 1601 2018 1847 2074; x_wconf 83' lang='lat' dir='ltr'>superstitem</span> <span class='ocrx_word' id='word_1_591' title='bbox 1879 2050 1892 2071; x_wconf 88' lang='lat'>‚</span> <span class='ocrx_word' id='word_1_592' title='bbox 1941 2017 2010 2072; x_wconf 85' lang='lat' dir='ltr'>qui</span> <span class='ocrx_word' id='word_1_593' title='bbox 2055 2016 2089 2059; x_wconf 88' lang='lat' dir='ltr'>se</span> <span class='ocrx_word' id='word_1_594' title='bbox 2131 2031 2201 2072; x_wconf 84' lang='lat' dir='ltr'>per</span> <span class='ocrx_word' id='word_1_595' title='bbox 2244 2029 2348 2057; x_wconf 62' lang='lat' dir='ltr'>zeta--</span> 
     </span>
     <span class='ocr_line' id='line_1_92' title="bbox 1302 2073 2346 2132; baseline -0.003 -14"><span class='ocrx_word' id='word_1_596' title='bbox 1302 2087 1384 2119; x_wconf 86' lang='lat' dir='ltr'>tem</span> <span class='ocrx_word' id='word_1_597' title='bbox 1419 2076 1630 2120; x_wconf 86' lang='lat' dir='ltr'>defendere</span> <span class='ocrx_word' id='word_1_598' title='bbox 1662 2087 1870 2132; x_wconf 85' lang='lat' dir='ltr'>nequeat.</span> <span class='ocrx_word' id='word_1_599' title='bbox 1915 2075 2056 2130; x_wconf 83' lang='lat' dir='ltr'>anue</span> <span class='ocrx_word' id='word_1_600' title='bbox 2098 2073 2238 2129; x_wconf 82' lang='lat' dir='ltr'>patriae</span> <span class='ocrx_word' id='word_1_601' title='bbox 2269 2088 2346 2127; x_wconf 92' lang='lat' dir='ltr'>po-</span> 
     </span>
     <span class='ocr_line' id='line_1_93' title="bbox 1303 2132 2347 2191; baseline -0.004 -17"><span class='ocrx_word' id='word_1_602' title='bbox 1303 2133 1453 2177; x_wconf 86' lang='lat' dir='ltr'>testatis</span> <span class='ocrx_word' id='word_1_603' title='bbox 1484 2134 1623 2190; x_wconf 86' lang='lat' dir='ltr'>imago</span> <span class='ocrx_word' id='word_1_604' title='bbox 1658 2167 1670 2188; x_wconf 89' lang='lat'>‚</span> <span class='ocrx_word' id='word_1_605' title='bbox 1714 2149 1802 2190; x_wconf 84' lang='lat' dir='ltr'>quae</span> <span class='ocrx_word' id='word_1_606' title='bbox 1836 2132 1918 2187; x_wconf 85' lang='lat' dir='ltr'>post</span> <span class='ocrx_word' id='word_1_607' title='bbox 1951 2132 2129 2188; x_wconf 76' lang='lat' dir='ltr'>parentis</span> <span class='ocrx_word' id='word_1_608' title='bbox 2161 2142 2347 2191; x_wconf 76' lang='lat' dir='ltr'>mortem·</span> 
     </span>
     <span class='ocr_line' id='line_1_94' title="bbox 1305 2186 2341 2246; baseline -0.005 -14"><span class='ocrx_word' id='word_1_609' title='bbox 1305 2189 1475 2242; x_wconf 80' lang='lat' dir='ltr'>superest</span> <span class='ocrx_word' id='word_1_610' title='bbox 1497 2223 1510 2244; x_wconf 88' lang='lat'>,</span> <span class='ocrx_word' id='word_1_611' title='bbox 1553 2191 1679 2234; x_wconf 83' lang='lat' dir='ltr'>tutela</span> <span class='ocrx_word' id='word_1_612' title='bbox 1711 2202 1970 2243; x_wconf 86' lang='lat' dir='ltr'>nuncupatur</span> <span class='ocrx_word' id='word_1_613' title='bbox 1995 2220 2005 2231; x_wconf 89' lang='lat'><strong>.</strong></span> <span class='ocrx_word' id='word_1_614' title='bbox 2050 2190 2151 2246; x_wconf 85' lang='lat' dir='ltr'>Quae</span> <span class='ocrx_word' id='word_1_615' title='bbox 2184 2186 2341 2240; x_wconf 74' lang='lat' dir='ltr'>legibus</span> 
     </span>
    </p>
   </div>
   <div class='ocr_carea' id='block_1_24' title="bbox 1307 2242 2345 2342">
    <p class='ocr_par' dir='ltr' id='par_1_31' title="bbox 1307 2242 2345 2342">
     <span class='ocr_line' id='line_1_95' title="bbox 1307 2242 2344 2341; baseline -0.005 -52"><span class='ocrx_word' id='word_1_616' title='bbox 1307 2247 1486 2302; x_wconf 83' lang='lat' dir='ltr'>plurium</span> <span class='ocrx_word' id='word_1_617' title='bbox 1531 2249 1722 2303; x_wconf 85' lang='lat' dir='ltr'>gentium</span> <span class='ocrx_word' id='word_1_618' title='bbox 1752 2279 1764 2301; x_wconf 94' lang='lat'>,</span> <span class='ocrx_word' id='word_1_619' title='bbox 1794 2263 1840 2290; x_wconf 83' lang='lat' dir='ltr'>ac</span> <span class='ocrx_word' id='word_1_620' title='bbox 1874 2246 2072 2301; x_wconf 81' lang='lat' dir='ltr'>praecipue</span> <span class='ocrx_word' id='word_1_621' title='bbox 2105 2242 2344 2341; x_wconf 70' lang='lat' dir='ltr'>Athensien-</span> 
     </span>
     <span class='ocr_line' id='line_1_96' title="bbox 2254 2314 2345 2342; baseline 0.011 -1"><span class='ocrx_word' id='word_1_622' title='bbox 2254 2314 2345 2342; x_wconf 77' lang='lat' dir='ltr'>ium</span> 
     </span>
    </p>
   </div>
   <div class='ocr_carea' id='block_1_25' title="bbox 2249 2372 2342 2381">
    <p class='ocr_par' dir='ltr' id='par_1_32' title="bbox 2249 2372 2342 2381">
     <span class='ocr_line' id='line_1_97' title="bbox 2249 2372 2342 2381; baseline 0 1098"><span class='ocrx_word' id='word_1_623' title='bbox 2249 2372 2342 2381; x_wconf 95' lang='lat' dir='ltr'> </span> 
     </span>
    </p>
   </div>
   <div class='ocr_carea' id='block_1_26' title="bbox 1302 2374 2245 2387">
    <p class='ocr_par' dir='ltr' id='par_1_33' title="bbox 1302 2374 2245 2387">
     <span class='ocr_line' id='line_1_98' title="bbox 1302 2374 2245 2387; baseline -0.005 -1"><span class='ocrx_word' id='word_1_624' title='bbox 1302 2377 1524 2387; x_wconf 70' lang='lat'><strong>———.</strong></span> <span class='ocrx_word' id='word_1_625' title='bbox 2008 2374 2245 2385; x_wconf 53' lang='lat' dir='ltr'>——..-—-r</span> 
     </span>
    </p>
   </div>
   <div class='ocr_carea' id='block_1_27' title="bbox 1897 2377 2005 2384">
    <p class='ocr_par' dir='ltr' id='par_1_34' title="bbox 1897 2377 2005 2384">
     <span class='ocr_line' id='line_1_99' title="bbox 1897 2377 2005 2384; baseline 0 0"><span class='ocrx_word' id='word_1_626' title='bbox 1897 2377 2005 2384; x_wconf 95' lang='lat' dir='ltr'> </span> 
     </span>
    </p>
   </div>
   <div class='ocr_carea' id='block_1_28' title="bbox 1526 2379 1634 2387">
    <p class='ocr_par' dir='ltr' id='par_1_35' title="bbox 1526 2379 1634 2387">
     <span class='ocr_line' id='line_1_100' title="bbox 1526 2379 1634 2387; baseline 0 0"><span class='ocrx_word' id='word_1_627' title='bbox 1526 2379 1634 2387; x_wconf 95' lang='lat' dir='ltr'> </span> 
     </span>
    </p>
   </div>
   <div class='ocr_carea' id='block_1_29' title="bbox 1636 2377 1746 2386">
    <p class='ocr_par' dir='ltr' id='par_1_36' title="bbox 1636 2377 1746 2386">
     <span class='ocr_line' id='line_1_101' title="bbox 1636 2377 1746 2386; baseline 0 0"><span class='ocrx_word' id='word_1_628' title='bbox 1636 2377 1746 2386; x_wconf 95' lang='lat' dir='ltr'> </span> 
     </span>
    </p>
   </div>
   <div class='ocr_carea' id='block_1_30' title="bbox 1305 2403 2365 3124">
    <p class='ocr_par' dir='ltr' id='par_1_37' title="bbox 1305 2403 2365 3124">
     <span class='ocr_line' id='line_1_102' title="bbox 1351 2403 2352 2451; baseline -0.007 -11"><span class='ocrx_word' id='word_1_629' title='bbox 1351 2407 1428 2446; x_wconf 54' lang='grc' dir='ltr'>β’)</span> <span class='ocrx_word' id='word_1_630' title='bbox 1454 2407 1698 2449; x_wconf 81' lang='lat' dir='ltr'>suppliciorum</span> <span class='ocrx_word' id='word_1_631' title='bbox 1730 2418 1747 2438; x_wconf 86' lang='lat' dir='ltr'>a</span> <span class='ocrx_word' id='word_1_632' title='bbox 1776 2406 1923 2448; x_wconf 79' lang='lat' dir='ltr'>patribus</span> <span class='ocrx_word' id='word_1_633' title='bbox 1952 2406 1985 2436; x_wconf 88' lang='lat' dir='ltr'>in</span> <span class='ocrx_word' id='word_1_634' title='bbox 2009 2406 2097 2438; x_wconf 80' lang='lat' dir='ltr'>filios</span> <span class='ocrx_word' id='word_1_635' title='bbox 2122 2403 2352 2451; x_wconf 59' lang='lat' dir='ltr'>exercitorum</span> 
     </span>
     <span class='ocr_line' id='line_1_103' title="bbox 1305 2449 2350 2494; baseline -0.004 -12"><span class='ocrx_word' id='word_1_636' title='bbox 1305 2452 1490 2494; x_wconf 83' lang='lat' dir='ltr'>catalogum</span> <span class='ocrx_word' id='word_1_637' title='bbox 1519 2451 1597 2484; x_wconf 80' lang='lat' dir='ltr'>sistit</span> <span class='ocrx_word' id='word_1_638' title='bbox 1624 2451 1795 2485; x_wconf 82' lang='lat' dir='ltr'>Carnelius</span> <span class='ocrx_word' id='word_1_639' title='bbox 1839 2461 1905 2483; x_wconf 72' lang='lat' dir='ltr'>van</span> <span class='ocrx_word' id='word_1_640' title='bbox 1943 2450 2189 2490; x_wconf 74' lang='lat' dir='ltr'>Bynkershoek</span> <span class='ocrx_word' id='word_1_641' title='bbox 2215 2449 2253 2480; x_wconf 74' lang='lat' dir='ltr'>de</span> <span class='ocrx_word' id='word_1_642' title='bbox 2278 2456 2350 2485; x_wconf 72' lang='lat' dir='ltr'>,mre</span> 
     </span>
     <span class='ocr_line' id='line_1_104' title="bbox 1306 2491 2346 2538; baseline -0.003 -11"><span class='ocrx_word' id='word_1_643' title='bbox 1306 2498 1469 2529; x_wconf 72' lang='lat' dir='ltr'>nccidendi</span> <span class='ocrx_word' id='word_1_644' title='bbox 1496 2497 1610 2528; x_wconf 74' lang='lat' dir='ltr'>beeros</span> <span class='ocrx_word' id='word_1_645' title='bbox 1638 2497 1746 2532; x_wconf 75' lang='lat' dir='ltr'>capite</span> <span class='ocrx_word' id='word_1_646' title='bbox 1775 2506 1804 2535; x_wconf 84' lang='lat'>3.</span> <span class='ocrx_word' id='word_1_647' title='bbox 1833 2506 1899 2538; x_wconf 85' lang='lat' dir='ltr'>quo</span> <span class='ocrx_word' id='word_1_648' title='bbox 1923 2495 2077 2538; x_wconf 81' lang='lat' dir='ltr'>opusculo</span> <span class='ocrx_word' id='word_1_649' title='bbox 2103 2493 2153 2532; x_wconf 83' lang='lat' dir='ltr'>jus</span> <span class='ocrx_word' id='word_1_650' title='bbox 2181 2491 2346 2532; x_wconf 82' lang='lat' dir='ltr'>Traiani,</span> 
     </span>
     <span class='ocr_line' id='line_1_105' title="bbox 1308 2539 2365 2581; baseline -0.005 -7"><span class='ocrx_word' id='word_1_651' title='bbox 1308 2541 1443 2575; x_wconf 81' lang='lat' dir='ltr'>Adriani</span> <span class='ocrx_word' id='word_1_652' title='bbox 1489 2543 1517 2573; x_wconf 66' lang='grc' dir='ltr'>ἃ</span> <span class='ocrx_word' id='word_1_653' title='bbox 1547 2541 1709 2574; x_wconf 80' lang='lat' dir='ltr'>Antonini</span> <span class='ocrx_word' id='word_1_654' title='bbox 1753 2542 1803 2574; x_wconf 85' lang='lat' dir='ltr'>Pii</span> <span class='ocrx_word' id='word_1_655' title='bbox 1840 2541 2051 2581; x_wconf 68' lang='lat' dir='ltr'>temporibus</span> <span class='ocrx_word' id='word_1_656' title='bbox 2085 2539 2247 2573; x_wconf 75' lang='lat' dir='ltr'>evanuitse</span> <span class='ocrx_word' id='word_1_657' title='bbox 2274 2542 2365 2570; x_wconf 56' lang='lat' dir='ltr'>coni</span> 
     </span>
     <span class='ocr_line' id='line_1_106' title="bbox 1493 2582 2345 2622; baseline -0.006 -3"><span class='ocrx_word' id='word_1_658' title='bbox 1493 2587 1697 2620; x_wconf 81' lang='lat' dir='ltr'>Occurrebat</span> <span class='ocrx_word' id='word_1_659' title='bbox 1744 2587 1771 2619; x_wconf 79' lang='lat' dir='ltr'>is</span> <span class='ocrx_word' id='word_1_660' title='bbox 1807 2586 1974 2619; x_wconf 76' lang='lat' dir='ltr'>sententiae</span> <span class='ocrx_word' id='word_1_661' title='bbox 1999 2585 2136 2618; x_wconf 80' lang='lat' dir='ltr'>Gerardi</span> <span class='ocrx_word' id='word_1_662' title='bbox 2176 2582 2345 2622; x_wconf 75' lang='lat' dir='ltr'>Noodtii,</span> 
     </span>
     <span class='ocr_line' id='line_1_107' title="bbox 1307 2629 2349 2673; baseline -0.005 -9"><span class='ocrx_word' id='word_1_663' title='bbox 1307 2642 1368 2673; x_wconf 81' lang='lat' dir='ltr'>qua</span> <span class='ocrx_word' id='word_1_664' title='bbox 1407 2632 1436 2663; x_wconf 82' lang='lat' dir='ltr'>is</span> <span class='ocrx_word' id='word_1_665' title='bbox 1462 2629 1512 2668; x_wconf 80' lang='lat' dir='ltr'>jus</span> <span class='ocrx_word' id='word_1_666' title='bbox 1539 2631 1725 2673; x_wconf 74' lang='lat' dir='ltr'>exponendi</span> <span class='ocrx_word' id='word_1_667' title='bbox 1768 2631 1890 2664; x_wconf 80' lang='lat' dir='ltr'>liberos</span> <span class='ocrx_word' id='word_1_668' title='bbox 1926 2643 1944 2663; x_wconf 84' lang='lat' dir='ltr'>a</span> <span class='ocrx_word' id='word_1_669' title='bbox 1979 2629 2158 2664; x_wconf 77' lang='lat' dir='ltr'>Valentino</span> <span class='ocrx_word' id='word_1_670' title='bbox 2187 2629 2349 2663; x_wconf 77' lang='lat' dir='ltr'>demum,</span> 
     </span>
     <span class='ocr_line' id='line_1_108' title="bbox 1314 2671 2350 2716; baseline -0.005 -8"><span class='ocrx_word' id='word_1_671' title='bbox 1314 2676 1448 2708; x_wconf 70' lang='lat' dir='ltr'>valente</span> <span class='ocrx_word' id='word_1_672' title='bbox 1475 2676 1503 2707; x_wconf 70' lang='grc' dir='ltr'>Σ(</span> <span class='ocrx_word' id='word_1_673' title='bbox 1533 2678 1695 2710; x_wconf 75' lang='lat' dir='ltr'>Gratiano</span> <span class='ocrx_word' id='word_1_674' title='bbox 1720 2677 1757 2709; x_wconf 80' lang='lat' dir='ltr'>&#39;&#39;rn</span> <span class='ocrx_word' id='word_1_675' title='bbox 1784 2680 1819 2710; x_wconf 71' lang='grc' dir='ltr'>Ι..</span> <span class='ocrx_word' id='word_1_676' title='bbox 1854 2688 1872 2708; x_wconf 89' lang='lat'>2</span> <span class='ocrx_word' id='word_1_677' title='bbox 1927 2677 1998 2709; x_wconf 75' lang='lat' dir='ltr'>cod.</span> <span class='ocrx_word' id='word_1_678' title='bbox 2031 2678 2069 2708; x_wconf 81' lang='lat' dir='ltr'>de</span> <span class='ocrx_word' id='word_1_679' title='bbox 2096 2675 2222 2716; x_wconf 71' lang='lat' dir='ltr'>Insunt.</span> <span class='ocrx_word' id='word_1_680' title='bbox 2246 2671 2350 2714; x_wconf 72' lang='lat' dir='ltr'>cxposs</span> 
     </span>
     <span class='ocr_line' id='line_1_109' title="bbox 1310 2719 2354 2763; baseline -0.002 -11"><span class='ocrx_word' id='word_1_681' title='bbox 1310 2721 1472 2754; x_wconf 80' lang='lat' dir='ltr'>sublatum</span> <span class='ocrx_word' id='word_1_682' title='bbox 1505 2721 1641 2763; x_wconf 78' lang='lat' dir='ltr'>putabat</span> <span class='ocrx_word' id='word_1_683' title='bbox 1668 2744 1681 2761; x_wconf 80' lang='lat'>‚</span> <span class='ocrx_word' id='word_1_684' title='bbox 1705 2731 1775 2762; x_wconf 85' lang='lat' dir='ltr'>quae</span> <span class='ocrx_word' id='word_1_685' title='bbox 1801 2723 1841 2754; x_wconf 82' lang='lat' dir='ltr'>lis</span> <span class='ocrx_word' id='word_1_686' title='bbox 1872 2720 1947 2753; x_wconf 86' lang='lat' dir='ltr'>dein</span> <span class='ocrx_word' id='word_1_687' title='bbox 1973 2721 2080 2752; x_wconf 82' lang='lat' dir='ltr'>amica</span> <span class='ocrx_word' id='word_1_688' title='bbox 2110 2719 2250 2752; x_wconf 89' lang='lat' dir='ltr'>Noodtii</span> <span class='ocrx_word' id='word_1_689' title='bbox 2303 2727 2354 2750; x_wconf 87' lang='lat' dir='ltr'>re-</span> 
     </span>
     <span class='ocr_line' id='line_1_110' title="bbox 1310 2762 2355 2807; baseline -0.004 -9"><span class='ocrx_word' id='word_1_690' title='bbox 1310 2766 1499 2805; x_wconf 81' lang='lat' dir='ltr'>sponsione,</span> <span class='ocrx_word' id='word_1_691' title='bbox 1526 2766 1620 2807; x_wconf 84' lang='lat' dir='ltr'>eique</span> <span class='ocrx_word' id='word_1_692' title='bbox 1646 2766 1804 2806; x_wconf 72' lang='lat' dir='ltr'>oppositis</span> <span class='ocrx_word' id='word_1_693' title='bbox 1841 2764 2107 2804; x_wconf 71' lang='lat' dir='ltr'>ssynkershoekii</span> <span class='ocrx_word' id='word_1_694' title='bbox 2136 2764 2223 2796; x_wconf 80' lang='lat' dir='ltr'>curis</span> <span class='ocrx_word' id='word_1_695' title='bbox 2240 2762 2355 2795; x_wconf 85' lang='lat' dir='ltr'>secun-</span> 
     </span>
     <span class='ocr_line' id='line_1_111' title="bbox 1309 2808 2359 2849; baseline -0.003 -7"><span class='ocrx_word' id='word_1_696' title='bbox 1309 2812 1359 2843; x_wconf 79' lang='lat' dir='ltr'>dis</span> <span class='ocrx_word' id='word_1_697' title='bbox 1391 2811 1514 2849; x_wconf 66' lang='lat' dir='ltr'>agitata</span> <span class='ocrx_word' id='word_1_698' title='bbox 1544 2809 1626 2841; x_wconf 83' lang='lat' dir='ltr'>fnit.</span> <span class='ocrx_word' id='word_1_699' title='bbox 1656 2813 1760 2842; x_wconf 72' lang='lat' dir='ltr'>Locus</span> <span class='ocrx_word' id='word_1_700' title='bbox 1784 2808 1985 2842; x_wconf 77' lang='lat' dir='ltr'>Tertulliani</span> <span class='ocrx_word' id='word_1_701' title='bbox 2010 2808 2049 2840; x_wconf 84' lang='lat' dir='ltr'>ad</span> <span class='ocrx_word' id='word_1_702' title='bbox 2084 2811 2229 2841; x_wconf 63' lang='lat' dir='ltr'>Notion.</span> <span class='ocrx_word' id='word_1_703' title='bbox 2247 2810 2275 2839; x_wconf 88' lang='lat'>1.</span> <span class='ocrx_word' id='word_1_704' title='bbox 2302 2816 2359 2846; x_wconf 65' lang='grc' dir='ltr'>ες.</span> 
     </span>
     <span class='ocr_line' id='line_1_112' title="bbox 1310 2853 2353 2898; baseline -0.004 -11"><span class='ocrx_word' id='word_1_705' title='bbox 1310 2856 1364 2898; x_wconf 86' lang='lat' dir='ltr'>qui</span> <span class='ocrx_word' id='word_1_706' title='bbox 1402 2866 1468 2888; x_wconf 86' lang='lat' dir='ltr'>rem</span> <span class='ocrx_word' id='word_1_707' title='bbox 1507 2864 1616 2886; x_wconf 83' lang='lat' dir='ltr'>totam</span> <span class='ocrx_word' id='word_1_708' title='bbox 1655 2855 1816 2887; x_wconf 81' lang='lat' dir='ltr'>conficere</span> <span class='ocrx_word' id='word_1_709' title='bbox 1853 2853 1973 2886; x_wconf 89' lang='lat' dir='ltr'>dicitur</span> <span class='ocrx_word' id='word_1_710' title='bbox 1999 2875 2011 2889; x_wconf 77' lang='grc'>,</span> <span class='ocrx_word' id='word_1_711' title='bbox 2039 2855 2147 2886; x_wconf 76' lang='lat' dir='ltr'>nentri</span> <span class='ocrx_word' id='word_1_712' title='bbox 2177 2853 2353 2886; x_wconf 64' lang='lat' dir='ltr'>sententiae</span> 
     </span>
     <span class='ocr_line' id='line_1_113' title="bbox 1312 2897 2351 2942; baseline 0.001 -11"><span class='ocrx_word' id='word_1_713' title='bbox 1312 2899 1426 2932; x_wconf 82' lang='lat' dir='ltr'>favet.</span> <span class='ocrx_word' id='word_1_714' title='bbox 1454 2903 1501 2933; x_wconf 87' lang='lat' dir='ltr'>Ut</span> <span class='ocrx_word' id='word_1_715' title='bbox 1526 2900 1613 2932; x_wconf 82' lang='lat' dir='ltr'>enim</span> <span class='ocrx_word' id='word_1_716' title='bbox 1641 2899 1728 2938; x_wconf 66' lang='lat' dir='ltr'>leges</span> <span class='ocrx_word' id='word_1_717' title='bbox 1753 2922 1763 2936; x_wconf 74' lang='grc'><em>,</em></span> <span class='ocrx_word' id='word_1_718' title='bbox 1803 2899 1922 2942; x_wconf 75' lang='lat' dir='ltr'>quibus</span> <span class='ocrx_word' id='word_1_719' title='bbox 1948 2897 2199 2932; x_wconf 74' lang='lat' dir='ltr'>infanticidium</span> <span class='ocrx_word' id='word_1_720' title='bbox 2239 2898 2351 2940; x_wconf 80' lang='lat' dir='ltr'>prohi-</span> 
     </span>
     <span class='ocr_line' id='line_1_114' title="bbox 1313 2943 2355 2986; baseline 0 -10"><span class='ocrx_word' id='word_1_721' title='bbox 1313 2946 1379 2976; x_wconf 64' lang='lat' dir='ltr'>l*ueri</span> <span class='ocrx_word' id='word_1_722' title='bbox 1407 2944 1480 2980; x_wconf 72' lang='lat' dir='ltr'>ait,</span> <span class='ocrx_word' id='word_1_723' title='bbox 1513 2945 1703 2986; x_wconf 70' lang='lat' dir='ltr'>neutiquam</span> <span class='ocrx_word' id='word_1_724' title='bbox 1739 2943 1779 2976; x_wconf 86' lang='lat' dir='ltr'>de</span> <span class='ocrx_word' id='word_1_725' title='bbox 1813 2943 2111 2978; x_wconf 57' lang='lat' dir='ltr'>constitutionibus</span> <span class='ocrx_word' id='word_1_726' title='bbox 2141 2944 2306 2977; x_wconf 59' lang='lat' dir='ltr'>Valentini</span> <span class='ocrx_word' id='word_1_727' title='bbox 2341 2962 2355 2984; x_wconf 69' lang='lat'>9</span> 
     </span>
     <span class='ocr_line' id='line_1_115' title="bbox 1319 2987 2355 3027; baseline 0.001 -6"><span class='ocrx_word' id='word_1_728' title='bbox 1319 2990 1488 3025; x_wconf 74' lang='lat' dir='ltr'>Valentis.</span> <span class='ocrx_word' id='word_1_729' title='bbox 1518 2989 1546 3020; x_wconf 69' lang='lat'>8&lt;</span> <span class='ocrx_word' id='word_1_730' title='bbox 1574 2987 1752 3025; x_wconf 76' lang='lat' dir='ltr'>Gratiani.</span> <span class='ocrx_word' id='word_1_731' title='bbox 1791 2989 1832 3021; x_wconf 88' lang='lat' dir='ltr'>fic</span> <span class='ocrx_word' id='word_1_732' title='bbox 1863 3000 1919 3022; x_wconf 89' lang='lat' dir='ltr'>nec</span> <span class='ocrx_word' id='word_1_733' title='bbox 1958 2989 1997 3021; x_wconf 89' lang='lat' dir='ltr'>de</span> <span class='ocrx_word' id='word_1_734' title='bbox 2028 2988 2150 3022; x_wconf 69' lang='lat' dir='ltr'>Edistis</span> <span class='ocrx_word' id='word_1_735' title='bbox 2178 2987 2318 3026; x_wconf 81' lang='lat' dir='ltr'>Traiani</span> <span class='ocrx_word' id='word_1_736' title='bbox 2340 3006 2355 3027; x_wconf 68' lang='lat'>9</span> 
     </span>
     <span class='ocr_line' id='line_1_116' title="bbox 1316 3033 2353 3078; baseline 0.003 -13"><span class='ocrx_word' id='word_1_737' title='bbox 1316 3034 1450 3066; x_wconf 75' lang='lat' dir='ltr'>Adriani</span> <span class='ocrx_word' id='word_1_738' title='bbox 1472 3057 1481 3069; x_wconf 78' lang='lat'><strong>.</strong></span> <span class='ocrx_word' id='word_1_739' title='bbox 1503 3034 1532 3065; x_wconf 73' lang='lat'>8:</span> <span class='ocrx_word' id='word_1_740' title='bbox 1560 3033 1722 3067; x_wconf 83' lang='lat' dir='ltr'>Antonini</span> <span class='ocrx_word' id='word_1_741' title='bbox 1745 3034 1791 3066; x_wconf 73' lang='grc' dir='ltr'>Ρίἰ</span> <span class='ocrx_word' id='word_1_742' title='bbox 1817 3033 1956 3071; x_wconf 66' lang='lat' dir='ltr'>intelligi</span> <span class='ocrx_word' id='word_1_743' title='bbox 1984 3034 2140 3076; x_wconf 77' lang='lat' dir='ltr'>poffunt3</span> <span class='ocrx_word' id='word_1_744' title='bbox 2165 3033 2226 3069; x_wconf 73' lang='lat' dir='ltr'>sed</span> <span class='ocrx_word' id='word_1_745' title='bbox 2247 3042 2353 3078; x_wconf 76' lang='lat' dir='ltr'>popu-</span> 
     </span>
     <span class='ocr_line' id='line_1_117' title="bbox 1315 3077 2054 3124; baseline 0.001 -12"><span class='ocrx_word' id='word_1_746' title='bbox 1315 3079 1339 3113; x_wconf 84' lang='lat' dir='ltr'>li</span> <span class='ocrx_word' id='word_1_747' title='bbox 1365 3079 1444 3115; x_wconf 81' lang='lat' dir='ltr'>scita</span> <span class='ocrx_word' id='word_1_748' title='bbox 1465 3088 1564 3113; x_wconf 71' lang='lat' dir='ltr'>antea</span> <span class='ocrx_word' id='word_1_749' title='bbox 1590 3079 1657 3114; x_wconf 75' lang='lat' dir='ltr'>lata</span> <span class='ocrx_word' id='word_1_750' title='bbox 1688 3077 1847 3124; x_wconf 67' lang='lat' dir='ltr'>designari</span> <span class='ocrx_word' id='word_1_751' title='bbox 1875 3078 2054 3115; x_wconf 80' lang='lat' dir='ltr'>videntur.</span> 
     </span>
    </p>
   </div>
  </div>
 </body>
</html>
