2596 3479
276 56 383 126 349

874 56 1046 107 DE
1128 52 1737 128 LEGIBUS,

267 128 549 194 persequimur
578 143 627 173 ex
664 128 858 186 superiori
890 130 1022 185 capite
1054 128 1121 183 id,
1154 146 1236 186 quo
1257 146 1317 174 res
1367 132 1508 175 beonis
1535 133 1666 190 script
1658 149 1691 180 is
1715 147 1988 179 monumenta
2016 150 2133 181 erant
2154 139 2417 187 Rhodiarum

269 186 443 252 plurimi
471 185 598 251 ’suerit
621 218 634 240 ,
667 187 930 231 contrahitur
947 188 994 229 ad
1017 186 1186 242 triginta
1206 187 1316 231 dies:

302 261 370 290 uia
423 244 560 288 minus
605 258 819 300 peccatum
863 245 1121 288 vulnerantis
1168 245 1212 288 δι
1254 245 1315 289 lae-

299 302 408 348 entis
439 302 529 356 est,
563 318 687 358 quam
720 303 945 346 occidentis
970 334 983 356 ,
1016 302 1236 359 minorque
1263 302 1315 354 ja

271 362 386 407 &ura
416 360 490 404 effe
525 360 624 405 solet
656 360 776 404 occisi
808 360 1027 414 animalis,
1060 361 1168 416 quod
1202 375 1320 415 pecu-

271 419 373 464 dum
406 434 580 463 numero
613 433 697 461 non
728 417 798 461 fit.
833 419 900 462 Ad
930 419 1130 462 damnum
1162 434 1322 476 quoque

272 477 456 533 pertinet
487 476 894 520 Senatusconsultum
929 476 1075 521 Acilio
1107 475 1261 520 Aviola
1280 477 1323 520 δί

274 533 467 579 Corollio
500 533 625 577 Pansa
656 535 771 578 Coss.
805 534 979 578 Adriani
1001 544 1212 590 ternpore,
1243 551 1325 591 quo

275 592 325 638 de
358 592 504 636 aediutn
537 591 808 636 demolitione
840 594 1098 637 cavebatur·
1088 625 1101 646 ,
1143 591 1187 636 δε
1218 592 1325 637 dirui

273 649 374 707 quid
406 648 654 705 negociandi
676 649 817 703 causa,
850 650 1101 704 distrahive,
1134 661 1205 694 aut
1224 667 1319 695 ven-

276 708 319 751 di
357 738 371 760 ,
419 719 489 751 aut
533 707 662 764 legari
706 707 1039 764 prohibebatur.
1092 709 1180 760 (a)
1222 709 1327 752 Non

277 764 404 809 modo
448 776 586 809 autern
619 765 764 810 domus
799 764 858 808 sed
890 765 934 808 ὃς
966 764 1084 809 villas
1116 764 1226 809 dirui
1255 767 1325 811 Se-

278 833 400 866 natus
434 822 563 867 vetuit
591 854 603 877 ‚
635 839 682 867 ac
714 823 997 867 venditionem
1032 823 1215 867 irritavit
1239 856 1252 878 ,
1282 825 1327 868 δι

277 894 484 981 &nitorem
517 880 566 925 ad
596 880 770 938 duplum
802 880 920 937 pretii
947 881 1042 926 fisco
1062 880 1326 927 inferendum

308 951 497 984 amnavit
515 971 525 982 .

474 1054 518 1098 C
576 1055 618 1097 A
679 1054 710 1097 P
768 1053 813 1094 U
874 1055 917 1097 T
1006 1054 1130 1100 CXI.

495 1169 562 1215 De
585 1169 687 1226 Lege
712 1168 878 1213 Rhodia
898 1170 946 1214 de
965 1171 996 1224 J
997 1169 1086 1215 assu
1102 1200 1113 1213 .

415 1286 516 1329 Une
548 1284 858 1342 progrediamur
888 1285 937 1329 ad
969 1301 1015 1328 ea
1033 1285 1212 1339 damna,
1243 1299 1335 1342 quae

435 1358 519 1387 non
550 1345 602 1386 ab
632 1343 803 1387 homine
835 1375 846 1397 ‚
881 1343 942 1386 sed
976 1343 1078 1386 sorte
1102 1374 1116 1396 ,
1159 1342 1226 1389 vel
1259 1358 1331 1385 na-

283 1414 376 1445 tura
410 1401 643 1463 inferuntur
674 1417 683 1440 z
736 1415 885 1455 nempe
927 1415 1015 1456 quae
1046 1417 1068 1442 a
1098 1399 1207 1444 mari
1237 1416 1329 1444 eve-

281 1459 440 1513 niunt,
473 1457 584 1509 cujus
615 1457 742 1502 fallax
774 1459 828 1501 est
847 1457 1090 1520 incertaque
1116 1458 1234 1502 fides.
1268 1459 1332 1500 De

285 1516 436 1559 talibus
479 1529 619 1559 autem
650 1514 812 1557 damnis
844 1513 993 1566 judicia
1027 1514 1201 1558 Rhodiis
1231 1514 1331 1571 legi-

283 1574 362 1617 bus
410 1574 452 1616 in
502 1577 714 1616 Romanas
758 1572 964 1615 translatis
995 1573 1290 1616 exercebantur
1324 1604 1334 1614 .

287 1631 553 1686 Rhodiorum
597 1630 712 1673 enim
755 1642 842 1673 erat
875 1630 932 1673 rei
964 1629 1187 1674 maritima:
1221 1642 1334 1674 tanta

283 1687 434 1744 peritia
458 1720 470 1743 ,
503 1700 548 1731 ut
580 1687 769 1731 nauticus
802 1686 974 1743 populus
1004 1704 1027 1730 a
1054 1686 1176 1732 Floro
1195 1704 1246 1743 ap
1251 1688 1332 1743 p-el

284 1748 462 1790 lentur:
497 1762 543 1789 ac
577 1757 740 1801 propter
773 1745 889 1789 usum
913 1744 1167 1809 affiduosque
1198 1704 1333 1800 caspus,

286 1819 387 1858 quos
409 1803 641 1860 frequentia
660 1802 945 1859 navigationis
961 1801 1148 1846 tulerunt
1163 1803 1335 1877 ‚aequis-

285 1862 406 1904 fimas
435 1862 480 1905 ὅτ,
512 1861 839 1918 prudentiffimas
870 1876 926 1904 rei
962 1860 1120 1904 navalis
1144 1834 1336 1905 condide‘!

284 1934 329 1962 re
362 1918 722 1974 leges.Q1arum
756 1917 1031 1984 praestantiam
1054 1935 1151 1963 curn
1171 1918 1243 1962 alii
1265 1934 1334 1963 ve-

290 1989 427 2019 terum
462 2008 474 2028 ,
525 1990 618 2019 tum
664 1975 863 2031 praecipue
894 1977 1039 2023 Strabo
1070 1976 1294 2021 celebravit
1325 2009 1335 2020 .

286 2033 378 2078 Etfi
409 2046 548 2077 autem
583 2034 765 2077 Romani
801 2034 910 2090 leges
940 2050 1086 2078 omnes
1111 2033 1334 2090 conquisie-

289 2091 375 2135 rint
406 2106 491 2134 non
525 2092 649 2134 modo
681 2092 843 2135 Atticas
866 2123 878 2145 ‚
925 2091 984 2135 sed
1019 2092 1063 2135 &
1094 2094 1336 2136 Graecorum

286 2149 496 2203 aliorum,
527 2148 625 2193 ficut
643 2149 688 2192 δε
710 2149 1097 2204 Pythagoraeorum‚
1132 2150 1337 2206 quierant

284 2207 336 2250 in
367 2222 415 2250 ea
447 2206 579 2250 Italiae
610 2222 681 2250 ora
714 2239 727 2261 ,
768 2222 856 2262 quae
888 2208 992 2262 Ma?
977 2223 1059 2262 {na
1081 2206 1243 2251 Graecia
1276 2207 1336 2251 di-

286 2264 492 2308 cebatur
483 2296 495 2318 ,
542 2276 682 2308 tamen
716 2264 898 2307 Rhodias
930 2279 1016 2307 non
1046 2277 1293 2323 acceperunt
1324 2297 1337 2319 ,

283 2321 369 2364 :nisi
402 2323 485 2376 post
518 2322 634 2365 usum
667 2322 724 2365 rei
757 2320 977 2371 maritimae
1002 2355 1014 2376 ‚
1046 2338 1127 2379 quo
1161 2338 1246 2366 non
1265 2339 1336 2388 an-

288 2390 334 2422 te
379 2379 562 2434 primum
608 2379 763 2422 bel-lum
808 2380 1011 2423 Punicum
1056 2392 1213 2424 vertere
1250 2381 1334 2424 ani-

286 2451 410 2481 mum
449 2468 458 2477 .
510 2437 791 2491 Quamobrem
834 2437 1102 2502 traduxerunt
1134 2438 1181 2481 ad
1215 2438 1248 2481 se
1282 2438 1335 2482 le-

288 2509 365 2551 ges
399 2493 580 2537 Rhodias
620 2526 633 2548 ‚
676 2510 765 2550 quae
808 2494 910 2537 mari
946 2508 1037 2538 tum
1068 2496 1335 2539 dominaban—

290 2564 362 2595 tur
391 2569 399 2593 z
434 2551 665 2616 assiduoque
699 2552 767 2594 usu
798 2551 1013 2596 civitatem
1047 2553 1095 2596 iis
1126 2553 1336 2608 dederunt,

289 2608 444 2662 *judicia
474 2610 684 2652 maritima
713 2624 763 2653 ex
795 2610 1037 2654 auf’toritate
1061 2610 1230 2655 illarum
1250 2612 1329 2667 agi-

295 2678 467 2710 tantes.
498 2666 582 2720 [b]
615 2667 739 2711 Unde
769 2666 816 2710 in
848 2668 979 2711 Servii
1011 2700 1024 2722 ,
1064 2668 1181 2712 Ofilii
1206 2700 1219 2723 ,
1263 2671 1339 2712 La-

305 2801 518 2811 ---.-
837 2803 1097 2816 ——oe—

1211 2802 1345 2818 ..ι-.-

296 2887 315 2912 e
331 2836 366 2923 p(
376 2833 437 2911 ag
453 2837 490 2867 L.
513 2844 565 2872 32·
578 2833 617 2877 ff
636 2836 675 2867 de
687 2838 829 2870 contrah.
845 2847 921 2870 eme.
941 2838 1080 2871 concord.
1098 2836 1210 2876 cujac.
1227 2837 1327 2880 obst
1311 2859 1341 2877 2.

314 2890 333 2912 a
385 2889 401 2911 2

340 2926 353 2962 (
368 2925 386 2956 b
404 2925 413 2964 )
440 2924 555 2958 Cicero
570 2930 625 2965 pro
638 2927 709 2967 lnge
729 2927 903 2959 Manilia.

301 3014 325 3049 a
345 2970 423 3046 {di
446 2968 645 3011 1..α’ζι’ωσις
659 2994 670 3012 ,
689 2969 764 3012 five
791 2972 814 3003 Ι.
837 2971 1067 3016 deprecatioff.
1083 2973 1163 3007 adt.
1182 2973 1343 3008 Rhodiam

326 3025 389 3053 εμ
427 3027 469 3046 u

346 3060 430 3099 ζ’)
460 3058 706 3093 Austoritatem
731 3058 842 3102 hanc,
872 3072 945 3106 quae
971 3061 1071 3105 vulgo
1098 3062 1225 3104 levibus
1251 3062 1343 3097 Rho-

303 3103 369 3137 diis
409 3104 625 3146 praemittitur
649 3128 662 3145 ‚
701 3105 807 3140 dubia}
844 3106 1053 3143 austeritatis
1112 3110 1174 3142 effe
1197 3132 1208 3148 ‚
1249 3115 1343 3151 putat

306 3149 429 3187 illustr.
471 3161 534 3185 van
562 3151 804 3192 Bynkexshoek
831 3151 872 3186 ad
898 3152 1004 3198 legem
1031 3140 1180 3195 α’ζῐωσις
1203 3162 1236 3198 P·
1265 3164 1341 3194 324·

1366 1920 1470 1975 ¹post
1499 1935 1658 1963 annum
1690 1935 1788 1963 vero
1819 1919 1863 1963 in
1895 1919 2125 1976 simplum.

1371 188 1509 244 legum
1531 221 1544 243 ‚
1576 206 1752 246 quarum
1782 187 1916 236 adhuc
1949 194 2114 250 vestigia
2146 196 2189 239 in
2211 200 2415 243 recentio-

1372 262 1463 290 rum
1496 248 1884 300 jurisconsultorum
1919 250 2111 306 responsis
2127 254 2413 300 observantur.

1372 306 1623 362 Quanquam
1665 319 1804 351 autem
1847 307 1935 363 plus
1965 322 2082 352 erant
2116 311 2319 356 Romanis
2350 329 2414 358 re·-

1371 373 1497 417 ceptae
1528 362 1701 409 Rhodiae
1733 364 1871 421 legeS,
1901 381 2044 410 earum
2076 381 2219 412 tamen
2254 368 2417 414 senten-

1373 418 1448 462 tias
1480 431 1643 465 tanturn
1675 422 1930 486 retinemuS,
1962 439 2051 480 quae
2075 440 2232 470 merces
2250 426 2417 472 naufra-

1370 477 1440 533 gio
1468 476 1592 529 jae‘tas
1623 479 1922 536 respiciebant.
1965 483 2105 539 Atque
2135 499 2187 528 ex
2221 484 2420 541 rescripto

1374 536 1622 589 Antonini,
1674 537 1723 591 [c
1736 538 1808 595 ]q
1812 554 1865 583 uo
1895 539 1943 583 de
1976 539 2270 596 naufragorum
2301 542 2422 607 bonis

1371 593 1534 649 agitur,
1569 594 1734 639 Rhodia
1764 553 1830 641 Ιὲκ
1861 612 1884 640 a
1915 596 2076 661 Caesare
2102 613 2148 641 m
2175 598 2342 654 imperii
2363 600 2424 644 so-

1374 651 1568 696 cietatem
1598 651 1854 707 adsciscitur,
1888 653 2066 709 imperio
2100 670 2236 700 rerum
2261 656 2320 700 ita
2349 657 2435 701 tri-¹

1375 709 1472 753 buto
1504 741 1518 764 ,
1567 722 1612 754 ut
1652 711 1762 754 orbis
1801 710 1968 768 quidem
2000 724 2202 757 terrarum
2234 714 2426 771 regimen

1377 769 1645 823 Imperator3
1676 768 1802 812 maris
1831 782 1929 812 vero
1953 768 2190 814 dominium
2219 769 2284 815 lex
2312 771 2432 815 Rho-

1377 825 1442 867 dia
1485 825 1692 870 obtineret
1724 857 1734 868 .
1783 826 2070 877 Quamobrem
2101 842 2155 871 ex
2186 827 2433 873 collef’cione

1378 881 1523 936 pselli,
1554 895 1599 926 ut
1629 881 1909 927 Gothosredus
1941 895 2088 939 putat,
2122 884 2265 930 seriem
2297 886 2431 931 habe-

1376 956 1494 993 mus,
1527 940 1597 984 etfi
1624 940 1820 984 mutilam
1843 941 2180 996 Imperatorum,
2211 943 2280 999 qui
2308 944 2432 988 Rho-

1376 998 1451 1041 diis
1482 997 1640 1053 legibus
1669 997 1887 1042 arbitrium
1920 998 1989 1051 [¹⁶
2011 1000 2028 1053 ]
2057 999 2104 1042 in
2138 1016 2181 1044 re
2212 1000 2425 1045 maritima

1378 1055 1660 1099 tradiderunt.
1693 1057 1884 1111 Quorum
1917 1056 2087 1100 initium
2120 1072 2206 1100 non
2238 1074 2260 1100 a
2293 1058 2424 1102 Tibe·

1379 1113 1471 1167 rio,
1505 1113 1566 1156 sed
1597 1129 1621 1156 a
1652 1112 1874 1168 Claudio,
1918 1113 1987 1157 sub
2017 1130 2099 1170 quo
2131 1115 2246 1157 Coss.
2279 1114 2310 1159 ii
2343 1114 2433 1159 fue-

1381 1186 1422 1214 re
1449 1202 1462 1224 ,
1493 1171 1563 1226 qui
1597 1169 1841 1215 collefflone
1874 1170 1947 1214 illa
1979 1172 2263 1227 perhibentua⁴
2270 1204 2284 1227 ‚
2316 1188 2436 1217 nem-

1378 1244 1426 1283 pe
1459 1230 1512 1282 Q.
1545 1228 1716 1272 Aterius
1750 1229 1991 1272 Antoninus
2021 1229 2065 1280 ὅ(
2098 1232 2153 1272 D.
2185 1230 2333 1282 Junius
2362 1230 2429 1273 Si-

1380 1287 1639 1329 lanusanno
1669 1302 1693 1329 a
1723 1285 1888 1329 Christo
1921 1299 2022 1330 nato
2047 1289 2166 1331 LIV.
2208 1288 2275 1341 (d)
2310 1286 2430 1343 Isque

1381 1346 1614 1398 Imperator
1661 1343 1843 1398 pluribus
1875 1359 1962 1388 rem
1995 1345 2204 1389 nauticam
2237 1348 2432 1389 Senatus-

1379 1400 1575 1444 consultis
1598 1401 1838 1458 constituit,
1862 1418 2038 1457 quorum
2065 1402 2145 1446 duo
2168 1404 2220 1445 ab
2241 1401 2436 1458 Ulpiano

1381 1457 1646 1512 referuntur,
1665 1458 1711 1501 de
1731 1454 1897 1514 quibus
1899 1475 2059 1515 egimus
2080 1459 2191 1514 supra
2220 1458 2269 1502 ad
2287 1458 2428 1513 legem

1381 1515 1626 1560 Corneliam
1657 1514 1705 1558 de
1737 1515 1907 1558 ficariis.
1943 1517 2020 1569 [e]
2054 1518 2137 1559 Eos
2155 1529 2324 1569 autem,
2355 1531 2430 1572 qut

1380 1589 1429 1616 ex
1461 1573 1625 1617 afflieris
1656 1572 1700 1614 δι
1733 1571 1886 1615 miseris
1919 1572 2214 1629 naufragorum
2246 1572 2426 1617 fortunis

1381 1629 1480 1686 quid
1499 1631 1728 1674 inhumane
1755 1629 2000 1685 rapuissent3
2024 1630 2118 1675 fisco
2147 1642 2310 1675 tantum
2334 1645 2434 1683 pen-

1381 1689 1474 1732 dere
1507 1687 1641 1732 voluit
1661 1686 1888 1742 Claudius,
1916 1689 2063 1744 quanti
2081 1704 2103 1733 e
2125 1688 2310 1732 Praetoris
2329 1687 2435 1731 Edi·-

1381 1746 1448 1789 &o
1467 1745 1762 1790 damnarentur
1777 1777 1786 1788 .
1819 1744 1899 1799 (f)
1919 1746 2094 1790 Etenim
2111 1746 2241 1790 etiam
2260 1761 2310 1791 ex
2325 1744 2432 1788 Edi-

1381 1804 1451 1847 &o
1494 1804 1680 1848 Praetoris
1721 1803 1852 1847 oritur
1895 1804 2003 1848 aetio
2034 1803 2221 1849 adversus
2253 1815 2435 1859 raptores

1385 1860 1683 1918 naufragorum
1715 1861 1825 1905 intra
1856 1877 2015 1906 annum
2047 1862 2098 1905 in>
2119 1860 2393 1918 quadruplum
2417 1891 2432 1912 ,

2170 1921 2188 1971 (
2208 1934 2235 1975 g
2262 1920 2279 1970 )
2301 1919 2356 1962 Et
2388 1928 2435 1960 ut

1386 1977 1584 2021 violentia
1617 1976 1758 2041 procul
1790 1989 1974 2020 arceatur
2004 1994 2027 2021 a
2060 1976 2286 2032 naufragiis
2314 2006 2328 2029 ‚
2360 1989 2438 2018 ve·

1386 2035 1464 2078 tuit
1508 2037 1679 2079 Senatus
1724 2035 1773 2078 iis
1816 2034 2061 2090 colligendis
2106 2046 2175 2078 aut
2207 2033 2388 2077 militem
2420 2064 2434 2086 ‚

1386 2107 1457 2136 aut
1502 2094 1715 2148 privatum
1756 2123 1768 2146 ‚
1818 2104 1889 2135 aut
1939 2092 2136 2136 libertum
2193 2091 2432 2146 servumque

1387 2150 1591 2206 Principis
1633 2150 1882 2194 intervenire
1918 2181 1927 2192 .
1976 2151 2089 2203 (h)
2135 2151 2260 2205 Leges
2291 2148 2429 2202 itaque

1389 2208 1571 2252 Rhodias
1595 2207 1773 2250 utilitate
1797 2207 1866 2251 diu
1891 2219 1988 2251 aute
2012 2207 2320 2252 commendatas
2346 2207 2437 2248 ulu-

1386 2281 1465 2322 que
1495 2266 1604 2310 inter
1637 2268 1848 2308 Romanas
1881 2265 1989 2321 leges
2021 2265 2200 2308 inve&as
2234 2262 2434 2307 Claudius

1389 2339 1571 2386 primum
1615 2323 1822 2366 convertit
1867 2323 1912 2365 in
1955 2322 2147 2365 assiduam
2189 2321 2232 2363 ἃ
2262 2318 2437 2362 necessa-

1387 2396 1491 2424 riam
1537 2379 1853 2430 iurisdiffionem
1893 2396 1904 2419 r
1956 2379 2100 2422 deinde
2158 2378 2229 2421 alii
2278 2376 2436 2419 Princi-

1391 2454 1455 2493 pes
1497 2437 1655 2482 easdem
1698 2437 1937 2481 aueroritate
1995 2436 2060 2481 sua
2116 2435 2436 2490 comprehende-

1389 2510 1511 2549 runt,
1543 2511 1661 2552 quor
1649 2511 1719 2538 im
1752 2495 1925 2539 nomina
1957 2493 2000 2537 in
2035 2494 2149 2549 supra
2179 2492 2433 2537 demonstra-

1389 2567 1428 2596 ta
1461 2553 1703 2597 colleerione
1737 2553 2004 2596 invenimus:
2038 2566 2188 2607 nempe
2224 2548 2431 2604 Vespasia-

1389 2626 1501 2664 nus,
1549 2611 1615 2653 sub
1660 2626 1739 2672 quo
1781 2612 1820 2653 8.
1855 2610 1907 2652 C.
1941 2625 1987 2653 ea
2018 2609 2064 2652 de
2097 2624 2174 2660 re,
2218 2609 2352 2650 Lauro
2386 2606 2428 2647 &

1388 2668 1622 2725 Agrippino
1649 2669 1731 2711 Coi
1735 2683 1764 2711 s.
1779 2667 1973 2722 infrenis,
2006 2664 2344 2710 tit-Gothofredus
2358 2678 2431 2706 au-

2273 2732 2431 2771 tunm,

2318 2786 2427 2806 2——.-

1390 2838 1446 2881 qui
1486 2838 1567 2879 ipsas
1611 2837 1698 2880 leges
1726 2835 1869 2870 Rhodias
1895 2861 1905 2878 ‚
1947 2847 2018 2879 quae
2053 2836 2152 2875 vulgo
2194 2829 2393 2868 circumfuer
2399 2844 2433 2864 ·ι-

1393 2892 1446 2916 tur
1471 2905 1481 2922 ‚
1521 2882 1573 2915 vel
1601 2882 1699 2915 solius
1728 2882 1873 2915 stultitiae
1903 2881 2037 2915 nomine
2063 2878 2224 2914 »obderem
2258 2878 2429 2911 eonwlncit

1391 2936 1459 3014 cal}
1470 2931 1518 3008 ἒ)
1545 2975 1580 3004 Ρ.
1608 2970 1722 3004 Faber.
1735 2969 1874 3011 fimessr.
1891 2970 1950 3004 lib.
1971 2981 2000 3002 ι.
2017 2976 2084 3011 cap.
2102 2976 2154 3007 25.

1465 3017 1511 3055 θ)
1593 3017 1714 3058 ?‚.mf.
1730 3014 1768 3067 ff·
1785 3017 1822 3049 de
1838 3017 1962 3049 intend.
1978 3016 2060 3047 rm'n.
2080 3013 2118 3046 (a
2134 3014 2242 3054 naufr-

1436 3020 1517 3106 ἓῖ)
1538 3021 1621 3099 lfa-3
1621 3059 1679 3102 .ff.
1697 3063 1732 3093 de
1748 3062 1873 3093 intend.
1891 3062 1976 3093 rain.
1991 3059 2030 3092 <²5
2043 3060 2197 3101 naufrag-

1438 3109 1522 3196 ἓῗέ
1549 3105 1768 3195 {migma
1741 3149 1848 3194 ε’·ηῇνι
1862 3149 2032 3195 ffldeinc·
2045 3148 2130 3184 ruin-
2146 3147 2308 3190 &transm
