2596 3479
568 101 698 154 DE
780 85 1972 152 S‘ENATUSC-ONSULTIS.
2272 104 2373 156 2325

231 179 327 223 bus:
362 191 487 220 nemo
517 189 602 219 non
628 172 776 217 viderit
794 187 889 224 eos,
919 171 986 227 qui
1017 185 1154 216 mente
1177 172 1291 215 sunt‘
1319 186 1490 216 muntur
1510 203 1522 226 ,
1555 170 1688 227 poenis
1732 167 2015 224 compescendi
2061 169 2151 212 sunt
2192 167 2372 232 exterius

230 235 458 280 hebetiores
482 267 495 288 ‚
526 234 568 277 ἃ
621 229 790 286 ingenio
843 230 1075 286 pinguiores
1099 263 1113 286 ‚
1154 229 1266 274 fuisse
1314 230 1457 274 accitis
1505 229 1684 285 visuique
1736 227 2004 283 patentibus3
2050 240 2093 270 ut
2125 241 2220 271 curn
2255 228 2359 269 viri-

231 284 387 337 c'reatos
418 294 464 335 ad
500 290 719 346 parendum
742 320 755 342 ,
787 299 984 344 tanquam
1019 302 1164 332 natura
1192 290 1267 332 ser·
1312 288 1386 331 bus
1420 288 1590 331 rationis
1623 286 1800 330 minime
1834 298 2028 339 regantur
2050 316 2063 338 ‚
2095 286 2246 329 viribus
2287 302 2357 329 co-

228 362 327 404 voS3
361 349 647 407 praestantiores
672 361 797 398 vero,
828 345 871 389 ἃ
894 347 1154 401 sapientiores
1172 360 1284 399 tan-¹
1313 345 1531 390 hibeantur
1570 344 1749 399 corporis
1769 376 1779 388 .
1825 343 1950 388 Unde
1992 343 2175 399 corporis
2196 374 2208 395 ‚
2241 344 2354 395 cujus·

227 425 353 465 quam
387 421 530 451 natura
560 405 750 448 dominos
779 402 827 445 ad
847 404 1259 459 imperandum3non
1310 404 1694 458 perniciosissimum
1737 403 1791 445 est
1831 402 2054 458 imperium
2077 433 2090 456 ,
2140 401 2354 447 servitium

227 467 389 521 quidem
425 476 588 518 propter
619 460 826 517 propriam
848 492 860 512 ‚
896 462 953 504 sed
986 476 1150 518 propter
1181 463 1262 507 im-
1308 474 1450 504 tamen
1494 462 1548 504 est
1581 461 1840 503 utilissimum
1866 491 1882 513 ,
1911 461 2010 502 dum
2043 475 2091 503 eo
2123 459 2250 503 veluti
2277 461 2357 503 mi-

227 522 486 566 becilliorum
531 521 782 575 potissimum
827 519 1053 562 utifitatem
1080 552 1090 561 .
1151 505 1432 576 Quialnistro
1463 533 1585 573 atque
1619 517 1791 561 satellite
1824 517 1995 560 rationis
2029 532 2220 561 utamur.
2252 520 2354 562 Haec

225 592 369 623 natura
402 594 487 622 non
518 577 643 621 aliam
675 577 728 619 ob
759 576 918 620 causam
953 577 1094 622 sub-esse
1126 579 1285 647 homi·¹
1308 591 1446 620 autem
1482 577 1540 618 vis
1563 575 1775 631 legitima,
1807 574 1886 618 sive
1918 574 2054 618 civilis
2074 575 2145 629 ‚si
2177 575 2352 619 atrocio-

224 651 296 679 nes
322 635 557 678 hominibus
582 635 762 690 patitur,
796 633 868 677 nisi
904 647 949 677 ut
980 636 1047 691 qui
1075 636 1252 679 securita-
1308 634 1360 677 ris
1393 649 1522 689 poen-13
1553 632 1746 676 facultate
1782 632 1968 688 polleat,
2003 633 2227 688 imperium
2267 648 2354 677 me-

228 704 311 736 tem
338 693 381 737 Sc
419 693 877 748 utilitatem‘nequeu-nt
900 708 1037 747 parare
1059 693 1259 747 sibi,·eam
1311 708 1432 734 ruint
1471 691 1495 733 si
1530 706 1624 733 vero
1658 690 1822 734 levioris
1853 691 2116 735 coercitionis
2161 691 2354 747 potestate

225 751 514 807 praestantioris
544 751 695 794 mentis
729 751 904 804 imperio
937 750 1257 807 consequantur:

223 810 330 851 unde
363 808 591 862 sapientum
639 807 683 851 in
716 821 868 850 ceteros
910 806 1163 861 dominatio,
1196 821 1258 852 ut-

223 878 317 919 pote
350 881 477 908 nexus
501 865 691 908 humanae
715 864 913 907 societatis
934 897 946 918 ,
977 865 1020 908 ὅτ.
1054 865 1162 909 radix
1188 882 1257 921 pu-

221 922 338 965 blicae
384 922 517 965 salutis
555 923 599 964 in
644 937 868 965 commune
910 923 1179 966 commodum
1212 924 1261 965 ab

221 978 305 1035 ipsa
347 992 490 1022 natura
515 1010 524 1027 ,
568 979 610 1021 δί
647 995 668 1021 a
706 980 878 1023 rationis
916 979 1002 1028 leue
1047 981 1259 1034 procedit.

221 1037 337 1079 Nam
370 1037 396 1080 si
429 1036 489 1088 jus
515 1036 675 1089 imperii
699 1037 896 1080 ducamus
916 1054 937 1079 a
966 1037 1148 1091 pot-entia
1171 1053 1259 1080 cor-

222 1094 355 1148 pori53
389 1094 587 1136 continuo
621 1095 662 1135 in
688 1094 923 1137 discordiam
955 1126 967 1147 ‚
1000 1095 1043 1137 ἃ
1073 1107 1258 1138 mutuam

219 1150 510 1207 infinitamque
541 1152 690 1194 caedem
715 1151 973 1194 delabemur.
1006 1154 1121 1195 Cum
1144 1152 1258 1195 enim

221 1208 319 1251 absit
349 1225 371 1250 a
395 1224 563 1262 corpore
600 1208 846 1261 consilium3
882 1209 953 1251 nisi
989 1223 1127 1253 ‘motus
1150 1209 1261 1252 illius

222 1278 382 1309 ratione
408 1282 453 1308 ac
480 1265 616 1321 regula
639 1268 944 1318 gubernentur3
972 1266 1165 1309 homines
1203 1266 1260 1309 fe-

219 1322 274 1364 ris
300 1322 610 1365 miserabiliores
643 1322 921 1365 affectionibus
961 1320 1133 1377 propriis
1173 1324 1255 1365 asli·

216 1378 295 1421 duo
341 1380 448 1421 inter
483 1380 516 1421 se
549 1379 824 1433 pugnantibus
874 1381 1056 1422 invicem
1084 1379 1260 1422 dilania-

219 1451 358 1479 remur
382 1467 396 1478 ..
441 1437 551 1490 Quid
587 1449 774 1489 praeterea
818 1449 904 1479 tam
940 1437 1222 1491 praeposterum
1248 1470 1259 1490 ,

213 1506 334 1549 atque
361 1494 550 1537 aberrans
568 1509 589 1534 a
616 1507 784 1546 natura,
817 1509 940 1550 quam
976 1494 1145 1548 potestas
1169 1510 1252 1537 cor-

219 1551 327 1605 poris
359 1552 401 1593 in
445 1564 655 1603 mentem,
685 1567 710 1593 a
754 1566 831 1605 qua
866 1567 1010 1605 corpus
1034 1584 1046 1604 ,
1087 1564 1258 1603 accepto

222 1619 341 1651 motu
379 1640 391 1660 ‚
425 1607 534 1650 suam
570 1607 661 1650 vim
702 1608 745 1650 &
780 1608 1014 1661 potestatem
1060 1623 1256 1664 perpetuo

188 1656 383 1709 'trahit?
429 1665 536 1720 Quid
580 1664 704 1719 igitur
747 1665 908 1719 possunt
950 1666 995 1707 ad
1027 1665 1254 1708 humanam

218 1721 449 1764 societatem
469 1755 478 1768 ,
511 1721 554 1764 ὃς
582 1722 752 1764 civilem
779 1722 905 1764 vitam
933 1725 1111 1776 corporis
1133 1725 1255 1765 vires?

217 1779 337 1820 Num
364 1781 409 1821 ad
436 1779 594 1821 fabrilia
622 1791 782 1821 tantum
806 1810 816 1831 ‚
849 1780 1030 1834 artesque
1061 1780 1257 1831 rudiores,

215 1837 261 1878 ad
297 1836 554 1890 prudentiam
580 1851 703 1888 vero,
735 1836 777 1878 ὅ(
803 1836 1022 1878 custodiam
1051 1837 1256 1891 publicam

214 1905 336 1936 erunt
387 1893 542 1948 prorsus
576 1894 772 1936 inutiles?
809 1895 863 1935 Et
896 1895 986 1936 sane
1021 1895 1091 1937 nisi
1126 1908 1256 1937 metus

212 1950 330 1993 nobis
355 1952 609 2006 impenderet
630 1955 683 1994 ab
709 1950 884 1993 hostibus
910 1953 1116 2003 externis,
1149 1965 1217 1994 aut
1235 1968 1257 1994 a

214 2008 398 2050 motibus
430 2008 630 2050 intestinis
656 2039 667 2060 ‚
696 2009 746 2050 ad
780 2009 966 2063 regimen
1013 2009 1134 2051 civile
1168 2025 1257 2051 cor-

218 2063 325 2117 poris
357 2065 478 2107 robur
509 2064 664 2107 nuliius
700 2065 834 2106 forsan
863 2068 953 2114 efflet
979 2066 1090 2107 usus:
1117 2065 1255 2121 utique

217 2119 242 2162 si
282 2121 354 2162 suae
388 2120 608 2173 omnibuS,
641 2136 712 2163 aut
748 2121 891 2164 alienae
929 2123 1075 2164 rationi
1116 2123 1255 2177 sponte

216 2190 430 2233 parerent,
466 2178 746 2234 intelligentes
790 2182 1047 2222 aberrantem
1082 2196 1101 2220 a
1136 2180 1236 2222 ratio

216 2250 293 2288 ne,
337 2235 432 2277 dum
476 2236 528 2278 ab
569 2252 614 2278 ea
645 2236 853 2289 defiefflit,
897 2237 938 2279 ὃ(
970 2254 992 2279 a
1025 2237 1173 2279 virtute
1208 2237 1278 2305 ad,

151 2327 153 2329 .
216 2292 365 2335 vitium
405 2292 600 2335 dilabitur
625 2326 636 2343 ‚
669 2294 814 2336 erroris
852 2309 993 2349 poenas
1033 2294 1123 2336 dare
1176 2293 1254 2338 sine

214 2349 434 2405 carnifice,
469 2366 562 2395 cum
587 2366 713 2394 omne
740 2352 891 2394 vitium
918 2352 960 2394 sit
987 2352 1096 2395 ultor
1121 2352 1197 2394 sui.

416 2466 456 2507 C
516 2467 556 2508 A
617 2467 648 2508 P
707 2468 751 2509 U
813 2467 856 2507 T
976 2467 1056 2508 IV.

415 2553 482 2595 Do
514 2568 613 2594 mero
645 2551 832 2608 mistoque
868 2552 1055 2608 Imperio,

333 2638 463 2682 Erum
508 2638 601 2694 quia
635 2638 823 2682 homines
867 2654 950 2680 non
996 2651 1078 2681 tam
1111 2637 1275 2694 cogni-³

352 2695 487 2748 tione,
520 2712 642 2752 quarn
678 2696 787 2739 sensu
820 2697 1050 2750 ducuntur,
1080 2712 1128 2739 ac
1163 2712 1252 2738 raro

215 2752 348 2795 causas
391 2754 648 2796 miseriarum
691 2755 925 2798 adscribunt
960 2754 1027 2796 sibi
1062 2754 1176 2810 ipsis,
1209 2753 1274 2796 &²

212 2810 385 2864 propriis
426 2812 750 2867 cupiditatibus3
801 2828 850 2855 ex
901 2813 1046 2866 quibus
1091 2825 1250 2854 tantum

215 2866 442 2923 voluptates
489 2870 689 2925 pei-cipere
725 2870 791 2912 sibi
827 2870 1016 2914 videntur
1038 2902 1052 2924 ,
1085 2869 1214 2922 ignari
1238 2901 1274 2920 ³<

213 2936 278 2965 eas
319 2924 476 2969 fontem
519 2927 593 2970 esse
629 2928 832 2971 malorum
855 2959 867 2980 ‚
911 2944 1003 2970 cum
1037 2921 1274 2984 nunqua-m}

214 2979 443 3034 voluptates
490 3001 512 3027 a
544 2985 659 3028 vitiis
701 2986 871 3029 veniant
917 2986 997 3028 sine
1042 2986 1164 3040 longa
1210 2985 1276 3036 &3

215 3036 314 3079 saeva
355 3038 522 3083 cohorte
565 3042 822 3086 miseriarum
859 3059 872 3095 3
923 3058 1133 3098 propterea
1183 3042 1282 3208 quil

215 3092 433 3140 latentibus
474 3097 520 3141 in
551 3100 692 3143 animo
737 3116 872 3157 poenis
916 3102 1091 3148 minime
1125 3116 1249 3157 repri-

1311 749 1474 792 1iniatur
1500 781 1512 800 ,
1545 748 1710 792 mistum
1749 748 2015 804 appellatur:
2062 765 2237 805 quorum
2274 748 2352 791 hoc

1308 806 1572 859 jurisdiffioni
1614 806 1772 861 semper
1795 837 1807 859 ‚
1839 806 1882 849 δε
1927 806 2215 862 Magistratui3
2247 806 2351 850 illud

1312 864 1489 920 Principi
1536 876 1699 906 tantum
1741 863 1787 907 &
1833 864 2026 917 supremae
2059 864 2249 919 potestati
2284 879 2354 908 co-

1309 922 1431 966 haeret
1456 928 1494 975 ,3
1524 920 1569 963 de
1613 921 1757 976 quibus
1802 920 1921 964 fufius
1946 953 1958 975 ‚
1998 921 2047 965 2&
2080 921 2264 966 subtilius
2308 920 2352 966 in

1308 980 1441 1023 nostro
1473 979 1520 1022 de
1549 978 1820 1032 ini-tsdiffiione
1853 979 2029 1023 trafflitu
2049 1011 2060 1023 .

1522 1094 1963 1137 CAPUT
2078 1096 2138 1139 V.

1307 1182 1373 1224 De
1401 1179 1528 1222 tribus
1549 1180 1763 1222 civitati-nn
1786 1182 1992 1237 generibus
2015 1212 2026 1234 ‚
2060 1180 2117 1226 &⁴
2141 1183 2270 1238 primo
2300 1183 2350 1227 de

1357 1235 1558 1291 simplici,
1582 1235 1672 1290 sive
1702 1238 1751 1280 de
1780 1240 1925 1295 optimo
1943 1238 2056 1294 statu
2085 1241 2290 1284 civitatis.

1438 1321 1505 1365 Ua
1546 1321 1645 1374 justa
1691 1323 1975 1369 distributione
2007 1340 2226 1371 munerum
2252 1359 2266 1382 ,
2307 1326 2352 1370 δε

1455 1378 1727 1424 collocatione
1752 1412 1765 1434 ,
1807 1397 1853 1426 ac
1897 1394 2226 1438 temperamento
2258 1398 2347 1440 par-

1376 1483 1384 1491 ·
1456 1436 1559 1480 tium
1596 1437 1813 1482 secundum
1865 1439 1975 1483 suam
2007 1440 2196 1497 cujusque
2228 1454 2349 1486 natu-

1309 1509 1394 1535 ram
1441 1493 1488 1536 ad
1535 1493 1820 1549 imperandum
1846 1527 1859 1550 ‚
1905 1497 1968 1540 vel
2002 1498 2050 1540 ad
2082 1499 2305 1553 parendum
2338 1528 2349 1552 ‚

1273 1550 1349 1592 ’ὃς
1390 1550 1438 1592 ad
1485 1551 1757 1606 incidendas,
1801 1553 1866 1596 vel
1918 1554 2138 1598 subeundas
2170 1570 2311 1611 poenas
2336 1585 2349 1610 ,

1307 1607 1452 1649 civitas
1486 1608 1589 1651 reSoe
1635 1610 1902 1664 componitur
1928 1643 1939 1653 .
1974 1614 2037 1655 Ae
2081 1612 2172 1656 sane
2212 1612 2242 1656 sl
2276 1612 2350 1656 ho-

1310 1665 1441 1706 mines
1464 1665 1530 1707 ·in
1566 1677 1755 1710 mutuam
1791 1667 2014 1712 custodiam
2059 1669 2349 1714 incumbentes

1305 1721 1597 1765 communibus
1631 1736 1841 1767 uterentur
1886 1724 2035 1778 opibus
2082 1727 2129 1770 ad
2161 1739 2350 1771 externas

1307 1778 1556 1833 repellendas
1589 1779 1782 1833 inimi-‘³33
1818 1782 2026 1826 intestinas
2066 1799 2164 1827 vero
2194 1784 2345 1836 discors

1304 1836 1388 1878 dias
1423 1835 1545 1879 nullis
1578 1853 1706 1893 neque
1740 1838 1993 1894 singulorum
2021 1871 2035 1892 ,
2078 1855 2207 1896 neque
2246 1841 2347 1884 uni·

1308 1892 1514 1936 versorum
1569 1895 1839 1949 reprimerent
1893 1896 2047 1940 viribus
2082 1914 2095 1950 3
2145 1897 2206 1941 sed
2263 1896 2345 1941 solo

1305 1950 1473 1992 consilio
1499 1982 1511 2003 ,
1554 1967 1598 1993 ac
1651 1952 1813 2007 publico
1860 1954 2102 2009 privatoque
2142 1955 2216 1998 usu
2259 1970 2382 2010 pet·-v

1306 2005 1416 2049 fec'tae
1461 2008 1622 2051 virtutis
1664 2008 1721 2051 ita
1770 2009 1930 2053 favillas
1979 2012 2236 2067 quascunque
2268 2012 2348 2054 dis-

1305 2064 1534 2108 cordiarum
1587 2065 1924 2122 extinguerent3
1967 2081 2012 2110 ut
2064 2083 2208 2122 pacem
2257 2069 2349 2112 ubi-

1303 2137 1379 2176 que
1413 2135 1570 2175 partam
1617 2138 1688 2177 pro
1722 2124 1756 2166 se
1787 2124 1952 2180 quisque
1984 2124 2137 2178 aleret,
2169 2141 2344 2182 eamque

1303 2179 1546 2222 abstinentia
1591 2179 1869 2232 injuriarum,
1912 2198 1956 2225 ac
1991 2195 2135 2225 mutua
2179 2183 2355 2227 benevo-

1303 2235 1426 2278 lentia
1453 2268 1464 2289 ,
1499 2237 1703 2292 studioque
1730 2238 1898 2292 publicae
1946 2255 1991 2283 ac
2025 2240 2192 2294 privatae
2235 2242 2352 2285 utili-

1300 2294 1396 2335 tatis
1427 2305 1639 2346 utereturz,
1673 2294 1756 2338 haec
1798 2295 1891 2339 esset
1934 2298 2157 2340 beatissima
2202 2299 2346 2343 civitas

1298 2363 1420 2404 atque
1463 2351 1654 2394 omnium
1691 2353 2007 2407 praestantiffima
2040 2387 2052 2409 ‚
2084 2357 2232 2412 quippe
2264 2375 2351 2414 quse

1301 2408 1346 2449 ad
1383 2408 1436 2451 sui
1471 2409 1692 2463 praesidium
1729 2410 1854 2454 solam
1888 2415 2093 2459 rationem
2126 2450 2138 2471 ‚
2172 2419 2251 2462 fine
2288 2419 2351 2463 ul-

1301 2464 1341 2506 lo
1373 2466 1557 2520 corporis
1589 2468 1818 2511 ministerio
1851 2471 2095 2527 adhiberet3
2139 2476 2181 2519 8:
2218 2478 2345 2522 virtu-

1303 2522 1407 2586 tibiis
1440 2523 1700 2576 privatorum
1719 2558 1730 2578 ‚
1765 2539 1961 2583 tanquam
1989 2532 2164 2586 publicis
2192 2534 2348 2591 legibus

1302 2581 1612 2624 institueretur.
1650 2583 1772 2626 Unde
1818 2601 1917 2638 opus
1949 2587 2032 2631 haec
2065 2606 2148 2633 non
2183 2593 2350 2639 haberet

1299 2639 1503 2690 corporeis
1539 2638 1714 2692 viribus,
1748 2654 1791 2684 ut
1818 2643 1918 2687 alios
1951 2646 1997 2690 ad
2021 2648 2171 2693 re&am
2202 2651 2348 2695 viven-

1300 2695 1337 2737 di
1368 2710 1561 2758 normam
1587 2697 1791 2753 traherer3
1822 2701 1919 2756 quia
1952 2704 2058 2748 suam
2091 2707 2159 2750 fibi
2185 2709 2350 2766 quisque

1302 2765 1503 2816 rationem
1555 2753 1720 2818 haberet
1753 2758 1895 2802 ducem
1919 2793 1932 2803 ⁴
1969 2764 2094 2808 Ratio
2145 2781 2242 2809 vero
2265 2801 2275 2819 ‚
2323 2769 2348 2811 fi

1299 2811 1492 2853 omnibus
1537 2812 1803 2877 affeffiionurn
1852 2818 2062 2865 nubeculis
2087 2823 2347 2880 explicetur,

1299 2883 1380 2912 una
1407 2870 1625 2933 eademque
1657 2887 1697 2913 in
1726 2873 1893 2929 singulis
1918 2875 2350 2934 emicabit,'unicam-

1302 2942 1387 2990 que·
1413 2943 1454 2969 in
1491 2928 1699 2971 mentibus
1733 2929 1956 2977 hominum
2002 2938 2097 2981 boni
2132 2941 2347 2984 notionem

1301 2984 1520 3048 excitabit:
1541 2986 1582 3027 in
1602 3002 1725 3042 quam
1746 3005 1893 3033 omnes
1914 3007 1995 3035 uno
2014 2994 2237 3052 eodemque
2258 2998 2345 3040 ani-

1300 3058 1358 3085 mi
1386 3043 1498 3087 sensu
1518 3047 1795 3103 conveniunt.
1823 3048 1944 3091 Ratio
1963 3052 2077 3093 enirn
2100 3055 2200 3107 parit
2218 3055 2342 3098 scien·

1300 3102 1400 3144 tiam
1431 3116 1443 3153 ς
1477 3101 1644 3146 scientia
1675 3118 1771 3147 vero
1804 3103 1973 3160 simplex
2006 3109 2086 3162 est,
2118 3111 2160 3154 ὃς
2191 3116 2338 3168 unica,

2248 3172 2341 3228 quia
