2524 3479
132 1438 137 1441 “
204 1432 309 1475 tiam
343 1432 384 1475 in
411 1430 725 1484 Jurisconsultos
751 1447 773 1472 a
800 1429 982 1485 pluribus
1012 1429 1182 1473 refertur
1213 1462 1222 1473 .

201 130 272 183 42
596 110 712 165 DF,
780 108 1046 166 oRTu
1111 110 1232 166 ET
1274 109 1822 170 PRoGREssU

204 188 376 232 biduum
407 184 704 231 accusatoribus
728 218 740 241 ‚
786 186 829 231 δι
861 186 1024 230 testibus
1055 217 1067 240 ‚
1101 186 1224 231 tertio
1274 203 1358 232 non
1402 191 1590 245 mentis,
1643 191 1684 232 &
1725 188 1927 235 orationis
1970 198 2134 236 tanturn
2168 206 2182 247 ς
2226 191 2290 236 sed

206 247 270 289 (lie
304 245 489 289 adversus
522 244 655 288 filium
692 245 934 307 sententiam
969 243 1069 287 tulit
1100 261 1109 286 τ
1145 261 1224 301 qua
1272 262 1445 301 operum
1477 265 1637 306 quoque
1672 248 1880 293 severitate
1917 261 2000 292 tota
2027 249 2108 313 viQi
2132 251 2166 294 se
2190 265 2294 305 prae-

202 304 398 356 juvenem
425 336 438 358 ,
485 316 626 357 utpote
654 319 675 346 a
705 303 926 355 majoribus
952 302 1026 345 suis
1051 302 1221 356 degene-
1274 304 1399 347 stitit.
1420 305 1631 362 Siquidem
1660 322 1788 363 neque
1815 306 1965 360 injuria
1993 312 2192 363 unquam,
2213 321 2291 354 nee

204 378 321 414 rem,
356 361 584 417 Republica
612 392 623 411 ‚
674 360 716 403 ὃς
748 360 874 404 domo
907 360 971 403 sua
1004 359 1223 415 indignum
1273 362 1405 417 gratia
1432 363 1597 419 vietus,
1630 379 1847 422 utramque
1881 366 2086 409 adversam
2121 365 2291 419 pariter,

199 421 490 476 pronunciavit
509 436 520 473 3
541 417 753 474 ablataque
777 418 894 462 omni
913 418 974 474 spe
1006 419 1155 462 reditus
1172 451 1183 469 ,
1202 434 1223 461 e
1275 435 1320 461 ac
1353 418 1567 466 secundam
1591 423 1808 466 contemsit
1836 422 2072 466 fortunam:
2109 423 2152 467 &
2173 423 2296 468 Civi-

198 478 416 533 conspcclu
442 477 507 522 suo
533 477 639 530 jussit
662 476 772 520 abire
791 509 800 518 .
825 478 916 520 Hac
941 474 1091 528 injuria
1113 476 1220 519 filius
1274 489 1432 530 tatem,
1465 495 1588 535 quam
1614 481 1737 534 exul,
1768 481 1812 525 ⁷&
1838 482 2158 536 repetundarum
2187 479 2297 532 inju-

197 537 459 581 exanimatus
494 569 505 586 ,
550 534 786 578 voluntaria
814 548 945 578 morte
975 535 1010 578 se
1038 533 1222 578 infamiae
1275 535 1327 577 ste
1350 534 1567 580 damnatus
1594 539 1813 594 reliquerat
1839 570 1851 592 ,
1901 539 2027 582 etiam
2055 539 2239 582 oblatam
2271 554 2297 582 a

202 594 402 638 subtraxit
434 627 443 636 .
485 596 589 648 Qaae
619 593 833 637 calamitas
868 592 1044 636 minime
1080 606 1221 635 tamen
1273 592 1389 646 Sylla
1416 595 1667 649 repudiavit:
1702 596 1813 653 quasi
1840 612 1940 651 opus
1969 611 2051 639 non
2071 597 2164 640 esset
2186 594 2296 640 reddi

198 653 330 696 Patris
356 651 554 695 ferociam
583 649 706 707 fregit
740 666 749 692 :
800 666 896 693 nam
927 650 1112 707 exequiis
1149 649 1224 692 filii
1273 649 1345 694 fibi
1372 651 1605 697 Civitatem
1642 686 1654 708 ‚
1687 670 1810 710 quam
1839 686 1851 707 ‚
1887 654 1991 697 salva
2021 654 2260 699 innocentia
2281 685 2295 709 ‚

202 726 288 754 non
317 710 445 752 solum
474 724 668 765 corpore,
704 707 763 751 sed
783 708 926 751 animo
948 709 1075 751 etiam
1097 706 1223 751 abesse
1277 720 1516 766 retentaque
1557 712 1701 754 animo
1735 727 1905 754 romana
1937 712 2090 755 virtute
2123 744 2136 766 ,
2186 727 2298 755 nun-

203 767 336 811 voluit
356 784 367 821 ·,
391 767 583 822 siquidem
614 781 708 809 cum
734 765 854 809 funus
880 766 1121 818 duceretur,
1142 764 1225 820 ipse
1275 782 1399 822 quarn
1428 768 1617 812 amiserat
1645 801 1653 811 .
1688 769 1802 813 Hinc
1828 770 1871 811 in
1894 785 1941 811 eo
1970 767 2121 819 judicio
2152 801 2164 823 ‚
2196 770 2297 814 dum

203 826 314 869 dorni
347 825 511 878 sedens,
546 837 684 867 mente
713 823 869 876 soluta,
901 823 944 866 ὃ(
973 823 1096 866 libera
1124 838 1219 865 con·
1276 841 1346 880 pro
1372 825 1406 868 se
1432 826 1613 879 diceret,
1649 843 1779 882 neque
1809 827 1988 869 summus
2018 828 2214 870 Oratores
2248 828 2295 870 L.

209 883 428 927 sultoribus
466 882 675 926 audiendis
706 914 718 934 ‚
769 882 1006 936 civiumque
1048 881 1224 937 negotiis
1275 882 1463 927 Crassum
1491 916 1503 937 ‚
1536 885 1578 928 &
1605 886 1670 928 M.
1706 884 1943 928 Antonium
1975 883 2041 926 sibi
2069 883 2193 927 adeffe
2222 899 2299 927 vo-

204 941 528 998 componendis,
561 939 734 991 jucunde
761 940 955 983 vacabat.
988 939 1075 991 (a)
1276 939 1350 984 luit
1378 958 1387 983 z
1424 957 1553 998 neque
1583 942 1779 1000 supplices
1807 958 1953 986 manus
1980 942 2027 985 ad
2054 942 2296 997 cujusquam

1275 1014 1409 1054 genua
1437 1000 1694 1043 circumtulit
1719 1017 1728 1041 :
1785 1001 1843 1043 sed
1877 1000 2021 1052 majori
2061 1000 2127 1043 fibi
2155 999 2297 1054 gloriae

1274 1057 1390 1100 duxit
1416 1056 1687 1101 innocentem
1712 1057 1925 1111 damnari,
1959 1073 2083 1113 quam
2107 1058 2303 1113 superbo-

1275 1131 1366 1158 rum
1391 1130 1514 1168 opem
1540 1115 1837 1170 implorantem
1864 1114 2020 1158 absolvi
2044 1147 2053 1157 .
2090 1118 2152 1158 Ac
2182 1114 2300 1159 sicuti

1244 1167 1398 1248 'nullae
1435 1172 1545 1217 huuc
1587 1172 1819 1217 inimicitiae
1845 1204 1856 1226 ‚
1911 1173 1966 1215 ita
1999 1188 2075 1216 nec
2112 1172 2303 1216 amicitia

274 1257 423 1310 *Aius
474 1257 657 1301 Martius
701 1255 871 1314 Figulus
943 1256 1037 1309 Caji
1072 1256 1222 1300 Martii
1273 1230 1438 1295 deflerit
1471 1247 1493 1274 a
1530 1231 1679 1294 virtute
1709 1263 1719 1274 ¹
1770 1232 1882 1295 CU⁷1⁷²
1926 1230 2052 1298 paim.
2088 1229 2302 1282 cujusdam

346 1296 596 1360 filius'illius
618 1348 631 1370 a
661 1316 731 1371 qui
765 1330 860 1357 cum
896 1288 1040 1358 {4353OE
1075 1315 1222 1357 consu·
1275 1304 1397 1330 amici
1424 1304 1568 1345 parum
1594 1290 1702 1339 iustae
1728 1302 1934 1344 rogationi
1968 1288 2161 1332 resisteret
2196 1321 2208 1343 ‚
2255 1288 2302 1331 &

202 1373 213 1416 l
421 1374 453 1416 ss
800 1373 844 1414 U
893 1374 932 1415 C
982 1374 1130 1416 DXCI
1180 1387 1221 1415 e·
1273 1346 1430 1388 amicus
1452 1345 1627 1390 diceret:
1663 1348 1777 1400 Q-:eid
1802 1348 1906 1389 mihi
1927 1347 2110 1389 amicitia
2135 1359 2204 1389 tua
2225 1377 2238 1401 ‚
2261 1344 2302 1400 fi

221 1387 334 1417 atum
368 1390 414 1430 ge
449 1387 535 1416 “at
557 1388 712 1427 ’‘³¹³³‘'
745 1389 766 1415 a
850 1404 859 1414 ·
937 1406 945 1414 ·
1139 1405 1147 1413 ·
1275 1404 1376 1445 nihil
1399 1404 1473 1445 ahs
1497 1417 1531 1446 te
1555 1406 1746 1457 impeti-0,
1779 1417 1874 1460 opus
1903 1405 1990 1459 est?
2029 1404 2209 1448 Rutilius
2238 1419 2305 1446 re-

1275 1460 1392 1507 tulit:
1429 1464 1509 1504 [mo
1534 1464 1635 1517 quid
1659 1463 1759 1505 mihi
1785 1475 1854 1505 tua
1875 1495 1885 1517 ‚
1921 1462 1952 1513 fi
1972 1473 2128 1518 propter
2151 1475 2186 1503 te
2203 1461 2294 1515 sum

1273 1519 1433 1574 aliquid
1458 1520 1647 1575 inhonesti
1665 1519 1875 1574 suffusus?
1900 1523 2045 1576 Itaque
2076 1520 2291 1563 ree‘nffime

1275 1575 1385 1620 hunc
1409 1589 1597 1633 togatum
1638 1610 1649 1631 ,
1701 1578 1744 1621 Sc
1771 1578 2047 1621 Consularem
2079 1578 2296 1620 Socratem

1274 1633 1543 1689 appellaveris
1575 1667 1584 1678 .
1621 1633 1860 1690 Disciplinae
1904 1636 2077 1679 militari
2123 1634 2301 1692 exquisi-

1278 1704 1361 1734 tam
1392 1693 1518 1735 etiam
1544 1706 1675 1736 artem
1703 1693 1876 1737 inseruit
1901 1726 1912 1746 ‚
1943 1691 2124 1736 evocatis
2152 1708 2174 1736 e
2204 1691 2301 1736 ludo

321 1058 362 1100 C
435 1057 477 1099 A
552 1056 581 1098 P
652 1056 696 1096 U
769 1055 813 1096 T
943 1055 976 1098 L
1003 1055 1022 1097 Ῑ
1051 1055 1105 1098 V.

420 1144 488 1186 De
519 1142 622 1195 Cajo
656 1140 814 1184 Martio
846 1142 1015 1199 Figulo.

205 1491 245 1532 Is
288 1506 381 1533 cum
418 1489 619 1546 petitione
654 1487 886 1531 consulatus
920 1488 1123 1542 repulsam
1158 1501 1220 1531 tu-

207 1546 310 1590 lisset
334 1580 345 1600 ‚
378 1548 421 1591 ὃς
451 1564 472 1590 a
499 1547 655 1589 civibus
679 1547 726 1589 de
756 1561 869 1588 more
897 1545 1176 1589 consuleretur
1209 1562 1222 1599 3

199 1605 402 1655 injuriam
441 1604 678 1659 indignatus
712 1603 930 1657 consulere,
963 1603 1227 1661 inquit,sct'-

198 1664 252 1706 tis
278 1679 297 1715 ,·
331 1662 551 1717 Consulem
572 1660 705 1716 facere
729 1661 916 1715 nescitis.

374 1779 416 1822 C
476 1778 516 1821 A
579 1777 610 1820 P
670 1778 713 1818 U
775 1777 819 1819 T
937 1779 969 1820 L
991 1778 1031 1820 V
1275 1748 1369 1801 Caji
1393 1749 1554 1794 AEmilii
1580 1752 1720 1815 Scauri
1748 1751 1948 1807 magistris
1975 1751 2253 1816 gladia-torum·
2284 1766 2296 1792 :

1039 1810 1049 1820 “
1277 1808 1426 1863 usuque
1451 1808 1497 1852 ad
1525 1823 1728 1852 rationem
1755 1810 1932 1864 expenso
1954 1841 1965 1861 ,
1989 1809 2191 1852 militiam
2215 1823 2302 1852 vir«

436 1865 503 1909 De
535 1864 638 1917 Caio
670 1863 796 1906 Livio
829 1863 988 1916 Druso.
1277 1878 1359 1909 tute
1385 1864 1466 1917 jam
1493 1866 1710 1910 florentem
1744 1899 1756 1919 ‚
1804 1868 1931 1909 etiam
1961 1866 2126 1909 scientia
2161 1865 2302 1909 muni-

1276 1925 1336 1966 vit
1357 1956 1366 1965 .
1399 1924 1612 1967 Tribunus
1639 1924 1766 1977 plebis
1795 1923 1900 1976 fuit,
1933 1923 1976 1966 ὃς
2007 1922 2167 1966 Consul
2199 1938 2299 1968 cum

206 1976 302 2083 C
321 1979 424 2033 Aius
457 1979 598 2023 Livius
630 1980 784 2023 Drusus
817 1990 934 2022 tanta
961 1978 1129 2023 scientia
1162 1978 1225 2031 ju·
1275 1980 1379 2031 Caio
1407 1982 1590 2025 Manilio
1617 1999 1726 2026 anno
1755 1986 1808 2026 A.
1836 1984 1893 2024 U.
1921 1983 1972 2024 C.
1994 1982 2297 2025 DCXLVIII.

341 2041 392 2082 ris
414 2071 426 2092 ,
460 2050 652 2094 tantaque
684 2038 852 2081 caritate
886 2035 965 2080 fuit
992 2069 1002 2090 ,
1049 2049 1092 2080 ut
1125 2053 1225 2080 con·
1273 2039 1316 2082 ἃ
1343 2038 1446 2081 Afiae
1472 2039 1688 2083 proconsul
1718 2072 1730 2094 ,
1773 2040 1870 2083 teste
1900 2039 2133 2093 Pomponio
2155 2070 2165 2080 .
2214 2040 2302 2082 De-

204 2095 308 2141 feffia
333 2096 414 2150 jam
442 2109 558 2140 aetate
585 2128 597 2148 ‚
632 2095 860 2139 luminibus
888 2095 1015 2138 etiam
1040 2095 1190 2139 amiffis
1210 2128 1223 2150 ‚
1273 2098 1384 2141 cessit
1412 2097 1454 2140 in
1485 2097 1614 2142 exilio
1641 2131 1653 2152 ‚
1705 2098 1953 2154 reliquitque
1980 2097 2105 2140 libros
2136 2096 2183 2140 de
2215 2094 2301 2147 jure

202 2156 349 2199 assidue
376 2168 516 2198 tamen
541 2152 845 2198 consultoribus
872 2164 1064 2196 vacaret.
1275 2171 1359 2198 non
1387 2171 1534 2211 paucos
1560 2189 1570 2209 ,
1602 2157 1646 2200 &
1672 2169 1877 2200 orationes
1903 2155 2061 2211 aliquot
2086 2186 2098 2208 ,
2143 2152 2299 2206 iudicio

1274 2214 1519 2268 Ciceronis,
1552 2215 1705 2268 exiles3
1738 2214 1848 2259 inter
1867 2229 1964 2270 quas
1989 2228 2114 2256 unam
2136 2211 2182 2255 de
2206 2227 2298 2255 mo-

379 2269 420 2312 C
481 2269 522 2312 A
583 2267 614 2311 P
674 2270 719 2311 U
780 2268 823 2310 T
913 2268 1051 2311 LVI.
1272 2271 1323 2313 do
1351 2271 1615 2315 :edificiorum
1633 2305 1645 2324 ‚
1664 2288 1787 2328 quam
1815 2270 1980 2334 Senatui
2008 2269 2213 2332 Augustus
2234 2284 2298 2312 re-

204 2356 271 2401 De
302 2355 450 2399 Media
461 2355 815 2411 Iurispmdemia‘
847 2355 1009 2410 eiusque
1020 2355 1225 2410 Iuriscon-
1273 2328 1444 2382 citavit,
1463 2329 1673 2393 edi&:›que
1693 2328 1999 2382 promulgavit,
2022 2339 2064 2369 ut
2082 2340 2295 2389 pro-prium

332 2413 483 2468 sulm-5,
516 2412 572 2457 &⁶
602 2414 650 2456 de
680 2414 732 2456 Ρ.
761 2407 927 2457 'Rutilio
958 2411 1096 2466 Rufo·
1271 2402 1318 2430 ea
1345 2386 1391 2430 de
1417 2402 1457 2430 re
1484 2386 1702 2430 consilium
1731 2418 1742 2438 ‚
1792 2400 1976 2428 veterum
2004 2383 2249 2426 auE’toritate
2281 2413 2295 2437 ‚

1273 2445 1560 2500 comprobaret
1586 2477 1595 2488 .
1627 2443 1793 2501 Scripsit
1821 2442 1930 2486 idem
1959 2441 2144 2485 Rutilius
2172 2439 2298 2484 histo-

207 2501 307 2603 Α
326 2501 448 2557 Tque
506 2498 550 2543 hi
596 2498 810 2557 antiquam
859 2499 1223 2555 jurisprudentiam
1246 2522 1251 2533 ·
1273 2503 1378 2556 rias,
1410 2502 1454 2546 Sc
1479 2502 1525 2548 de
1551 2502 1637 2546 vita
1666 2501 1728 2546 sua
1757 2502 1907 2545 libros.
1939 2500 2024 2552 (c)

346 2556 837 2605 condiderunt.,Mediae
861 2571 999 2602 autem
1031 2557 1224 2616 jurispru-
1419 2589 1460 2633 C
1521 2592 1558 2633 Α
1622 2590 1652 2632 P
1711 2590 1757 2631 U
1818 2590 1862 2631 T
1964 2587 2132 2630 LVII

207 2615 354 2659 dentiae
385 2632 406 2658 a
437 2615 658 2659 Ciceronis
691 2631 777 2659 aevo
810 2616 996 2672 profeStae
1028 2648 1040 2670 ,
1083 2616 1126 2660 hi
1159 2633 1239 2671 ce—‚
1505 2649 1551 2691 D
1740 2648 1772 2690 l·
1823 2648 1864 2689 T
1896 2646 1949 2688 b¹
2136 2618 2146 2629 '

205 2672 402 2715 lebriores
457 2671 640 2716 seruntur
683 2673 866 2716 aufflores
902 2706 909 2715 .
961 2674 1097 2717 Primo
1130 2674 1223 2719 loco
1553 2648 1658 2701 ⁶⁹9³
1679 2650 1792 2692 ΕΜ
1867 2663 1891 2689 u
1922 2662 2056 2689 εἴωθ’

207 2729 429 2784 producam
465 2730 657 2772 Publium
690 2730 899 2775 Rutilium
934 2731 1089 2774 Rufum
1110 2764 1122 2785 ,
1156 2749 1251 2782 cu-.
1403 2732 1562 2778 Uiritus
1595 2735 1725 2778 AElius
1753 2734 1926 2778 Tubero
1959 2729 2128 2775 Panaetii
2162 2727 2292 2773 etiam

203 2785 266 2840 jus
309 2799 493 2830 extrema
537 2800 630 2829 aetas
674 2787 714 2829 in
750 2790 970 2843 pueritiam
1005 2783 1251 2834 Ciceronis'
1420 2792 1579 2835 auditor
1606 2809 1627 2834 a
1657 2792 1888 2845 Stoicorum
1917 2789 2099 2832 doetrina
2127 2802 2294 2830 morum

207 2844 381 2888 incidit.
417 2845 455 2886 Is
487 2845 625 2898 graecis
658 2842 790 2887 literis
823 2846 1066 2900 cumprimis
1091 2849 1220 2890 erudi-
1430 2848 1474 2892 δ(
1518 2849 1719 2892 orationis
1751 2847 1961 2891 tristitiam
1997 2844 2162 2900 suscepit
2195 2859 2295 2889 cum

204 2914 269 2946 tus
306 2901 346 2944 Ρ.
374 2901 500 2944 Mutii
535 2902 723 2945 Scaevolae
755 2934 768 2952 ,
812 2919 858 2945 ac
892 2904 1059 2946 Panaetii
1093 2906 1222 2950 Stoici
1271 2905 1486 2949 dialeffica
1534 2905 1756 2949 subtilitate
1785 2938 1793 2947 .
1844 2906 1969 2948 Avita
2017 2903 2159 2947 decora
2187 2935 2200 2957 ‚
2249 2901 2295 2946 &

206 2960 368 3004 auditor
396 2958 473 3002 fuit
498 2975 508 3000 τ
543 2958 702 3015 ejusque
735 2959 957 3016 disciplinae
984 2962 1222 3018 alumnum,
1243 2965 1452 3234 lhonores
1473 2995 1486 3018 ‚
1518 2963 1726 3008 honorum
1758 2962 1838 3019 ipse
1871 2975 2088 3006 contemtu
2112 2994 2124 3016 ‚
2170 2961 2294 3016 longe

2178 3019 2295 3070 supe-

1276 3095 1610 3167 -ῖεῖἶῑι-ῑ-Ἱ·
1611 3126 1710 3161 ullius
1738 3127 1774 3160 in
1806 3128 1903 3160 Brut.
1943 3125 1983 3158 <5
2026 3097 2292 3160 assumamus

1273 3172 1335 3206 lib.
1356 3181 1384 3205 ι.

249 3120 334 3161 [a]
364 3121 436 3152 Val.
466 3124 560 3153 Max.
580 3123 602 3152 Ι.
626 3130 653 3158 5.
686 3124 754 3153 c.8.
786 3134 818 3152 n.
840 3131 870 3158 3.

258 3165 338 3208 [b]
366 3166 439 3200 Val.
470 3169 565 3200 Max.
583 3168 608 3201 l.
629 3176 677 3199 ιι.
697 3177 723 3199 e.
741 3175 769 3205 3·
787 3179 818 3200 n.
839 3177 869 3199 2.
