2596 3479
144 1889 164 1894 t,
212 1849 421 1902 junxerim
455 1866 464 1891 τ

210 108 241 157 9

252 107 812 209 4CAPUT

902 165 942 208 C
955 165 1106 209 LXIX.

200 285 267 328 De
292 281 472 326 saliceto
488 314 500 337 ‚
535 280 717 338 Fulgofio
734 313 745 331 ,
773 284 954 325 Cumano
968 313 979 334 ,
1001 280 1242 337 Castilioneo
1259 312 1273 337 ,

260 342 450 399 Coepolla
463 373 475 394 ,
513 342 650 383 Ruina
669 372 679 389 ,
715 341 972 383 Riminaldis
990 373 1000 389 ,
1031 342 1211 396 Curtiis,

439 399 580 444 Deciis
595 431 607 453 ,
639 397 810 441 Nicolao
843 400 1018 457 Spinello
1036 431 1045 443 .

337 518 378 561 C
410 516 516 560 mihi
537 548 548 570 ‚
582 516 609 560 si
641 531 691 561 ex
726 526 837 560 tanta
871 516 1178 573 ingeniosorum
1207 516 1271 561 in-

352 588 579 632 terpretum
614 575 732 619 turba
762 607 775 627 ‚
818 591 941 632 quarn
978 575 1138 619 silentio
1172 591 1272 631 prae-

199 633 383 678 terimus
418 666 430 688 ,
480 633 648 677 alterius
686 632 843 676 ordinis
868 633 1119 678 describendi
1147 650 1271 689 nego-

199 692 306 735 tium
354 692 563 744 daretur3
614 691 786 735 fidenter
832 690 1003 747 legerim
1050 692 1271 735 Bartholo-

199 765 359 793 maeum
389 749 621 794 Salicetum
649 749 954 794 Bononiensem
974 781 987 804 ,
1011 749 1271 804 sationibus,

199 807 244 851 δε
281 807 411 851 exilio
454 807 613 852 clarum
652 840 664 862 ‚
692 807 981 863 ·Raphaelem
1035 808 1270 864 Fulgosium

200 865 507 909 Placentinum
544 898 556 919 ‚
606 866 719 917 cujus
753 866 970 920 ingenium
996 865 1039 909 in
1065 867 1270 910 Conslan-

201 923 318 967 tiensi
357 924 557 968 Concilio
585 925 752 978 eluxit,
784 922 945 979 ejusque
975 923 1129 968 socium
1165 959 1176 977 ‚
1226 926 1268 971 δί

201 981 408 1038 aequalem
461 981 718 1037 Raphaelem
759 980 933 1025 alterum
975 983 1221 1027 Cumanum
1256 1016 1267 1036 ‚

204 1039 269 1083 seu
316 1039 577 1084 Comensem
618 1072 630 1093 ,
681 1052 802 1096 atque
853 1040 987 1084 utrius
1014 1057 1061 1084 ue
1101 1042 1269 1086 istorum

202 1110 506 1153 praeceptorum
563 1097 914 1152 Christophorum
966 1058 1269 1144 anstilioneum

203 1155 573 1199 Mediolanensem
602 1154 715 1198 Baldi
741 1156 1000 1211 auditorem,
1024 1158 1066 1201 ἃ
1094 1174 1270 1215 antago-

205 1213 381 1256 nistam:
410 1229 480 1270 pet
507 1215 631 1270 quem
662 1213 849 1258 subtilior
874 1215 1188 1272 jurisprudentia
1210 1233 1269 1261 re-

204 1270 317 1336 silire
353 1271 396 1315 δε
427 1271 622 1336 sincerior
649 1270 746 1323 juris
775 1272 878 1315 ratio
906 1273 1106 1329 imperare
1131 1276 1269 1318 aueto-

206 1342 319 1372 ritati
350 1341 479 1384 coepit
512 1361 521 1371 .

618 89 742 146 DE
800 88 1094 144 ORTU
1156 90 1286 144 ET
1354 92 2008 165 PROGRESSU

1318 166 1470 220 iectura
1497 169 1620 225 freti;
1651 170 1910 218 divinatione
1939 173 2104 231 potius,
2134 189 2259 234 quarn
2285 187 2373 223 arte

1319 241 1407 290 rem
1435 228 1737 284 consequantur
1767 264 1776 274 .
1819 231 1936 286 Stylo
1974 246 2164 289 praeterea
2199 247 2374 280 utuntur

1319 283 1493 347 illorum
1526 298 1762 344 temporum
1807 288 2026 347 inquinato
2056 291 2100 336 8<
2128 294 2324 349 barbaro,
2345 309 2369 338 a

1318 357 1430 394 cuius
1460 356 1598 388 tamen
1625 345 1798 391 lefhone
1816 379 1828 402 ‚
1860 349 1913 392 ob
1939 351 2146 395 rationum
2167 367 2342 396 acumen
2359 383 2372 404 ‚

1319 400 1526 466 &Oretum
1553 403 1781 450 ubertatem
1814 438 1827 461 ,
1859 407 1939 451 viri
1966 410 2200 453 maturioris
2227 410 2372 463 judicii

1321 474 1496 504 minime
1523 461 1746 507 abhorrent
1784 481 1793 506 :
1847 464 1933 509 imo
1973 467 2202 512 vanitatem
2235 468 2369 512 rident

1318 533 1464 562 eorum
1484 549 1513 584 .’
1564 521 1633 576 qui
1677 537 1761 565 non
1786 534 1870 566 tam
1899 525 2129 571 eruditione
2163 527 2327 583 propria
2355 557 2368 580 ‚

1319 591 1444 631 quam
1483 579 1787 625 ineruditorum
1815 581 2088 638 interpretum
2118 597 2335 631 contemtu
2361 613 2375 639 ,

1319 645 1438 691 atque
1464 633 1620 681 fastidio
1652 637 1686 681 se
1713 639 1960 695 profitentur
1992 642 2173 686 eruditos
2195 675 2204 686 .

1494 752 1941 798 CAPUT
2029 757 2206 802 CLXX.

1319 839 1385 883 De
1415 839 1578 884 Alciato
1618 873 1630 895 ,
1684 840 1740 885 (Υ
1777 841 1973 896 sanfh'ori
1995 844 2326 901 jurisprudentia
2357 875 2369 900 ‚

1531 897 1620 953 five
1651 900 1700 943 de
1731 901 1959 954 Cujaciana
1984 901 2120 956 schola
2143 934 2153 946 .

1293 916 1301 1016 i

1293 1018 1298 1049 Ι
1443 986 1577 1030 Erum
1613 987 1681 1030 sub
1713 987 1822 1032 idem
1855 1000 2018 1043 tempus
2047 1021 2060 1042 ,
2092 1005 2174 1046 quo
2206 989 2250 1034 in
2287 992 2376 1034 Ita·

1291 1054 1298 1094 i
1456 1044 1557 1086 liam
1578 1075 1591 1098 ,
1624 1045 1797 1101 indeque
1827 1045 1870 1088 in
1900 1048 2112 1102 Europam
2142 1048 2375 1091 universam

1293 1101 1441 1148 {studia
1475 1102 1676 1145 bonarum
1708 1103 1859 1146 artium
1889 1134 1901 1154 ‚
1933 1104 1977 1147 &
2011 1104 2135 1160 prisca
2167 1105 2374 1161 elegantia

1290 1159 1513 1208 idivinitus
1547 1161 1783 1206 remeabant
1810 1176 1822 1215 3
1854 1160 1951 1204 dum
1986 1163 2231 1218 praecinente
2267 1161 2372 1206 Val-

1317 1216 1356 1260 la
1384 1251 1395 1270 ,
1449 1219 1676 1262 politianus
1702 1251 1714 1273 ,
1753 1219 1980 1263 Parrhasius
2002 1253 2013 1273 ,
2046 1220 2224 1263 Bembus
2255 1252 2267 1273 ,
2312 1221 2372 1264 E-

1317 1277 1496 1330 rasmus,
1530 1278 1680 1332 aliique
1715 1278 1946 1331 complures
1974 1278 2126 1322 vetusta
2159 1278 2287 1322 secula
2307 1291 2371 1322 te-

568 1328 700 1381 Cujus
729 1330 942 1386 ingeniosa
970 1332 1059 1375 sane
1087 1333 1231 1389 scripta
1255 1337 1297 1386 ,l
1317 1336 1453 1377 nebris
1485 1335 1656 1377 Obduf’ta
1691 1335 1907 1378 recludunt
1945 1352 1957 1389 3
2007 1338 2105 1378 dum
2139 1332 2232 1379 inde
2263 1333 2368 1380 arte-s
2435 1344 2439 1346 ’

205 1387 249 1430 &
290 1386 431 1438 juiicii
471 1386 688 1431 selestioris
727 1419 739 1439 ,
787 1388 957 1433 divisisse
985 1390 1092 1434 inter
1125 1390 1158 1434 se
1187 1393 1268 1434 Ra-
1291 1390 1460 1458 {omnes
1494 1393 1711 1446 pristinum
1745 1408 1925 1436 n÷torem
1961 1394 2165 1447 recipiunt
2194 1409 2206 1447 3
2253 1393 2372 1445 juris-

207 1444 374 1501 phaeles
405 1445 484 1487 duo
518 1476 529 1496 ,
571 1461 618 1488 ac
652 1445 852 1501 suppresso
882 1448 1061 1503 magistri
1097 1449 1269 1492 nomine

208 1503 279 1546 sibi
305 1502 544 1558 adscripsisse
574 1502 762 1546 feruntur
796 1536 805 1546 .
852 1506 1057 1549 Adderem
1084 1507 1146 1550 his
1173 1508 1270 1549 Ear-

208 1559 482 1603 tliolomaeum
514 1560 746 1615 Caepollam
770 1561 907 1616 legum
931 1577 1184 1616 captatorem
1202 1582 1269 1607 va·

209 1618 428 1662 ferrimum
458 1650 470 1671 ,
504 1618 546 1661 δε
571 1618 924 1663 Bartholomaeum
953 1623 1173 1666 §occinum
1200 1623 1270 1666 Se-

209 1676 377 1720 nensem
433 1675 581 1719 summi
628 1677 838 1721 acuminis
889 1677 1217 1728 juri‘consulturn
1256 1712 1268 1734 ,

210 1735 253 1778 &
282 1734 421 1777 latinis
445 1766 456 1786 ,
489 1734 706 1790 graecisque
733 1735 952 1780 florentem
985 1737 1142 1790 literis;
1174 1738 1260 1795 qui-

211 1808 308 1836 cum
336 1792 379 1835 8(
410 1793 688 1846 Marianum,
717 1809 766 1837 ex
795 1794 935 1837 eadem
959 1794 1149 1849 familia,
1171 1812 1265 1840 con·

509 1850 550 1894 ὅ(
584 1850 758 1907 denique
786 1852 973 1896 Ruinum
1003 1886 1015 1907 ,
1059 1854 1264 1898 Riminal-

214 1909 312 1961 dos,
346 1906 544 1960 Curtios,
577 1908 729 1952 Decios
748 1942 759 1961 ,
791 1910 832 1953 &
857 1926 977 1965 quem
1005 1926 1094 1956 tum
1120 1914 1172 1955 ob
1197 1929 1269 1955 an-

213 1966 453 2022 tiquitatem
491 1997 503 2019 ,
552 1978 641 2009 tum
673 1968 726 2010 ob
751 1967 944 2011 dof'trinae
975 2002 986 2020 ,
1035 1986 1079 2013 ac
1111 1972 1269 2020 generis

215 2023 487 2066 nobilitatem
505 2055 516 2075 ,
551 2024 759 2080 piaculum
783 2024 877 2070 esset
906 2029 1109 2081 praeterire
1137 2028 1268 2073 Nico—

215 2081 327 2125 laum
356 2080 590 2136 Spinellum
621 2083 949 2136 Neapolitanum
977 2119 988 2135 ,
1021 2087 1089 2133 oui
1127 2087 1190 2130 sua
1223 2090 1264 2130 in

218 2139 350 2196 patria
375 2171 387 2192 ,
420 2139 464 2182 8(
496 2139 688 2195 Patavii,
722 2140 880 2186 summa
905 2142 1166 2198 celebritate,
1200 2144 1270 2189 do-

218 2198 305 2241 cuit
331 2229 348 2256 2
381 2212 492 2240 anno
524 2199 751 2242 MCCCL.
778 2200 845 2244 ubi
869 2200 910 2244 ὅ(
939 2202 1172 2258 Fulgosium
1199 2203 1265 2246 ha-

219 2254 309 2298 buit
342 2254 569 2297 manerem
598 2287 608 2297 .
661 2256 739 2300 Ille
777 2264 874 2302 v'ero
899 2259 946 2301 ad
974 2259 1129 2303 summa
1158 2262 1270 2303 Nea-

222 2311 396 2369 politani
443 2311 578 2367 Regni
617 2314 781 2368 negotia
817 2332 886 2371 per
912 2317 1117 2368 Joannam
1147 2319 1269 2375 Regi-

223 2385 321 2412 nam
351 2369 555 2414 adhibitus
594 2402 606 2424 ,
655 2373 705 2415 ab
731 2372 952 2429 eademque
973 2375 1020 2417 ad
1045 2378 1266 2420 Urbanum

224 2429 287 2471 11.
321 2427 479 2485 legatus
505 2459 517 2482 ,
563 2427 800 2486 ingentibus
839 2432 1071 2485 perfunetus
1101 2433 1268 2479 honori-

223 2487 297 2530 bus
328 2519 340 2539 ,
383 2486 489 2529 obiit
514 2501 624 2530 anno
651 2489 971 2534 MCCCXXC.
1000 2491 1270 2542 superstitibus

225 2543 362 2587 liberis
390 2546 497 2588 Luca
524 2559 624 2590 natu
649 2546 792 2598 majori
819 2580 830 2601 ,
872 2548 916 2592 Sc
939 2549 1117 2594 Belforte
1142 2551 1267 2594 Cata·

226 2601 341 2644 nensi
366 2602 568 2658 Episcopo
601 2621 611 2645 t
657 2620 725 2659 per
749 2622 873 2662 quern
899 2607 1121 2658 collegium
1147 2609 1269 2653 bona-

225 2674 326 2722 rum·
343 2661 494 2703 artium
511 2692 522 2712 ,
554 2662 660 2716 quod
683 2664 962 2718 Spinellorum
988 2667 1162 2720 dicitur,
1196 2668 1264 2711 Pa-

227 2716 330 2760 tavii
357 2716 436 2761 fuit
462 2718 693 2763 institutum
733 2752 740 2762 .
794 2725 933 2778 Atque
972 2724 1013 2766 bi
1050 2741 1195 2769 ornnes
1221 2727 1271 2769 ab

229 2774 395 2818 Irnerio
432 2775 553 2830 usque
578 2777 625 2819 ad
651 2777 862 2822 Alciatum
889 2780 1119 2836 explicandi
1149 2783 1272 2828 ratio-

227 2848 279 2877 ne
305 2833 359 2876 usi
389 2833 478 2876 sunt
504 2833 595 2876 utili
623 2834 784 2889 quidem
814 2836 882 2880 illa
907 2870 919 2889 ,
969 2839 1011 2882 ὃ(
1037 2854 1224 2894 peracuta
1258 2859 1270 2897 3

234 2892 296 2937 sed
329 2907 412 2934 non
440 2890 588 2946 ubique
616 2907 733 2934 vera:
770 2909 865 2937 narn
893 2895 959 2938 ubi
988 2913 1071 2940 non
1097 2911 1180 2942 tam
1208 2899 1271 2943 in·

233 2950 344 3005 genii
372 2949 476 2992 vires
500 2947 744 3004 proficiunt,
777 2968 899 3007 quam
926 2952 1043 2999 leffio
1067 2971 1269 3013 veterum,

230 3011 275 3055 &
301 3023 464 3052 morum
491 3019 807 3063 temporumque
833 3010 1015 3065 cognitio
1045 3046 1054 3064 ,
1105 3016 1270 3060 notitia-

233 3083 311 3126 que
347 3065 541 3109 sermonis
565 3065 801 3121 abstrusior,
835 3068 991 3113 hri-rent
1017 3071 1084 3124 ipsi
1111 3073 1269 3128 misere,

229 3145 277 3174 ac
303 3126 399 3182 saepe
423 3123 643 3169 labuntur:
676 3124 747 3170 etsi
763 3125 992 3185 *aliquando
1012 3130 1152 3175 audaci
1173 3147 1269 3176 con-

1291 3087 1306 3231 l

1292 1449 1530 1504 ‘prudentia
1572 1466 1731 1506 quoque
1776 1450 1931 1494 Alciati
1981 1466 2106 1494 manu
2150 1466 2197 1494 ex
2233 1450 2365 1495 burno

1319 1507 1471 1551 sublata
1497 1541 1508 1562 ,
1540 1509 1680 1551 oculos
1713 1509 1759 1552 ad
1796 1509 2015 1564 primordia
2040 1509 2103 1551 sua
2128 1509 2334 1552 reflcstens
2355 1541 2369 1563 ,

1318 1581 1456 1610 vetera
1489 1581 1734 1609 ornamenta
1762 1598 1774 1620 ,
1819 1568 2088 1622 nativamque
2120 1567 2372 1621 dignitatem

1317 1641 1338 1668 a
1372 1623 1507 1679 priscis
1541 1624 1703 1679 repetiit
1737 1623 1968 1668 auftiribus
2004 1655 2014 1665 .
2060 1624 2254 1679 Cumque
2288 1623 2368 1668 Al-

1318 1683 1414 1726 ciati
1447 1682 1632 1739 discipuli
1666 1698 1714 1726 ex
1750 1683 1888 1726 Gallia
1910 1715 1921 1736 ,
1965 1682 2009 1724 &
2045 1681 2165 1725 Italia
2201 1682 2369 1726 univer-

1322 1741 1355 1782 sa
1388 1740 1712 1795 conspirarent,
1764 1757 1907 1784 eorum
1956 1739 2133 1786 Draesidio
2177 1739 2370 1796 jurispru-

1317 1799 1455 1843 dentia
1491 1799 1525 1843 se
1559 1799 1602 1841 in
1629 1814 1823 1854 prirnaeva
1851 1798 2113 1849 eruditione,
2146 1813 2264 1854 atque
2286 1799 2371 1843 ele-

1317 1857 1456 1913 gantia
1490 1856 1711 1900 collocavit
1740 1889 1748 1898 .
1784 1859 1963 1911 Quseque
1996 1855 2038 1898 in
2076 1857 2250 1909 Irnerii,
2285 1860 2370 1901 Ac-

1317 1914 1432 1958 cursii
1467 1947 1478 1967 ,
1528 1915 1571 1958 δε
1605 1913 1758 1957 Bartoli
1794 1913 1939 1957 scholis
1971 1915 2077 1956 vires
2108 1926 2320 1957 exerucrat
2359 1946 2373 1969 ‚

1317 1984 1474 2017 retenta
1509 1972 1726 2028 rubigine:
1763 1972 1876 2016 cultu
1909 1971 2201 2024 eruditorum,
2234 1972 2276 2014 ἃ
2303 1972 2371 2015 in-

1316 2031 1463 2073 dustria
1499 2031 1713 2074 literarum
1745 2029 2047 2087 elegantiorum
2082 2029 2194 2072 exuit
2229 2029 2373 2073 barba-

1317 2088 1421 2132 riem
1450 2121 1462 2143 ,
1507 2088 1548 2131 &
1594 2088 1781 2131 nativam
1826 2087 2026 2145 explicuit
2073 2087 2372 2142 venustatem3

1319 2159 1408 2189 tum
1456 2147 1676 2202 praesertim
1705 2179 1716 2199 ,
1765 2162 1859 2190 cum
1917 2147 1964 2189 ad
2021 2161 2094 2188 nos
2136 2158 2372 2200 expugnata

1319 2203 1679 2260 Constantinopoli
1707 2236 1718 2256 ,
1750 2204 2016 2248 Basilicorum
2048 2203 2141 2245 libri
2168 2234 2180 2256 ,
2213 2203 2373 2246 Graeci-

1318 2278 1394 2318 que
1429 2277 1647 2317 pervenere
1680 2262 1817 2316 legum
1840 2262 2109 2317 interpretes:
2145 2259 2245 2314 apud
2268 2275 2369 2315 quos

1295 2319 1448 2363 ilatina
1491 2319 1588 2371 juris
1632 2318 1809 2363 eruditio
1843 2335 1937 2362 cum
1976 2316 2145 2373 Imperii
2182 2317 2369 2361 Romani

1294 2377 1502 2433 'reliquiis
1546 2378 1748 2421 manserat
1792 2375 2069 2430 incorruptior
2108 2406 2116 2418 .
2169 2376 2365 2418 Romana

1317 2436 1431 2480 enim
1475 2435 1702 2492 antiquitas
1737 2467 1750 2489 ,
1798 2433 1908 2486 cujus
1953 2433 2096 2477 lumen
2139 2432 2189 2475 ab
2242 2432 2367 2476 Italia.

1318 2494 1552 2538 dominatio
1585 2495 1846 2537 barbarorum
1878 2491 2101 2536 excluserat
2127 2522 2139 2545 ,
2175 2489 2218 2534 in
2250 2491 2370 2534 Grae-

1319 2552 1374 2596 cis
1405 2551 1723 2608 jurisprudentiae
1756 2550 1903 2594 scholis
1928 2583 1941 2604 ,
1991 2550 2113 2606 usq-ue
2143 2548 2191 2591 ad
2226 2563 2366 2593 recens

1319 2610 1705 2666 Constantinopolis
1737 2609 1943 2654 excidium
1978 2608 2085 2652 vixit
2122 2637 2135 2659 ‚
2185 2606 2256 2650 usu
2301 2619 2368 2650 at-

1319 2684 1394 2724 que
1435 2667 1659 2712 assiduitate
1701 2668 1807 2720 Juris
1850 2667 2020 2711 civilis·
2068 2666 2205 2727 Quam
2249 2663 2366 2707 dein·

1295 2727 1364 2771 ·de
1417 2726 1711 2780 antiquitatem
1765 2728 2004 2770 Graecorum
2059 2721 2315 2765 eruditissimi
2351 2753 2366 2776 ‚

1294 2766 1340 2835 ,a
1394 2783 1435 2826 vi
1487 2782 1663 2827 hostiurn
1712 2782 1760 2825 ad
1812 2799 1885 2826 nos
1940 2779 2225 2835 confugientes
2260 2812 2271 2829 ,
2315 2779 2364 2823 in

1319 2853 1553 2885 maternum
1597 2840 1727 2884 ltaliae
1761 2839 1895 2883 finum
1925 2837 2152 2882 retulerunt
2184 2869 2196 2890 ‚
2240 2837 2361 2881 simul

1318 2915 1413 2945 curn
1447 2898 1560 2942 libris
1591 2897 1852 2942 Basilicorum
1886 2896 2002 2940 illinc
2033 2894 2213 2939 abductis
2246 2927 2257 2949 ,
2300 2907 2363 2939 at-

1296 2964 1394 3016 ?que
1425 2956 1569 3001 deinde
1601 2956 1642 2999 in
1675 2955 1860 3000 Galliam
1896 2955 2127 3003 translatis:
2164 2953 2231 2998 ubi
2259 2954 2363 3010 post-

1294 3031 1440 3073 gquam
1483 3031 1551 3059 eos
1594 3012 1790 3064 Cujacius
1832 3012 1900 3056 diu
1942 3013 2144 3065 trivisset,
2194 3013 2363 3069 vimque

1296 3074 1488 3118 'illorum
1520 3071 1761 3127 expressisset
1787 3104 1798 3125 ,
1843 3070 2048 3125 publicam
2094 3073 2259 3116 tandem
2301 3083 2365 3112 re·

1326 3131 1487 3190 spexere
1520 3129 1655 3176 lucem
1681 3162 1692 3175 .
1732 3129 1984 3176 Sustulerarit
2033 3130 2123 3175 sane
2154 3142 2248 3175 ante
2281 3125 2363 3192 ᾼῘ-

2283 3200 2365 3230 cia-
