2524 3479
752 121 1121 195 JURIS
1201 117 1746 177 CIVILIS.

203 216 306 250 utere
329 232 339 244 .
370 198 470 252 (a)
499 195 628 241 Unde
660 195 778 241 fimul
812 211 907 239 cum
940 195 990 239 iis
1021 196 1276 254 commune}

204 256 423 315 aliquando
469 252 646 299 tribunal
691 256 965 309 Imperatores
997 252 1200 297 habebant
1233 264 1275 310 ,ς’

203 316 345 371 eosque
380 326 567 368 parentes
598 310 847 364 carissimos,
879 310 923 353 ὃς
954 312 1276 368 amantissimos,

1298 198 1406 243 ribus
1441 214 1533 243 earn
1568 195 1734 252 suscepit
1765 193 1889 238 Titus
1912 193 2146 249 Vespaffiani
2180 139 2332 238 filius9:

1297 258 1365 311 qui
1390 269 1433 300 ut
1456 272 1547 299 eam
1571 255 1773 307 acciperet
1795 284 1805 306 ,
1838 267 1932 295 ante
1961 253 2009 294 ad
2031 252 2255 306 equestrem
2273 269 2342 296 or-

1297 314 1435 357 dinem
1461 312 1653 356 tranfiiise
1674 311 1844 354 dicitur:
1880 312 1934 362 (i)
1955 310 2098 353 deinde
2120 310 2339 353 Arretinus

204 372 432 416 salutabant
461 387 473 424 3
526 367 734 424 propriam
770 368 813 410 in
848 367 935 422 illis
965 370 1203 422 potestatem
1239 400 1250 422 ‚
1271 370 1277 419 ἱ
1298 372 1497 414 Clemens
1521 369 1725 414 Senatorii
1751 369 1793 411 ἂ
1820 366 1898 422 ipse
1923 365 2101 410 ordinis:
2138 367 2340 420 postremo

202 429 252 472 ad
284 430 580 473 documentum
617 424 862 480 populorum
898 424 1130 469 hortantes.
1165 427 1251 480 (b)
1271 421 1278 482 l
1299 428 1460 470 nonnisi
1493 442 1514 469 e
1549 427 1701 469 Senatu
1725 424 1865 467 affumi
1891 425 2076 480 oportuit
2108 454 2120 476 ,
2167 439 2261 466 cum
2297 424 2339 467 in

198 487 360 530 Eorum
405 485 534 539 igitur
577 495 664 526 erat
710 484 791 537 post
824 482 1060 538 Principem
1095 485 1249 527 summa

1274 486 1510 528 *Senatores
1545 482 1887 525 animadverteret
1910 514 1918 523 .
1953 484 2014 534 (k
2038 485 2053 531 )
2083 484 2193 523 Ante
2225 482 2346 523 Con-

202 541 376 599 Imperii
409 539 707 584 administratio
728 572 740 592 ,
775 541 825 583 ab
858 540 981 595 iisque
1015 543 1205 585 mandata
1237 573 1249 594 ,
1272 527 1278 584 l
1298 541 1522 585 staminum
1551 540 1621 583 uni
1647 550 1811 581 tantum
1829 569 1841 592 ‚
1873 550 1942 582 aut
1970 538 2087 582 alteri
2114 553 2159 581 ea
2178 539 2346 593 potestas

200 599 373 655 jussaque
408 597 609 652 Principis
640 598 785 640 ceteris
818 598 1119 653 magistratibus
1145 631 1157 653 ,
1203 599 1246 642 fi·

200 673 250 700 ve
283 655 448 700 urbanis
467 687 479 709 ,
513 654 590 697 sive
619 654 939 710 provincialibus
959 656 1246 700 distribueban-

199 726 267 758 tur
295 746 304 756 .
349 715 505 757 Eorum
534 725 620 755 erat
653 711 826 768 deligere
859 713 1020 762 Judices
1060 745 1071 766 ,
1114 715 1156 756 Sc
1190 729 1249 756 re-

200 786 369 815 movere
398 786 410 823 3
442 769 587 812 deusta
622 769 937 824 provincialium
964 770 1154 820 judicum
1178 787 1251 826 pu-

198 829 287 879 nire
314 845 326 882 3
359 829 441 881 (c)
472 840 594 882 atque
627 827 671 868 in
704 828 917 870 Senatores
952 828 1249 870 Constantino-

199 886 285 942 poli
317 902 367 928 ex
396 882 661 927 Constantini
684 884 774 940 lege
795 884 1112 936 jurisdiffionem
1136 901 1249 928 exer—

199 958 288 986 cere
319 958 331 996 3
363 942 451 993 (d)
484 940 617 983 causas
647 957 668 983 a
703 942 929 996 praesidibus
956 973 966 994 ,
1011 942 1054 985 &
1088 942 1249 986 rectori-

200 1000 271 1043 bus
304 998 611 1052 provinciarum
645 999 692 1040 ad
728 1000 802 1042 sese
835 1015 903 1053 per
927 999 1246 1054 appellationem

199 1057 387 1100 adductas
436 1056 624 1109 supremo
669 1055 760 1099 loco
793 1057 1046 1111 {cognoscere
1077 1089 1086 1099 .
1133 1058 1248 1099 Nam

202 1114 554 1169 progredientibus
588 1113 842 1166 temporibus
876 1114 1042 1168 potestas
1075 1113 1159 1158 haec
1202 1130 1250 1157 eo

199 1171 403 1214 adscendit
435 1202 447 1223 ,
490 1182 579 1212 uta
616 1170 794 1213 Praefee’ti
826 1170 1016 1223 prcetorio
1052 1171 1248 1214 sententia

198 1244 284 1271 non
322 1226 482 1271 licuerit
507 1225 712 1281 appellare
738 1258 748 1269 .
790 1227 849 1279 (e)
880 1227 1025 1270 Minus
1056 1229 1247 1270 decorum

199 1286 317 1329 enim
368 1284 497 1327 visum
547 1284 626 1326 fuit
661 1295 784 1326 tantae
818 1285 1020 1336 potestatis
1053 1283 1206 1334 judicia
1238 1315 1250 1335 ,

198 1342 310 1394 cujus
349 1342 392 1383 in
434 1340 508 1383 fide
550 1341 740 1394 Princeps
776 1356 948 1384 ornnem
985 1340 1157 1396 Imperii
1192 1341 1248 1383 sui

196 1398 452 1450 majestatem
481 1397 715 1451 deposuerat
746 1429 758 1450 ,
802 1398 848 1439 ad
876 1398 1043 1440 alterius
1071 1413 1247 1441 examen

197 1457 391 1500 adducere
429 1486 437 1495 .
471 1455 753 1508 Quamobrem
776 1487 787 1509 ‚
820 1455 1097 1510 appellatione
1121 1454 1245 1498 inter-

198 1514 303 1557 dista
328 1545 340 1566 ,
373 1511 566 1566 Princeps
594 1525 755 1555 tantum
778 1512 983 1568 permitit,
1019 1525 1063 1556 ut
1083 1527 1178 1556 cum
1200 1513 1250 1555 il-

201 1572 238 1615 le
265 1569 502 1626 magistratu
529 1569 659 1612 abiret
695 1600 704 1616 ,
739 1586 808 1625 per
841 1570 1029 1613 libellum
1057 1569 1249 1625 postulari

199 1628 387 1684 posset-a
429 1626 614 1679 Principe
651 1626 759 1670 intra
800 1627 1015 1671 biennium
1042 1627 1251 1671 sententiae

202 1684 435 1729 retra&atio
469 1716 478 1725 .
525 1682 608 1736 (f)
650 1686 708 1726 At
747 1701 797 1728 ex
822 1685 1038 1736 Justiniani
1070 1686 1250 1727 Novella

207 1758 300 1796 119.
335 1753 421 1796 cap.
460 1757 494 1797 5.
528 1741 689 1786 libellus
712 1758 788 1796 pro·
809 1743 1093 1786 retrafflitione
1128 1742 1250 1786 offer-

202 1812 269 1844 tur
310 1799 381 1855 ipsi
423 1797 612 1841 PraescEto
652 1799 838 1854 praetorio
863 1801 944 1852 ζ’)
975 1800 1083 1843 intra
1109 1801 1250 1844 decem
1280 1832 1283 1836 »

201 1858 286 1902 dies
314 1873 336 1899 a
362 1854 517 1910 prolata
545 1856 772 1900 sententia:
807 1857 949 1900 dandis
972 1875 994 1901 a
1023 1858 1173 1901 vitocore
1206 1858 1248 1900 fi-

206 1914 463 1966 dejufforibus
491 1929 562 1967 pro
589 1914 842 1959 restitutione
860 1948 871 1968 ,
906 1915 930 1958 si
964 1915 1162 1959 sententia
1189 1930 1247 1958 re·

210 1984 380 2015 vocetur
403 2002 411 2011 .
444 1969 515 2012 Sin
543 1971 682 2015 decern
709 1972 791 2015 dies
818 1973 965 2027 absque
993 1973 1249 2028 supplicatio-

204 2045 256 2072 ne
287 2026 553 2083 praeterierint
585 2060 596 2080 ,
644 2028 723 2071 sine
751 2028 1037 2078 fidejussoribus
1063 2030 1249 2072 executio

207 2086 418 2142 procedet:
458 2083 729 2139 supereritque
760 2087 861 2139 parti
888 2087 1003 2129 alteri
1023 2091 1250 2137 imperato-

206 2143 262 2186 ris
295 2139 497 2184 auxilium
529 2140 636 2184 intra
664 2142 877 2186 biennium
910 2143 1216 2193 implorandum
1245 2175 1254 2186 .

207 2201 271 2256 (g)
295 2200 408 2241 Cum
434 2197 480 2239 ad
509 2197 586 2242 hoc
614 2215 760 2242 munus
784 2200 886 2243 olim
909 2217 1033 2244 nemo
1056 2233 1069 2253 ,
1101 2200 1174 2244 nifi
1200 2217 1248 2244 ex

207 2255 378 2312 equestri
411 2254 553 2299 ordine
584 2257 648 2309 (h)
674 2257 806 2300 vocari
836 2258 957 2311 posset
978 2290 989 2311 ,
1024 2258 1080 2301 ita
1103 2271 1144 2301 ut
1166 2258 1249 2312 haec

206 2313 379 2371 potestas
413 2325 613 2366 pugnaret
643 2329 738 2356 cum
770 2313 974 2369 dignitate
1006 2316 1249 2369 senatoria,

207 2386 333 2426 quarn
368 2368 559 2423 Princeps
591 2370 826 2414 conferebat
857 2373 894 2415 ei
927 2404 940 2425 ‚
991 2389 1113 2428 quem
1149 2374 1249 2416 Prae-

209 2428 363 2472 scitura
395 2425 563 2481 spoliare
594 2429 811 2483 cupiebat:
848 2429 1007 2485 primus
1031 2446 1051 2475 e
1080 2432 1250 2475 Senato-

216 2616 655 2631 ———-d-————-—-

915 2620 1251 2632 ’ψη--

259 2711 311 2750 (α)
362 2711 474 2745 Sur-ius
490 2722 602 2750 rom.4.
623 2713 659 2745 r‘n
678 2714 755 2745 vita
767 2716 962 2748 &Laurum

259 2755 316 2797 (b)
363 2758 530 2789 Novello,
549 2757 633 2799 (9⁶7.
661 2756 823 2792 Theodos.
851 2760 881 2792 δ(
902 2758 1032 2794 Valent.
1059 2760 1152 2802 inser.
1172 2771 1248 2800 430.

216 2801 423 2839 Caffiodor.3.
441 2812 570 2834 vanzo,

259 2845 310 2884 (c)
353 2845 454 2884 Cuiac
467 2850 616 2885 .pc1ralir.
638 2850 671 2880 C.
688 2849 725 2880 de
739 2845 792 2891 off*
810 2848 951 2890 praefeHi
963 2858 1058 2892 proet.
1077 2851 1176 2884 orien.

257 2890 315 2927 (d)
360 2892 431 2921 L.2‚
450 2893 512 2933 §.z
531 2895 564 2923 C.
583 2893 619 2924 de
634 2894 683 2925 his
698 2916 708 2930 ,
735 2896 791 2936 qui
807 2896 934 2927 ueniam
948 2906 1035 2928 aetat.

215 2935 296 3019 apg
305 2978 342 3009 Η.
354 2935 388 2964 L.
400 2945 424 2966 1.
443 2937 470 2977 §.
488 2936 537 2969 his
550 2936 662 2970 cunab.
674 2936 712 2980 ff
729 2940 766 2971 de
780 2938 834 2983 off.
848 2942 935 2982 praef.
950 2943 1037 2984 pref.
1057 2942 1079 2974 1.
1090 2951 1101 2972 1
1112 2951 1139 2980 9.
1160 2944 1194 2973 C.
1215 2941 1252 2974 de

258 3021 315 3062 (f)
363 3025 399 3053 L.
415 3025 498 3056 unic.
515 3029 549 3056 C.
568 3027 800 3070 des'ent.praef.
823 3036 909 3070 praet.
928 3029 984 3062 ubi
1001 3026 1115 3069 Cujac.

260 3064 317 3111 (ἦ)
365 3069 444 3107 Quce
459 3068 496 3100 de
515 3069 748 3105 retractatione
767 3073 935 3108 sententiae
954 3077 1041 3109 intra
1057 3075 1170 3108 decem
1184 3074 1253 3108 dies

215 3108 373 3142 Praeteeto
391 3113 547 3145 Praetorio
561 3116 725 3149 offerenda
740 3118 895 3152 dicuntur
913 3144 924 3159 ‚
945 3122 1043 3165 vulgo
1060 3132 1126 3154 non
1143 3120 1252 3153 solent

215 3154 395 3196 observari,
423 3157 483 3190 etsi
500 3156 575 3193 inde
589 3160 682 3205 origo
695 3164 926 3200 leutcrationis
943 3168 1011 3210 peti
1027 3167 1134 3210 possit,
1153 3176 1254 3210 quam

1297 600 1427 643 ferme
1461 599 1712 641 tribuebatur
1744 596 1973 639 exercenda
2014 595 2058 637 in
2095 596 2298 638 comitatu
2335 626 2348 648 ‚

1297 658 1375 700 sive
1404 656 1446 699 in
1474 656 1583 698 Aula
1618 653 1839 709 Principis.
1872 652 2198 696 Constantinum
2220 668 2310 696 eam
2331 684 2343 705 ,

1297 727 1438 769 utpote
1465 713 1534 768 ipsi
1564 711 1817 766 Principibus
1844 709 2177 761 formidabilem,
2212 722 2256 752 ut
2274 725 2348 754 ex-

1298 783 1512 821 tenuaret,
1544 770 1729 812 distinxit
1758 769 1800 811 in
1829 782 2005 823 quatuor
2032 767 2267 810 Praefeetos:
2293 767 2347 820 (l)

1298 831 1449 871 Unum
1475 826 1660 871 Orientis
1691 842 1702 879 3
1735 825 1909 869 alterurn
1943 825 2099 878 Illyrici
2132 840 2143 877 3
2178 824 2348 867 tertium

1303 887 1429 929 ltaliae
1461 902 1474 939 3
1505 897 1695 940 quartum
1723 883 1959 927 Galliarum
1988 899 1999 935 3
2051 882 2194 938 quibus
2229 880 2348 932 Iusti-

1300 945 1445 987 nianus
1470 942 1614 994 adjecit
1640 941 1832 997 quintum
1856 972 1867 995 ,
1902 954 2050 994 nempe
2077 938 2256 984 Africae.

1445 1058 1485 1101 C
1546 1059 1585 1100 A
1645 1057 1677 1100 P
1743 1057 1781 1098 U
1841 1056 1886 1098 T
1976 1055 2188 1099 CXXVI.

1635 1173 1700 1215 De
1733 1168 1994 1227 Affifforibus
2015 1201 2024 1212 .

1424 1284 1648 1328 Dfidebant
1690 1296 1829 1328 autem
1871 1284 2064 1327 Praese&o
2110 1283 2298 1339 praetorio
2332 1314 2345 1340 ,

1435 1343 1547 1385 sicuti
1579 1343 1623 1385 ἃ
1654 1341 1744 1384 aliis
1777 1341 2105 1395 magistratibus,
2137 1340 2351 1395 jurisperi-

1301 1399 1375 1451 ti,
1421 1414 1599 1454 quorum
1655 1414 1705 1442 ex
1758 1397 1929 1442 consilio
1980 1397 2049 1440 ille
2099 1397 2346 1449 judicabat:

1299 1455 1404 1512 quod
1449 1472 1598 1499 munus
1641 1468 1757 1499 tanto
1801 1468 1886 1498 erat
1934 1455 1976 1497 in
2011 1456 2140 1509 pretio
2170 1486 2182 1507 ‚
2232 1467 2276 1497 ut
2306 1454 2349 1496 &

1302 1512 1373 1568 ipfi
1420 1513 1629 1569 Principes
1674 1512 1976 1567 magistratibus
2020 1512 2243 1555 adsederint
2274 1511 2358 1555 ali-

1299 1571 1459 1627 quando
1481 1603 1490 1613 .
1544 1572 1661 1623 (m)
1706 1569 2008 1626 Adsesl'oresque
2044 1569 2086 1612 hi
2120 1568 2343 1613 consiliarii

1301 1642 1417 1672 erant
1444 1660 1456 1681 ,
1491 1629 1832 1683 negotiorumque
1868 1627 2082 1682 participes
2112 1658 2124 1679 ‚
2159 1625 2355 1669 comites-

1299 1701 1377 1741 que
1412 1686 1721 1741 magistratuum
1746 1702 1760 1725 .·
1793 1684 1939 1738 quibus
1972 1683 2112 1728 salaria
2139 1683 2348 1729 constituit

1302 1742 1537 1787 Alexander
1570 1747 1765 1787 Severus.
1799 1744 1885 1795 (n)

1438 1857 1478 1903 C
1540 1861 1578 1903 A
1641 1859 1671 1901 P
1731 1859 1775 1900 U
1835 1858 1879 1899 T
1968 1857 2204 1901 CXXVII.

1514 1975 1579 2017 De
1608 1971 1822 2029 Magzstris
1853 1970 2098 2016 scriniorum
2119 2003 2129 2015 .

1363 2089 1472 2131 Nter
1513 2087 1595 2130 alia
1638 2103 1808 2131 munera
1839 2119 1852 2142 ,
1905 2103 1994 2143 quae
2039 2086 2344 2140 jurisconsultis

1381 2145 1567 2189 mandari
1612 2145 1786 2188 solerent
1816 2178 1829 2198 ,
1866 2145 2064 2207 praecipua
2095 2157 2211 2188 erant
2246 2158 2347 2188 rnu—

1299 2219 1396 2246 nera
1428 2201 1612 2258 Magistri
1644 2203 1885 2247 scriniorum
1911 2235 1924 2257 ,
1975 2203 2055 2246 sive
2087 2202 2298 2258 capsarum
2335 2232 2349 2255 ‚

1300 2261 1342 2302 in
1386 2260 1530 2317 quibus
1576 2259 1663 2303 asta
1708 2260 1909 2316 Principis
1950 2260 2000 2302 ad
2043 2258 2103 2311 jus
2137 2259 2348 2315 pertinen-

1300 2318 1354 2360 tia
1410 2318 1689 2361 condebantur
1736 2349 1745 2360 .
1792 2319 1899 2370 (o)
1942 2318 2130 2372 Quorum
2174 2328 2347 2372 quatuor

1298 2388 1415 2419 erant
1458 2391 1607 2431 genera
1643 2407 1654 2428 ,
1706 2390 1855 2430 nempe
1899 2374 2044 2418 scrinia
2091 2374 2346 2427 memoriae3

1300 2433 1443 2477 scrinia
1500 2432 1812 2489 epistolarum3
1865 2431 2011 2476 scrinia
2068 2430 2348 2529 libellorusmj

2266 2502 2343 2531 eri-

1316 2614 2349 2633 —ffl——nu-—.-———-—a———·———d

1301 2708 1458 2743 Dofflores
1478 2713 1622 2743 Saxones
1638 2709 1718 2743 alias
1733 2709 1881 2743 moribus
1897 2709 1959 2742 suis
1973 2715 2142 2750 acceptam
2157 2706 2269 2739 ferunt
2289 2726 2300 2737 .

1344 2759 1399 2796 (gl
1457 2757 1555 2787 Auth.
1573 2767 1639 2798 quae
1648 2756 1848 2798 supplicatio
1864 2758 1900 2788 G.
1918 2756 1955 2789 de
1968 2752 2083 2798 precib.
2101 2756 2187 2795 Imp.
2207 2749 2298 2795 offer.

1345 2800 1402 2839 rh)
1449 2801 1549 2833 Dion.
1566 2800 1620 2833 libv
1632 2810 1683 2839 55.
1700 2799 1796 2841 histor

1345 2845 1398 2886 (i)
1446 2847 1529 2878 Plin.
1545 2847 1580 2878 in
1594 2848 1717 2888 praefat.
1736 2844 1806 2885 hiss.
1824 2847 1868 2879 ad
1882 2846 1955 2879 Tit.
1970 2846 2078 2889 ipsum
2092 2867 2101 2877 .

1346 2892 1409 2930 (ἢ)
1456 2892 1626 2933 Lamprid.
1657 2894 1692 2923 in
1725 2893 1817 2924 Alex.

1346 2938 1397 2977 (1)
1444 2937 1548 2971 cuth.
1573 2938 1610 2968 de
1635 2935 1689 2977 off?
1718 2940 1816 2968 Dom·
1835 2940 1924 2978 Aug.
1949 2943 2026 2978 pag.
2045 2945 2119 2977 3371
2141 2934 2253 2967 Rosin.
2281 2933 2343 2966 l-z·

1346 2983 1414 3022 (m)
1460 2982 1548 3014 Svet.
1578 2983 1613 3013 in
1630 2981 1705 3013 Tib.
1723 2981 1761 3013 (¹3⁴
1776 2982 1809 3013 in
1828 2981 1941 3015 Claud.
1971 2992 2037 3021 cap.
2065 2990 2110 3013 12.

1346 3026 1407 3067 (n)
1454 3025 1564 3063 Cujac.
1582 3028 1715 3068 paralit.
1739 3030 1773 3057 C.
1787 3027 1824 3059 de
1838 3028 1989 3062 amanis,
2005 3026 2043 3058 &⁴
2062 3021 2345 3064 c.administr·&c·

1350 3077 1392 3119 (α)
1444 3074 1480 3104 L.
1498 3074 1640 3104 omnium
1660 3083 1711 3112 19·
1737 3072 1776 3106 &
1795 3075 1832 3107 L.
1848 3074 1910 3107 ule.
1929 3072 2004 3105 eod.
2023 3072 2062 3105 de
2078 3069 2146 3113 test.
2163 3073 2198 3107 L,
2218 3079 2248 3109 3.
2267 3066 2347 3099 Cod-

1304 3119 1341 3151 de
1356 3127 1468 3161 agent.
1486 3119 1524 3151 in
1541 3116 1606 3153 reb.
