2596 3479
624 62 673 114 E
714 62 770 114 T
862 60 1009 112 XII.

227 144 416 203 oppofitae
446 139 496 182 ab
527 136 719 194 oppositis
751 147 858 179 certe
878 133 1093 190 principiis
1124 132 1267 175 oriun‘-

1101 53 1945 111 TABULARUM.

2255 71 2274 106 1
2297 71 2316 106 1
2337 71 2357 106 1

1320 130 1438 175 nnius
1466 129 1639 174 alteram
1663 127 1949 171 suscitantem:
1984 126 2065 171 fine
2093 143 2171 184 qua
2201 128 2329 174 otiosa
2354 161 2368 185 ,

225 216 291 247 tur
313 233 326 256 ,
358 200 402 243 δι
433 195 540 252 leges
582 196 643 239 hae
673 193 900 238 diffidentes
943 208 965 234 a
999 191 1154 234 naturis
1194 191 1265 235 flu
1319 190 1362 234 Sc
1389 189 1564 244 inertia,
1586 185 1891 242 constipataque
1926 184 2064 229 forent
2091 185 2306 232 universa.

223 273 317 304 xere
347 254 535 299 diversis:
571 266 615 298 ut
649 266 733 294 non
766 252 920 293 mirum
942 282 954 303 ‚
988 248 1012 292 si
1047 250 1173 292 homo
1197 250 1248 292 du

221 314 320 372 plici
353 326 498 357 natura
518 343 530 365 ,
563 308 715 355 mentis
739 340 752 361 ,
778 308 822 362 ὃς
854 308 1034 362 corporis
1065 306 1265 358 conditus,

221 371 452 428 duplicibus
485 368 720 424 implicetur
757 365 913 422 legibus
942 381 962 408 e
985 366 1048 408 sua
1080 363 1266 420 cujusque

219 443 365 474 natura
391 460 407 481 ,
438 440 634 484 tanquam
667 423 834 479 proprio
863 422 910 465 de
948 422 1062 466 fonte
1096 438 1268 465 manan-

219 487 329 531 tibus
360 503 375 527 .·
419 500 510 541 quae
546 481 617 526 sibi
663 493 924 526 occurrentes
952 512 964 534 ,
1007 494 1127 537 atque
1161 480 1269 524 inter

224 546 262 589 se
307 555 535 601 pugnantes
576 539 793 583 hominem
842 538 1068 582 distrahunt
1105 571 1118 593 ,
1149 551 1267 594 atque

219 602 458 646 divellunt:
503 613 681 654 eumque
713 596 837 641 modo
887 612 909 639 a
944 596 1055 640 sensu
1087 597 1266 651 corporis

218 661 269 704 ad
318 658 471 703 mentis
514 657 756 710 rationem3
800 671 846 699 ac
887 655 1010 698 modo
1053 671 1075 697 a
1113 656 1269 698 ratione

218 717 374 762 mentis
404 716 452 760 ad
481 715 637 760 sensum
670 712 852 771 corporis
876 728 1075 770 perpetuo
1101 712 1272 766 sursum,

219 791 267 820 ac
296 775 484 820 deorsum
515 772 719 818 volvunt.

423 890 465 934 C
525 890 565 932 A
625 888 657 931 P
717 889 761 930 U
821 889 866 931 T
985 888 1062 931 ΙΙ.

476 978 543 1027 De
573 975 726 1032 duplici
756 987 903 1019 naturae
932 976 1044 1033 Iege..

351 1063 529 1108 Irnirum
595 1076 737 1118 praeter
800 1061 934 1117 Iegem
987 1060 1219 1106 universam
1261 1089 1276 1108 ,

377 1121 489 1174 cujus
533 1121 754 1177 participat
814 1121 938 1164 etiam
984 1135 1129 1174 corpus
1161 1150 1173 1171 ,
1228 1116 1271 1159 δι

221 1189 340 1223 mens
380 1211 392 1233 ‚
445 1192 647 1235 quatenus
699 1194 794 1222 cum
836 1193 1003 1232 corpore
1055 1174 1271 1229 conjungi-

220 1251 291 1281 tur
316 1269 328 1291 ,
362 1236 462 1280 inest
495 1237 536 1280 in
572 1236 762 1279 rationali
798 1248 942 1278 natura
976 1234 1039 1277 lex
1075 1233 1143 1276 sibi
1178 1247 1272 1287 pro-

221 1295 340 1350 pria,
371 1295 415 1337 δί
450 1294 665 1348 peculiaris
689 1326 701 1345 ,
733 1292 851 1335 alteri
895 1307 985 1347 quae
1019 1290 1178 1345 corpori
1213 1301 1272 1331 et-

218 1353 303 1396 iam
350 1351 581 1395 adhaerescit
617 1383 629 1404 ,
674 1352 781 1403 saepe·
823 1362 1054 1405 repugnans
1092 1379 1102 1389 .
1160 1348 1269 1401 Qa-

216 1425 311 1452 rum
354 1408 529 1452 alteram
585 1407 857 1465 promiscuam
913 1407 1046 1461 legem
1096 1404 1274 1461 appella-

219 1482 312 1510 mus
346 1498 358 1519 ,
400 1466 574 1510 alteram
620 1483 716 1510 vero
750 1465 882 1521 legem
930 1464 1049 1507 solius
1081 1462 1232 1507 mentis
1264 1494 1273 1504 .

219 1526 303 1568 Lex
339 1524 568 1580 promiscua
611 1538 696 1568 tam
741 1523 862 1580 longe
906 1522 1066 1578 lateque
1121 1521 1275 1568 discur-

221 1582 280 1625 rit
311 1614 323 1635 ,
355 1589 400 1625 u't
421 1583 609 1629 ‚ambitus
656 1581 774 1633 hujus
835 1580 1161 1625 immensitatem
1183 1611 1195 1633 ,
1228 1594 1273 1621 o·

221 1640 340 1683 mnia
391 1640 677 1684 continentem
718 1672 729 1692 ,
782 1642 917 1695 reique
986 1637 1161 1694 singulas
1207 1652 1273 1680 eo-

220 1698 315 1741 dem
360 1698 521 1742 ambitu
578 1697 889 1753 comprehensas
938 1696 1128 1740 involvat
1158 1727 1170 1748 ,
1214 1707 1274 1737 at-

221 1771 299 1812 que
340 1756 565 1800 circumeat
607 1789 620 1810 ,
674 1755 888 1812 ipsumque
937 1754 1064 1798 etiam
1115 1752 1275 1795 hauriat

222 1813 439 1859 hominem
467 1846 478 1867 ,
524 1813 594 1869 qui
638 1813 854 1857 communi
900 1811 977 1857 hac
1009 1811 1094 1868 lege
1140 1809 1274 1853 irreti-

223 1884 322 1926 tur,
374 1885 516 1927 prseter
558 1872 693 1926 legem
738 1870 985 1927 peculiarem
1021 1883 1176 1913 naturae
1226 1867 1274 1910 il-

225 1929 303 1972 lius
329 1962 340 1983 ,
370 1946 458 1986 quae
500 1930 545 1974 in
585 1929 807 1987 cogitando
852 1928 1066 1972 versatur:
1117 1938 1160 1969 ut
1192 1941 1278 1968 me-

215 1986 306 2029 ·rito
356 1986 489 2041 legem
540 1987 646 2030 hanc
689 1987 819 2029 etiam
865 2001 1011 2040 corpus
1057 1984 1273 2027 involvenv

227 2058 310 2086 tem
351 2074 363 2096 ,
420 2044 554 2097 legem
610 2059 802 2087 vocemus
846 2056 1026 2091 ,naturae
1086 2055 1272 2084 commu-

226 2115 326 2143 nem
353 2132 364 2153 ,
397 2114 468 2144 aut
500 2100 635 2154 legem
680 2099 951 2156 promiscuam
980 2116 992 2152 3
1041 2097 1176 2154 legem
1210 2113 1275 2140 ve-

227 2174 275 2201 ro
328 2158 447 2201 solius
496 2160 646 2201 mentis
696 2174 980 2213 nuncupemus
1033 2155 1164 2211 legem
1208 2170 1278 2197 na-

228 2228 326 2259 turae
371 2214 589 2269 peculiaris
622 2248 636 2269 ,
684 2227 754 2259 aut
798 2215 930 2270 legem
986 2212 1234 2257 rationalem
1267 2244 1278 2265 ,

229 2288 317 2330 quae
358 2275 377 2325 ζ
416 2273 497 2328 post
530 2273 691 2316 illatam
751 2273 943 2316 humanae
983 2285 1136 2314 naturae
1185 2269 1278 2313 uni-

231 2331 353 2374 versae
390 2363 401 2384 ,
460 2331 690 2387 primorum
759 2343 977 2386 parentum
1043 2328 1278 2373 inobedien-

230 2389 289 2432 tia
316 2421 330 2442 ,
375 2388 550 2440 labem)
590 2391 639 2432 ab
685 2388 773 2444 Iege
821 2388 1049 2444 promiscua
1082 2419 1094 2436 ,
1138 2398 1279 2440 utpote

232 2447 514 2489 communiori
553 2478 565 2499 ,
609 2459 730 2502 atque
775 2446 995 2501 potentiori
1049 2445 1146 2487 adeo
1192 2459 1280 2498 pre-

232 2505 363 2548 mitur
400 2535 414 2555 ‚
473 2516 517 2546 ut
566 2519 781 2559 nunquam
844 2518 929 2545 non
982 2501 1231 2555 superaretur
1270 2531 1281 2551 ,

230 2560 305 2604 nisi
368 2562 571 2604 virtutum
627 2562 770 2605 auS‘tor
832 2562 942 2603 Deus
993 2559 1157 2602 animos
1209 2572 1261 2599 no

230 2619 329 2663 stros
361 2649 374 2672 ,
421 2619 597 2662 numine
640 2619 707 2661 suo
745 2651 759 2672 ,
806 2617 1017 2660 attolleret
1082 2632 1129 2659 ac
1174 2614 1279 2657 susti-

235 2688 349 2721 neret
383 2708 396 2719 .
436 2677 514 2720 Sed
568 2691 618 2719 ne
663 2691 776 2719 more
828 2674 1157 2719 scholasticorum
1211 2689 1281 2716 vo-

235 2751 305 2779 ces
335 2766 349 2788 ,
398 2734 637 2784 notionibus
696 2749 843 2777 vacuas
877 2766 893 2787 ,
933 2746 1236 2788 anteponamus
1272 2746 1282 2782 3

241 2790 535 2843 subjiciendum
565 2794 619 2835 est
661 2791 794 2835 oculis
823 2790 989 2848 aliquod
1023 2804 1168 2834 natura
1211 2804 1278 2831 no-

236 2859 362 2900 tum,
401 2849 508 2904 quod
552 2866 624 2892 nos
679 2849 782 2906 legis
826 2849 1062 2905 promiscuae
1116 2847 1282 2890 nomine

238 2906 624 2958 comprehendimus
651 2939 660 2949 .
704 2910 797 2962 Qua
840 2923 938 2950 voce
983 2904 1088 2949 nihil
1135 2904 1279 2960 signifi-

239 2977 378 3006 camus
419 2962 527 3005 aliud
552 2996 564 3017 ,
607 2964 681 3007 nisi
714 2964 944 3008 motionem
990 2963 1105 3007 illam
1140 2964 1283 3018 ubique

241 3019 566 3075 pervadentem,
596 3022 817 3076 omniaque
860 3023 1038 3065 cientem
1062 3054 1073 3073 ,
1117 3021 1160 3063 ἃ
1192 3019 1275 3072 agi-

239 3088 398 3121 tantem
434 3107 446 3127 ,
492 3077 626 3132 resque
676 3079 810 3122 varias
862 3080 1011 3122 assiduo
1063 3077 1283 3133 producen-

241 3148 328 3180 tem
349 3131 469 3180 simu}
494 3165 504 3186 2
529 3133 575 3177 ὃς
594 3134 932 3193 interimentem,
964 3152 1014 3180 ex
1035 3135 1286 3190 interituque

1522 302 1965 350 CAPUT
2083 302 2170 345 ΙΙΙ.

1404 394 1472 437 De
1503 392 1606 447 Lege
1635 406 1763 433 rerum
1791 389 2094 443 universarum,
2119 387 2210 442 sive
2241 390 2292 433 de

1668 449 1748 504 lege
1771 447 1996 503 promiscua
2013 479 2024 490 .

1456 539 1551 581 Anc
1599 537 1714 580 Deus
1761 533 1927 591 Optim.
1978 532 2163 579 Maxim.
2217 533 2367 581 indidit

1471 596 1601 639 etiam
1636 626 1650 648 ,
1695 593 1928 649 infuditque
1993 592 2234 649 corporibus
2289 610 2366 651 pro

1324 653 1406 696 vita
1442 686 1455 707 ,
1497 653 1543 697 δε
1584 652 1713 696 veluti
1763 652 1907 696 anima
1942 666 2079 694 rerum
2113 652 2271 696 ratione
2301 669 2370 696 ca-

1324 711 1503 755 rentium
1526 743 1541 765 ‚
1588 726 1680 768 quae
1710 709 1824 754 sicuti
1869 726 1893 753 a
1927 721 2044 752 motu
2075 722 2215 754 ortum
2253 710 2371 756 suum

1322 769 1618 825 auspicantur,
1668 768 1727 812 ita
1758 768 1904 812 eodem
1948 767 2137 812 variante
2196 780 2368 813 vertun-

1325 841 1386 871 tur
1417 860 1426 870 .
1471 826 1593 871 Unde
1641 839 1687 871 ut
1726 827 1914 870 ordinem
1950 827 2061 870 Deus
2094 858 2108 879 ,
2148 825 2195 870 δι
2234 825 2370 870 vitam

1324 887 1439 929 rebus
1468 898 1622 930 certam
1648 916 1661 939 ,
1692 884 1993 940 interitumque
2024 883 2250 938 tribueret,
2279 899 2372 927 mo-

1323 957 1411 987 tum
1479 944 1612 1000 ipsum
1673 942 1798 987 certis
1868 941 2080 985 ordinavit
2147 940 2308 998 legibus
2361 957 2372 984 ε

1322 1017 1495 1057 quarum
1555 1000 1697 1045 seriem
1731 1033 1744 1056 ,
1789 1000 1834 1045 in
1877 1015 2014 1044 rerum
2056 998 2369 1043 universitatem

1321 1059 1569 1115 explicatam
1601 1091 1613 1113 ,
1662 1059 1783 1102 &in
1826 1059 1970 1114 species
2015 1057 2189 1114 singulas
2237 1057 2369 1100 distri-

1323 1118 1507 1170 butam,
1552 1117 1684 1173 legem
1738 1116 1916 1159 dicimus
1972 1128 2126 1159 naturae
2181 1131 2374 1159 commu-

1309 1191 1421 1218 -nem
1442 1192 1454 1216 r
1487 1175 1582 1231 quia
1629 1191 1679 1218 ex
1713 1174 1860 1217 harum
1895 1174 2032 1229 legum
2067 1188 2173 1217 nexu
2220 1173 2276 1216 ita
2310 1188 2372 1216 res

1322 1244 1467 1275 creatae
1498 1232 1676 1288 pendent
1707 1263 1719 1286 ,
1762 1244 1807 1275 ut
1839 1231 1945 1274 nihil
1980 1243 2121 1286 praeter
2163 1230 2274 1274 hunc
2304 1245 2374 1274 or-

1322 1290 1461 1332 dinem
1488 1321 1500 1342 ,
1545 1304 1674 1344 neque
1729 1289 1903 1332 intereat
1931 1320 1944 1341 ,
1988 1304 2119 1343 neque
2162 1300 2330 1331 maneat
2355 1317 2370 1339 ,

1324 1362 1456 1403 neque
1497 1346 1653 1390 oriatur
1688 1362 1698 1387 :
1750 1348 1843 1388 Hoc
1880 1346 1995 1389 enim
2038 1345 2183 1388 ordine
2215 1343 2283 1388 vel
2326 1342 2373 1387 in

1324 1420 1365 1448 re
1419 1403 1598 1448 minima
1653 1402 1936 1459 perturbato,
1994 1415 2233 1446 corruerent
2281 1417 2374 1445 om-

1324 1462 1392 1506 nia
1424 1495 1435 1504 .
1491 1462 1626 1518 Igitur
1676 1474 1849 1505 eventus
1901 1475 2047 1504 omncs
2092 1475 2231 1504 rerum
2269 1474 2368 1503 curn

1324 1519 1605 1564 universarum
1641 1522 1673 1573 ,*
1709 1531 1799 1562 tum
1853 1517 2144 1574 fingularum,
2185 1517 2242 1561 ita
2294 1517 2373 1561 hoc

1323 1579 1375 1622 ab
1415 1579 1558 1623 ordine
1612 1576 1812 1633 prodeunt
1843 1607 1856 1629 ,
1899 1575 2039 1632 itaque
2087 1575 2135 1618 ad
2180 1574 2374 1619 eumdem

1327 1649 1511 1680 remeant
1552 1652 1566 1690 3
1622 1648 1666 1678 ut
1721 1648 1925 1679 certarum
1972 1650 2111 1677 rerum
2161 1632 2374 1688 corruptio

1325 1694 1368 1737 in
1421 1694 1703 1750 integritatem
1755 1692 1870 1736 cedat
1925 1689 2197 1735 universitatis
2250 1688 2371 1742 huju-

1326 1752 1384 1797 sce
1416 1768 1585 1796 rerum.
1626 1750 1876 1794 Consecutio
1907 1749 1961 1793 est
2005 1750 2120 1793 enim
2154 1747 2263 1792 illius
2306 1762 2376 1790 or·

1324 1809 1470 1864 dinis,
1517 1809 1668 1866 ubique
1718 1808 1997 1863 imperantis,
2042 1806 2193 1863 ubique
2232 1805 2376 1861 vigen-

1326 1869 1410 1920 tis;
1453 1885 1476 1911 a
1518 1884 1600 1924 quo
1650 1882 1734 1909 non
1778 1866 1963 1909 maxima
2014 1865 2137 1910 modo
2174 1895 2187 1916 ,
2230 1862 2290 1907 sed
2336 1862 2380 1906 δε

1326 1925 1503 1968 minima
1574 1925 1766 1980 quaelibet
1843 1935 1994 1966 eventa
2048 1922 2326 1966 devolvuntur
2366 1952 2378 1964 .

1327 1983 1441 2025 Hinc
1484 1982 1554 2025 etsi
1604 1997 1665 2024 res
1726 1979 1928 2024 vitientur
1965 1980 2130 2035 fingulae
2165 2012 2179 2033 ,
2233 1992 2377 2021 natura

1328 2052 1466 2096 tamen
1505 2039 1692 2081 universa
1733 2038 1883 2080 vitium
1930 2037 1998 2079 sibi
2034 2036 2242 2079 contrahit
2281 2034 2377 2077 nul-

1329 2096 1415 2140 lum
1449 2128 1461 2150 ,
1506 2096 1663 2140 etenim
1717 2095 1806 2151 ipsae
1849 2094 2081 2138 affeffiones
2125 2093 2257 2136 noxiae
2313 2107 2376 2136 re-

1330 2171 1419 2198 rum
1468 2153 1721 2210 singularum
1769 2152 2016 2196 emittuntur
2074 2168 2096 2194 a
2151 2151 2238 2205 lege
2300 2149 2375 2193 illa

1330 2213 1489 2255 summa
1513 2244 1525 2265 ,
1577 2227 1648 2267 per
1681 2226 1806 2267 quam
1844 2225 1866 2253 e
1905 2209 2104 2253 dissolutis
2134 2210 2254 2252 rebus
2283 2207 2377 2250 aliae

1331 2284 1563 2314 recreantur
1587 2302 1598 2323 ,
1649 2284 1775 2325 eaque
1811 2268 1968 2311 ratione
2011 2267 2247 2310 communis
2284 2281 2378 2308 om-

1333 2329 1447 2371 nium
1499 2342 1643 2371 natura
1690 2338 1899 2383 reparatur
1931 2357 1940 2368 .
1987 2324 2114 2368 Unde
2167 2324 2194 2367 si
2248 2324 2376 2367 alicu-

1332 2387 1369 2428 bi
1414 2398 1516 2428 terra
1572 2385 1733 2428 hiscens
1792 2386 1912 2427 urbes
1950 2382 2165 2434 hauserit,
2212 2381 2257 2423 δε
2301 2396 2377 2434 op-

1332 2443 1463 2497 pida,
1507 2442 1652 2485 vitium
1689 2441 1851 2497 quidem
1908 2439 1991 2482 illis
2034 2438 2268 2492 regionibus
2304 2437 2379 2480 ad-

1332 2500 1457 2543 fertur
1493 2515 1507 2553 3
1551 2499 1654 2542 nihil
1706 2514 1804 2541 vero
1849 2510 2001 2540 naturae
2046 2496 2260 2540 communi
2307 2494 2378 2538 de-

1334 2557 1507 2600 trahitur
1542 2588 1554 2609 ,
1599 2571 1689 2612 quae
1740 2555 1818 2598 suis
1856 2554 2113 2610 progrediens
2167 2552 2327 2609 legibus
2360 2583 2378 2606 ,

1333 2616 1429 2658 dum
1463 2627 1591 2657 terras
1631 2628 1696 2656 eas
1738 2612 1964 2664 discludit,
2005 2627 2026 2654 e
2070 2611 2282 2655 ruentibus
2325 2609 2377 2652 il-

1336 2673 1384 2715 lis
1428 2671 1664 2724 molibus·,
1715 2670 1780 2714 vel
1835 2669 2063 2724 expleverit
2117 2671 2241 2712 inane
2300 2666 2378 2711 ali-

1335 2729 1429 2785 quid
1467 2746 1480 2784 3
1524 2728 1587 2773 vel
1639 2741 1826 2772 montem
1887 2727 2037 2771 alicubi
2084 2758 2097 2780 ,
2160 2739 2229 2769 aut
2267 2725 2381 2769 insu-

1337 2788 1418 2831 lam
1460 2786 1748 2832 excitaverit.
1801 2787 1902 2828 Fera
1950 2784 1979 2828 si
2031 2784 2243 2828 mortifere
2288 2781 2381 2825 vul-

1337 2858 1498 2889 neretur
1535 2876 1548 2899 ,
1593 2844 1674 2888 tale
1723 2843 1873 2887 vitium
1933 2859 1983 2887 ex
2026 2842 2196 2886 vulnere
2239 2839 2382 2885 conci·

1337 2903 1396 2957 pit
1432 2934 1446 2954 ,
1497 2914 1542 2946 ut
1584 2902 1719 2945 vitam
1761 2900 2018 2956 profundat3
2072 2915 2215 2944 verum
2269 2898 2380 2941 idem

1338 2960 1483 3004 vulnus
1520 2992 1532 3014 ,
1585 2960 1692 3017 quod
1747 2958 1857 3002 illius
1890 2957 2051 3001 abstulit
2091 2957 2259 3006 vitam,
2313 2954 2381 2997 vi·

1338 3031 1420 3061 tam
1472 3017 1658 3073 producit
1704 3032 1845 3060 eorum
1892 3048 1905 3068 ,
1959 3016 2028 3071 qui
2073 3014 2155 3059 fera
2208 3012 2376 3056 vescun-

1337 3074 1442 3118 tur':
1476 3088 1522 3119 ut
1553 3074 1833 3129 intelligamus
1875 3086 2064 3115 naturam
2097 3071 2185 3126 lege
2218 3070 2282 3112 sua
2315 3069 2382 3130 in-

1340 3132 1511 3182 teritum
1559 3133 1750 3189 cuiquam
1797 3130 1954 3175 adferre
1983 3142 2192 3185 nunquam
2218 3156 2235 3180 ,
2274 3139 2376 3188 φηςι

2303 3194 2380 3225 tri-
