2596 3479
631 91 770 146 ET
836 89 992 142 XII.
1059 85 1917 149 TABULARUM.'

2215 99 2262 162 ”⁷1
2276 122 2341 177 29

205 170 338 218 manis
367 167 452 221 ejus
483 165 705 224 legationis
734 164 875 209 aanor
907 164 1069 208 fuerat:
1103 180 1251 221 quem·
1303 175 1342 207 te
1375 164 1555 221 superare
1589 168 1827 224 putabatur.
1865 173 1943 215 Hae
1967 169 2073 229 leges
2095 178 2239 227 ordine
2271 199 2343 228 va·-

203 245 279 286 qgie
315 227 541 282 plurimum
573 224 606 267 ei
649 222 818 278 negotio
852 222 1116 266 contribuisse
1145 254 1156 275 ,
1190 234 1251 265 at-

201 301 277 341 que
298 284 452 339 aliquas
473 285 596 326 etiam
621 281 727 335 leges
744 283 1030 322 Romanorum
1054 280 1252 323 condidis-

199 343 235 386 se
251 374 263 395 ,
296 342 525 395 accepimus
545 356 566 381 a
585 340 782 380 Strabone
800 339 863 389 (a)
889 340 947 390 (f)
964 340 1057 393 Qio
1075 338 1250 393 pertinet

200 414 325 443 omen
360 398 463 441 illud
491 394 692 440 Heracliti
721 426 734 447 ,
768 395 835 448 qui
868 395 916 436 ad
942 396 1248 438 Hermodorum

203 456 378 501 scribens
398 488 411 507 ,
444 452 615 510 speciem
641 450 708 494 sibi
740 451 797 493 ait
816 450 997 494 oblatam
1031 453 1072 494 in
1101 452 1250 495 somnis

202 513 312 557 orbis
345 525 546 556 terrarum
583 508 758 551 universi
786 509 1093 558 venerabundi,
1125 510 1167 552 &
1202 509 1248 551 ad

203 570 315 614 illius
349 571 455 626 leges
482 600 494 620 ,
544 566 749 609 Persarum
783 582 895 609 more
933 567 1164 621 compositis
1201 567 1248 609 ad

201 627 387 671 osculum
422 624 537 668 labiis
569 624 902 679 procumbentis.

261 683 310 724 O*
340 699 403 733 νειρ
431 682 551 723 {sonan
581 713 592 735 ,
628 682 713 720 τοῖς
741 685 818 720 σοῖς
843 680 944 731 νὸμος
976 696 1029 719 τοι
1053 680 1151 728 mapa&
1175 697 1244 720 ποε-

204 757 272 785 σης
297 744 365 782 τῆς
393 737 573 789 &inausum
597 734 822 788 ὃικὸήμοιτοι
856 738 1066 787 προσιέναι,
1093 736 1148 784 'agi
1179 753 1245 779 κα-

203 797 259 837 en&
284 795 330 838 ‹ro‘
354 795 422 835 ι’θος
447 796 521 833 τῶν
538 793 696 842 Περσὦν
730 792 931 843 ἐκγειοντας
952 790 995 832 ‘ro'
1018 793 1112 845 ςόμα
1135 809 1245 842 προσ--

204 856 324 893 κυνεῖν
354 847 485 891 οἱυτοός
515 878 524 886 .

263 907 342 951 His
373 919 511 949 aurem
550 904 696 949 tabulis
718 905 882 959 publice
921 905 1156 960 propositis,
1189 907 1246 951 fa-

200 964 267 1008 &a
298 963 520 1018 unicuique
550 961 770 1015 objiciendi
803 964 844 1006 ὃς
880 963 1106 1017 corrigendi
1137 978 1245 1014 pote-

203 1021 326 1074 state,
360 1021 570 1077 posteaque
600 1020 793 1064 omnium
819 1020 1012 1063 consensu
1045 1022 1245 1076 probatis,

203 1092 250 1122 ut
274 1094 420 1133 corpus
452 1077 657 1133 integrum
685 1077 867 1120 Romani
891 1076 987 1128 juris
1021 1077 1245 1122 absolvere-

203 1147 270 1180 tur
289 1168 302 1189 ,
333 1136 429 1180 duas
466 1133 707 1178 Decemviri
751 1133 981 1186 adjecerunt
1012 1166 1025 1188 ,
1059 1134 1244 1192 fafitoque

199 1193 242 1236 S.
256 1195 369 1247 Cro,
401 1191 529 1245 captis
553 1191 768 1247 auspiciis,
798 1191 939 1235 accitis
961 1192 1244 1246 Pontificibus,

198 1251 243 1294 ὅ(
286 1250 521 1304 Auguribus
552 1281 564 1301 ,
607 1248 806 1292 Comitiis
829 1249 1074 1293 centuriatis
1093 1281 1105 1302 ,
1138 1249 1245 1305 leges

202 1303 380 1351 universi
411 1307 636 1350 sciverunt.
658 1305 776 1359 Quod
803 1305 863 1356 ius
886 1306 932 1348 ad
954 1308 1145 1349 omnium
1170 1322 1242 1348 no-

201 1365 340 1407 titiam
384 1364 428 1406 &
477 1362 699 1405 utilitatem
741 1362 860 1405 aeneis
893 1363 1065 1404 incisum
1099 1361 1245 1406 tabulis

204 1420 313 1473 fuit,
345 1420 388 1463 &
420 1420 461 1463 in
495 1418 616 1471 foro,
649 1417 747 1469 jussu
768 1417 936 1473 populi,
968 1419 1242 1464 collocatum.

198 1479 298 1522 Mos
316 1478 385 1521 hic
403 1475 712 1521 incidendarum
736 1475 871 1525 lenum
894 1475 1097 1520 descendit
1116 1493 1137 1519 a
1157 1478 1241 1520 Co-

198 1535 442 1589 rybantibus
469 1565 481 1585 ,
525 1533 594 1590 qui
631 1533 840 1576 columnis
877 1533 1101 1592 insculpere
1136 1534 1244 1590 leges

196 1592 451 1645 docuerunt,
472 1603 517 1634 ut
538 1589 660 1634 refert
686 1589 1012 1645 Theopompus,
1034 1592 1159 1635 Solon
1180 1594 1244 1644 (b)

203 1649 248 1693 in
282 1649 428 1704 ligneis
470 1647 616 1691 incidit
653 1647 802 1691 tabulis
828 1680 840 1701 ,
871 1653 969 1704 quas
997 1650 1123 1699 ἄξονας
1143 1682 1156 1702 ,
1188 1649 1243 1697 Qu*

198 1706 338 1757 κύρβεις
370 1705 651 1762 appellarunt:
689 1721 784 1749 cum
804 1717 898 1750 ante
920 1705 1149 1750 tabularum
1197 1721 1241 1748 u-

197 1762 286 1806 sum
323 1763 547 1808 ediscerent
591 1763 731 1818 populi
754 1761 911 1818 'leges,
943 1764 987 1806 ἃ
1039 1762 1241 1820 frequenti

194 1832 319 1864 cantu
337 1836 401 1865 eas
425 1820 633 1865 memoriae
653 1820 917 1864 mandarent.
939 1823 1141 1876 Quamvis
1171 1837 1241 1864 au-

192 1879 279 1921 tem
308 1878 557 1934 Pomponius
586 1879 692 1921 XII.
726 1877 882 1921 tabulas
923 1880 1084 1922 eboreas
1113 1883 1130 1932 (
1156 1895 1243 1935 quae

191 1932 316 1978 leffio
341 1936 395 1979 est
414 1934 646 1979 Florentini
674 1935 855 1987 codicis)
890 1936 994 1990 five,
1027 1949 1070 1980 ut
1102 1937 1241 1980 fortas-

194 1990 232 2034 se
265 1992 486 2048 legendum
517 1993 570 2035 est
591 2024 604 2045 ,
636 1994 821 2036 roboreas
856 1992 970 2037 fuisse
1009 1994 1242 2048 scripserit,

200 2059 343 2091 tamen
384 2049 424 2091 id
473 2049 519 2092 de
559 2049 607 2092 iis
640 2050 923 2104 accipiendum
965 2051 1018 2094 est
1062 2052 1243 2105 tabulis,

198 2120 286 2161 quae
325 2104 475 2161 populo
518 2106 814 2159 emendandae,
846 2123 931 2150 non
964 2108 1010 2150 de
1042 2107 1122 2163 iis,
1154 2125 1243 2164 quae

199 2162 244 2205 in
288 2176 528 2219 perpetuum
588 2165 841 2208 observandae
902 2165 1109 2221 propositae
1156 2166 1233 2210 sue-

198 2232 296 2263 runt
320 2252 332 2273 ,
364 2236 452 2276 quae
482 2235 601 2264 erant
631 2237 739 2264 aereae
765 2239 778 2274 3
813 2222 884 2265 nisi
918 2223 981 2266 vel
1017 2223 1240 2267 Tribonia-

198 2291 253 2319 no
282 2277 447 2333 culpam
484 2279 733 2331 tribuamus,
767 2278 830 2322 vel
861 2280 1138 2333 Pomponium
1173 2282 1218 2324 ad

198 2335 331 2378 versus
356 2335 548 2378 omnium
583 2349 766 2379 veterum
811 2337 1096 2382 austoritatem
1131 2339 1237 2383 locu-

197 2405 288 2435 tum
324 2393 600 2437 existimemus
626 2425 635 2436 .
677 2394 722 2436 ld
760 2408 895 2438 autem
934 2395 994 2446 jus
1017 2412 1110 2440 cum
1150 2413 1220 2452 pro

195 2461 284 2505 pter
321 2450 473 2493 miram
526 2452 745 2495 verborum
794 2454 1082 2507 proprietatem
1121 2485 1132 2506 ,
1178 2467 1217 2495 at

196 2522 274 2562 que
303 2507 549 2550 brevitatem
585 2508 675 2552 sane
708 2509 994 2563 concinnam,
1028 2523 1113 2552 turn
1151 2527 1237 2564 pro-

198 2578 289 2620 pter
333 2564 533 2608 summam
582 2567 813 2622 aequitatem
848 2599 859 2620 ,
903 2581 1022 2623 atque
1066 2569 1235 2622 pruden—

200 2621 302 2665 tiam
342 2655 354 2675 ,
408 2639 622 2679 rerumque
669 2625 826 2678 pondus
857 2656 868 2677 ,
917 2625 958 2667 ἃ
992 2624 1237 2677 majestatem

199 2680 430 2724 universam
470 2682 681 2725 continere
723 2681 998 2737 sapientiam,
1047 2696 1166 2739 atque
1198 2700 1237 2725 0-

201 2737 367 2781 mnium
405 2738 748 2793 Philosophorum
794 2739 1023 2783 doffirinam
1066 2742 1241 2797 gravita-

302 2796 407 2848 Jam'
429 2798 619 2840 Gravim
651 2799 751 2839 Tom
784 2799 816 2840 I.

1035 2877 1244 2886 ——..—

243 2905 301 2943 (a)
328 2905 400 2937 Lib.
432 2912 481 2939 14.
509 2908 593 2940 Plin.
609 2907 666 2940 tib.
683 2920 715 2947 4.
733 2917 800 2951 cap.
818 2919 844 2949 5.

251 2949 306 2986 (⁴²)
331 2950 391 2982 Cui
430 2960 608 2994 repugnare
649 2953 782 2987 videtur
810 2954 936 2988 Plinius
976 2953 1061 2995 Hist.
1091 2958 1174 2988 Nae.
1206 2958 1233 2986 L

1303 221 1362 264 rio
1389 220 1577 268 locantur
1600 243 1622 269 a
1650 229 1942 274 recentioribus
1973 263 1982 274 .
2016 232 2104 278 Alii
2129 238 2243 284 enim
2265 243 2345 286 Ot-

1305 278 1580 326 tliomannum
1604 284 1742 338 secuti,
1761 282 2083 342 explicationem
2103 308 2242 339 earum
2265 300 2342 344 tri-

1303 338 1372 379 bus
1401 337 1569 401 summis
1594 342 1793 396 capitibus
1819 346 2133 391 concluserunt.
2168 355 2231 395 Ae
2259 357 2341 409 pri-

1301 410 1370 436 mo
1402 396 1448 437 de
1474 411 1559 446 iure
1586 398 1694 459 sacro
1725 431 1738 453 ,
1770 401 1914 447 deinde
1955 403 2111 456 dejure
2140 409 2302 463 publico
2328 446 2339 468 ,

1301 451 1498 514 postremo
1529 453 1577 496 de
1612 471 1698 505 Jure
1732 459 1895 512 privato
1931 461 2179 507 traffiarunt.
2214 467 2333 524 Alii,

1301 523 1400 571 quos·
1424 523 1532 572 inter
1553 512 1713 568 egregie
1740 514 1911 562 Jacobus
1935 519 2240 578 Gothofredus,
2262 541 2336 568 an-

1301 579 1501 628 tiquitatis
1525 569 1687 621 vestigia
1713 571 1996 628 prosequentes
2022 577 2253 630 conjestura
2269 584 2335 628 sua

1301 622 1512 675 pristinum
1537 625 1652 669 nobis
1676 629 1781 671 XII.
1807 630 1959 674 Tabul.
1983 634 2170 682 ordinem
2197 639 2334 685 redde-

1262 735 1263 738 Ἴ
1298 695 1338 722 re
1370 680 1602 731 studuerunt
1623 715 1632 724 .
1665 685 1871 731 Neutram
1902 705 1974 732 nos
1999 690 2143 737 harum
2170 695 2338 742 divisio·

1299 752 1393 799 nem
1420 739 1742 796 repudiabimus,
1766 743 1824 787 sed
1853 748 2034 804 utrasque
2058 752 2105 794 ad
2130 752 2334 800 diversum

1300 796 1491 856 scribendi
1519 797 1734 842 consilium
1760 802 2015 849 conferemus
2047 839 2055 849 .
2101 811 2194 865 Quo
2218 812 2337 859 enim

1296 867 1355 901 Jus
1389 868 1514 896 omne
1541 854 1619 919 hoc
1647 856 1822 910 priscum
1856 861 2031 907 breviter
2055 881 2100 910 ac
2129 870 2335 923 perspicue

1298 908 1412 952 simul
1437 913 1696 976 expediamus
1729 931 1740 956 τ
1785 932 1833 960 ex
1862 919 2004 964 ordine
2032 925 2299 970 materiarum
2321 960 2334 982 ‚

1295 979 1378 1009 arte
1403 998 1434 1030 ,¹
1462 984 1507 1010 ac
1540 982 1697 1014 ratione
1729 977 2034 1030 progredientes
2053 1012 2065 1033 ‚
2098 981 2146 1024 ad
2177 998 2242 1026 eas
2276 1001 2337 1029 re-

1296 1026 1534 1068 vocabimns
1561 1026 1734 1083 singulas
1759 1029 1864 1087 leges
1896 1065 1908 1086 ,
1957 1036 2053 1081 dum
2085 1038 2176 1082 illas
2201 1042 2335 1098 expli-

1295 1095 1433 1124 camus
1465 1115 1478 1137 ,
1521 1084 1801 1131 Otthomanni
1826 1091 2011 1136 ordinem
2040 1095 2287 1142 servabimus
2318 1118 2328 1142 t

1292 1137 1340 1200 ad
1365 1152 1599 1185 extremum
1626 1158 1723 1186 vero
1749 1146 1993 1193 Gothofredi
2020 1152 2174 1197 tabulas
2199 1171 2249 1199 ex
2265 1172 2333 1199 or-

1293 1195 1390 1259 dine
1426 1198 1476 1239 ab
1505 1213 1553 1241 eo
1577 1199 1764 1263 aduvetus
1788 1206 2000 1260 exemplar
2024 1225 2073 1254 eit
2101 1211 2333 1263 conjeetura

1293 1252 1521 1296 restitutum
1548 1255 1802 1306 subjiciemus
1835 1292 1844 1303 .
1888 1265 2098 1310 Germana
2133 1270 2247 1313 enim
2289 1272 2334 1315 δε

1293 1324 1386 1371 vera
1427 1310 1563 1374 legum
1598 1311 1745 1376 harum
1781 1316 2014 1374 fragmenta
2041 1326 2256 1378 producere
2288 1328 2335 1370 in

1292 1380 1483 1430 animum
1510 1368 1747 1414 induximus
1768 1389 1782 1437 :-
1813 1376 2008 1429 negleffis
2034 1379 2110 1433 iis,
2144 1397 2232 1436 quae
2263 1400 2334 1438 po-

1294 1435 1372 1466 tius
1397 1441 1444 1467 ex
1474 1438 1744 1479 interpretum
1773 1434 1940 1487 ingenio
1961 1467 1972 1487 ,
2004 1452 2126 1493 quam
2153 1455 2201 1483 ex
2226 1453 2335 1485 vete—

1293 1497 1384 1524 rum
1415 1483 1489 1525 fide
1516 1499 1884 1534 monumentorum
1914 1493 2139 1538 extiterunt
2173 1529 2182 1538 .
2235 1498 2333 1542 Ideo

1291 1555 1431 1581 earum
1457 1571 1468 1593 ‚
1516 1556 1607 1597 quae
1634 1544 1790 1587 mutilae
1818 1546 2023 1602 supersunt
2053 1584 2064 1605 ,
2114 1553 2333 1599 sententias

1291 1596 1518 1640 adferemus
1542 1615 1551 1639 ι
1599 1615 1673 1643 nec
1699 1615 1839 1646 tamen
1867 1607 2108 1652 omittemus
2129 1626 2332 1666 exponere

1292 1656 1412 1697 verba
1439 1654 1510 1698 illa
1537 1668 1669 1700 vetera
1696 1690 1708 1712 ,
1741 1676 1827 1715 quae
1852 1662 1900 1704 ad
1923 1679 1998 1707 nos
2022 1682 2328 1722 pervenerunt3

1290 1713 1759 1776 quaequeGothofredus
1790 1750 1802 1770 ‚
1845 1719 1888 1761 ὃς
1919 1723 2066 1766 eruditi
2091 1724 2332 1780 interpretes

1291 1768 1364 1813 alii
1389 1770 1659 1814 distinxerunt
1683 1789 1706 1815 a
1731 1779 2030 1822 commentitiis
2061 1812 2073 1834 ,
2105 1797 2192 1839 quae
2222 1783 2331 1835 adje-

1290 1826 1354 1870 δὶα
1380 1826 1538 1887 fuerant
1570 1845 1579 1870 ε
1634 1842 1678 1873 ut
1702 1845 1723 1873 e
1749 1832 1851 1875 veris
1878 1850 1956 1878 una
1999 1838 2043 1880 δε
2071 1838 2328 1894 supposititiis

1292 1884 1452 1939 integer
1479 1885 1607 1929 sensus
1630 1903 1770 1932 earum
1797 1890 2078 1948 colligeretur.
2101 1899 2210 1939 Nam
2233 1913 2329 1952 quas

1291 1956 1312 1984 e
1336 1942 1555 1985 Ciceronis
1581 1943 1692 1987 libris
1717 1946 1763 1989 de
1787 1947 1941 2002 legibus
1965 1952 2007 1993 in
2036 1953 2140 1995 XII.
2174 1955 2325 1996 Tabul.

1293 1998 1518 2042 retulerunt
1539 2015 1551 2051 3
1586 2017 1670 2043 non
1697 2018 1808 2045 veras
1833 2007 2078 2050 arbitramur
2098 2040 2109 2060 ,
2144 2010 2329 2054 sedaCi'-

1291 2071 1436 2099 cerone
1461 2057 1651 2101 confitfi'tas
1669 2090 1681 2109 ,
1712 2061 1904 2115 exemplo
1931 2063 2068 2119 legum
2097 2065 2327 2110 Platonica-

1293 2129 1408 2156 rum:
1441 2115 1630 2169 quamvis
1657 2115 1807 2160 multas
1832 2117 1967 2174 legum
1991 2121 2330 2168 decemviralium

1294 2173 1510 2214 sententias
1538 2186 1700 2227 propter
1725 2175 1957 2228 aequitatem
1983 2210 1997 2230 ,
2041 2195 2166 2235 quam
2198 2181 2331 2224 coriti-

1293 2229 1471 2281 nebant,
1503 2244 1552 2272 cx
1577 2229 1724 2273 intima
1754 2233 2009 2289 philosophia
2031 2237 2193 2282 dufi’tam
2207 2238 2330 2282 Cice-

1293 2302 1334 2328 ro
1360 2286 1434 2329 suis
1460 2286 1614 2342 legibus
1639 2289 2018 2341 comprehenderit.

1433 2401 1494 2455 ,C
1556 2403 1592 2443 A
1657 2402 1686 2444 P
1745 2404 1789 2445 U
1850 2407 1893 2447 T
1981 2409 2152 2451 xxiv.

1294 2516 1355 2557 De
1373 2514 1639 2570 Scriptoribus
1656 2516 1711 2556 ad
1729 2517 1799 2559 has
1818 2519 1916 2574 leges
1931 2521 2098 2575 priscis,
2129 2521 2184 2565 <9¹
2196 2523 2327 2566 variis

1495 2572 1613 2625 hujus
1641 2573 1744 2624 juris
1772 2578 2100 2631 appellationibus
2122 2611 2131 2621 .

1305 2685 1336 2711 ,Γ

1316 2684 1564 2739 ,'‘Cripsere
1602 2700 1738 2734 autem
1775 2690 1822 2733 ad
1850 2690 1920 2734 has
1956 2692 2062 2748 leges
2087 2710 2108 2739 e
2134 2695 2335 2739 veteribus

1303 2728 1359 2786 3)
1394 2744 1698 2795 Jurisconsultis
1730 2749 1820 2793 sex.
1855 2750 1986 2851 Αῑιῑὲε
2017 2784 2029 2805 ,
2076 2754 2164 2804 rc)
2194 2753 2335 2851 &pat

2271 2826 2337 2853 or-

1507 2881 1607 2891 —-

1298 2912 1329 2944 xli
1347 2916 1433 2945 Otto
1459 2916 1496 2946 in
1524 2917 1577 2947 Pr.
1597 2917 1635 2948 T.
1655 2920 1725 2947 III.
1761 2920 1820 2950 Th.
1838 2917 1896 2956 jur.
1931 2926 1960 2960 p.
1989 2930 2012 2958 4
2050 2921 2079 2951 81
2119 2921 2332 2953 Heinneccius

1299 2958 1330 2989 in
1359 2956 1502 2998 Historia
1527 2959 1610 2997 juris
1635 2969 1655 3003 p
1686 2972 1736 3000 ²4.
1768 2963 1860 2995 Nihil
1892 2973 2003 2997 autem
2034 2965 2175 3003 obstas,
2189 2964 2336 3007 quami-

202 2994 361 3024 XXXIV
396 3002 466 3034 cap.
498 3006 526 3035 5.
552 2997 608 3040 qui
635 3009 710 3032 eum
738 3000 842 3043 magis
871 3000 1100 3033 verisimiliter
1136 3002 1244 3043 legum
1299 3013 1355 3035 nus
1382 3007 1463 3037 xii.
1490 3006 1610 3039 tabulae
1636 3006 1780 3048 primum
1808 3008 1841 3039 in
1870 3009 2009 3045 robore,
2036 3008 2113 3042 dein
2143 3010 2178 3043 in
2205 3009 2329 3049 ebore,

201 3042 394 3072 Graecarum
420 3039 640 3082 interpretem
668 3052 788 3082 vocat,
818 3045 874 3078 nisi
901 3046 1020 3079 Strabo
1049 3046 1241 3088 consequ<11<

205 3091 267 3124 pro
294 3082 620 3136 antecedenti'po-nit
637 3110 645 3118 .
673 3090 719 3121 De
752 3089 916 3131 Ephesino
941 3099 1051 3124 autem
1078 3092 1239 3136 legislato-

204 3138 263 3167 re,
293 3139 386 3165 cuius
415 3138 542 3163 mentio
568 3142 602 3163 in
626 3133 728 3176 capie-
751 3143 779 3173 5-
810 3137 851 3168 X.
878 3137 913 3169 cie
926 3138 1099 3181 praescript.
1129 3137 1241 3172 adeun-

1299 3047 1430 3081 tandem
1446 3050 1495 3095 *in
1508 3061 1569 3083 aere
1598 3052 1768 3094 propositae
1791 3051 1880 3085 fuisse
1908 3052 2104 3088 credantur·

1342 3093 1399 3134 (b)
1427 3097 1504 3127 Vide
1524 3096 1621 3129 Petit.
1642 3097 1685 3128 ad
1703 3099 1740 3129 L.
1759 3100 1863 3131 Attic.
1880 3098 1915 3129 in
1927 3100 2027 3140 princ·

1343 3139 1397 3181 (c)
1422 3143 1494 3174 ια.
1513 3143 1542 3185 ᾗ.
1561 3144 1611 3181 38.
1635 3139 1676 3185 ff.
1691 3143 1728 3177 de
1739 3144 1820 3186 orig·
1835 3141 1916 3182 juris
1930 3163 1939 3176 0
1979 3175 1985 3177 .
