2596 3479
167 67 272 121 182

160 153 248 187 tem
279 140 434 192 docet,
476 137 708 195 duplicium
748 138 957 182 frustuum
999 137 1225 192 praestatio-

159 215 259 244 nem
290 211 386 242 ante
418 197 697 251 Iustinianum
728 193 962 241 obsolevisse
1001 225 1012 238 .
1046 195 1116 239 En
1146 211 1223 240 au·

161 270 252 303 tem
283 256 393 315 leges
411 272 423 299 τ

231 376 286 432 Si
329 375 420 449 qui
464 374 513 428 in
559 372 668 442 jure
712 388 873 426 manu
914 369 1214 441 conserunt,

152 454 386 527 utrisiue
452 451 805 526 superstitibus
874 448 1210 521 praesentibus

151 533 432 588 secunlum
474 548 596 585 eum
638 529 728 602 qui
772 527 980 601 possidet
1030 567 1044 582 .
1118 526 1212 580 Ast

151 613 190 666 si
248 611 338 683 qui
393 627 552 681 quem
607 605 812 661 liberali
855 605 1003 660 causa
1049 624 1210 659 manu

149 688 385 754 adserat,
428 685 710 741 secundum
755 682 1062 739 libertatem
1102 683 1209 737 vin-

149 765 308 822 dicias
351 765 478 818 dato
504 805 517 819 .

229 843 285 899 Si
329 842 616 898 vindiciam
650 838 831 896 falsam
857 839 977 893 tulit
1002 880 1020 908 ,
1075 841 1208 893 Prae-

150 937 239 977 tor
264 923 339 976 rei
375 963 392 991 ,
445 922 548 976 five
578 920 720 975 stlitis
746 920 971 973 arbitros
1000 915 1092 971 tris
1120 920 1206 972 da·

152 1015 236 1054 to:
282 1019 466 1056 eorum
509 993 734 1055 arbitrici
762 993 920 1051 fruffi
953 994 1202 1070 duplione

151 1077 380 1133 decidito
403 1119 416 1132 .

227 1158 400 1210 Manu
443 1154 713 1211 conserunt
738 1150 762 1227 )
803 1171 884 1217 hoc
914 1172 970 1219 est
989 1203 1003 1227 ,
1027 1169 1065 1226 fi
1094 1173 1205 1231 apud

148 1253 323 1307 iudicem
353 1254 594 1311 disceptetur
613 1288 622 1299 .

225 1314 477 1388 Utrisque
518 1315 866 1390 superstitibuss
900 1314 921 1383 )
970 1330 1201 1390 superstites

146 1387 388 1501 diffbantug
418 1407 446 1501 ει)
473 1394 676 1449 veteribus
709 1392 822 1450 testes
853 1391 961 1450 quod
994 1392 1052 1436 rei
1087 1390 1202 1448 supe-

147 1461 190 1491 re
209 1460 294 1490 .ent
316 1478 326 1490 .
389 1467 413 1491 a

225 1508 279 1561 Si
319 1509 410 1580 qui
451 1527 608 1581 quem
654 1507 858 1564 liberali
892 1507 914 1577 )
957 1527 1037 1574 hoc
1057 1528 1138 1584 est,
1162 1527 1202 1584 fi

149 1583 245 1639 quis
266 1599 340 1639 que
357 1599 381 1625 n
406 1584 565 1641 adserat
590 1587 635 1628 in
658 1587 886 1629 libertatem
903 1617 912 1627 .

231 1644 570 1715 Secundum)
614 1664 708 1709 dare
740 1666 941 1709 vindicias
973 1665 1196 1710 secundum

146 1717 385 1764 libertatem
411 1752 423 1776 ‚
456 1721 511 1764 est
542 1723 588 1766 in
621 1721 824 1769 libertatis
855 1723 1090 1780 possessione
1125 1740 1197 1780 po-
1227 1769 1229 1774 .

222 1835 280 1890 Si
339 1836 625 1894 vindiciam
661 1837 681 1908 )
723 1856 804 1903 hoc
835 1859 890 1904 est
912 1892 923 1913 ‚
954 1859 1196 1914 fiinjuslam

137 1966 401 2025 poffeffionem
433 1976 644 2028 occupavit
665 2006 679 2027 ,
721 1973 875 2029 Totius
920 1991 1060 2020 aurem
1094 1975 1195 2028 legis

145 2027 215 2070 hic
247 2027 301 2070 est
335 2028 463 2071 sensus
499 2046 508 2071 :
556 2031 679 2074 leae
721 2029 825 2085 fidei
864 2031 1122 2088 poffiffszmem
1165 2032 1196 2084 fi

145 2085 239 2149 quis
269 2084 406 2128 rufius
427 2084 515 2141 fit,
549 2089 695 2130 Praetor
726 2092 762 2133 ei
793 2090 851 2133 rei
867 2090 1099 2143 definiendo
1120 2105 1196 2134 tres

143 2142 314 2184 arbitros
343 2143 436 2185 dato
457 2160 473 2185 .·
518 2161 725 2202 eorumque
753 2149 921 2191 arbitrio
956 2150 1064 2192 malz
1087 2149 1195 2204 fidei

137 2196 320 2268 poffeffor:
343 2198 496 2253 fruffius
525 2204 568 2246 in
591 2204 757 2259 duplum
784 2205 957 2261 puellam
976 2238 986 2248 .

224 2261 324 2341 Re}
366 2259 468 2343 ΓΝΕι
503 2260 646 2343 stlltl'S
674 2262 696 2333 )
720 2280 803 2331 jam
828 2284 1010 2329 diximus
1031 2318 1044 2340 ,
1077 2297 1192 2329 vete-

141 2347 205 2377 res
236 2331 391 2388 stlitem
434 2335 573 2381 dixisse
617 2353 690 2393 pro
721 2341 877 2383 litem:
915 2343 1084 2398 stlocum
1121 2359 1193 2397 pro

140 2392 300 2453 Iocum3
332 2392 465 2437 differt
496 2407 636 2439 autem
669 2413 729 2439 res·
758 2415 781 2441 a
811 2401 947 2453 lites
967 2403 1051 2452 (*)
1083 2401 1193 2458 quod

143 2465 204 2492 res
233 2449 296 2514 'est
340 2450 380 2493 id
414 2451 546 2506 ipsum
577 2453 624 2497 de
658 2470 739 2510 quo
770 2456 1020 2512 disceptatur
1056 2476 1070 2514 3
1121 2459 1194 2502 Lis

143 2506 198 2569 est
231 2506 313 2563 ipsa
347 2508 404 2552 rei
437 2509 678 2566 disceptatio
705 2529 714 2554 τ
768 2515 872 2559 unde
906 2534 966 2559 res
989 2517 1043 2560 est
1075 2528 1192 2561 extra

141 2564 367 2628 judicium,
400 2567 452 2610 lis
478 2567 633 2622 semper
658 2569 701 2612 in
726 2569 878 2622 judicio
908 2606 917 2617 .
951 2576 1090 2632 Quam
1122 2573 1194 2626 Ju-

143 2621 483 2687 rtsconsultorum
537 2627 846 2675 distints‘cionem
894 2631 987 2676 salse
1031 2631 1192 2676 deridet

143 2679 298 2744 Cicero
323 2696 386 2744 .¹¹¹
417 2695 515 2726 orat.
542 2696 611 2739 pro
642 2687 804 2731 Mai-en.
841 2704 993 2744 nempe
1025 2703 1070 2734 ut
1103 2688 1190 2734 cal-

143 2735 249 2780 lidus
292 2736 452 2783 dicendi
493 2742 640 2786 artifex
684 2745 1073 2795 Iurisconsultorum
1121 2764 1192 2792 au-

143 1791 242 1821 nere
263 1808 274 1819 .

137 1907 401 1967 poffeffionem
431 1911 508 1965 fibi
535 1914 700 1967 abstulit
724 1947 736 1969 ‚
777 1916 866 1982 [ipe
903 1916 938 1972 fi
971 1921 1027 1961 rei
1058 1798 1228 2195 aliene!

603 63 707 117 DE
751 62 942 137 JURE
993 59 1226 117 NATU
1244 55 1470 134 RALI,
1514 59 1932 136 GENTIUM‚

1272 138 1381 194 apud
1425 152 1581 184 veteres
1626 140 1944 194 Jurisconsultos
1986 136 2143 186 horum
2186 139 2343 187 verboo'

1271 210 1367 240 rum
1398 197 1642 250 conjunctio
1664 232 1673 242 .
1710 201 1848 243 Varro
1869 215 1913 254 4.
1943 198 2334 258 deling.lct.quam

1271 268 1376 307 rem,
1396 253 1488 308 five
1517 257 1628 300 litem
1655 258 1781 301 dicere
1809 268 1983 314 oportet.

1354 317 1649 386 ArbitI‘OS)
1693 336 1762 381 hic
1796 351 1994 381 numerus
2017 348 2104 381 erat
2138 336 2332 386 solemnis

1271 386 1503 435 dandorum
1536 392 1789 439 arbitrorum
1815 427 1825 438 .

1358 450 1542 505 Fmffl
1588 452 1835 526 duplione
1880 455 1904 525 ]
1964 474 2043 520 hoc
2088 474 2143 519 est
2178 473 2340 531 sruflus

1273 524 1462 580 duplione
1506 542 1525 593 ε.
1561 526 1692 582 [νιιέἔί
1733 530 1850 575 enim
1897 534 2107 588 genitivus
2137 535 2191 577 est
2223 544 2339 576 vete-

1274 597 1368 625 rum
1403 616 1417 637 ,
1458 600 1527 640 qui
1573 587 1746 631 nomina
1790 590 1926 644 quarti
1971 591 2125 634 ordinis
2155 590 2204 634 ad
2236 604 2334 635 nor-

1277 655 1393 683 mam
1426 643 1553 686 etiam
1589 644 1748 688 secundi
1781 646 1937 689 ordinis
1968 648 2222 703 fleRebant3
2255 663 2335 692 un-

1272 696 1322 742 de
1345 696 1505 753 frufsus
1525 699 1680 755 frufi‘us
1704 702 1920 758 dicebant,
1952 704 1995 747 &
2013 703 2170 758 frustm
2192 705 2332 760 fruffi'

1441 836 1483 881 C
1542 838 1583 881 A
1645 836 1676 879 P
1735 836 1782 879 U
1843 837 1887 881 T
1974 838 2162 882 LXXII.

1451 952 1517 997 De
1535 952 1770 1006 Sententia,
1802 950 1860 996 (Ὺ
1884 967 1924 996 re
1945 952 2154 1006 iudicata.

1372 1083 1650 1127 Ontroverfiae
1699 1082 1950 1136 judiciorum
2000 1096 2122 1142 atque
2178 1084 2321 1131 litium

1388 1141 1596 1185 discordiae
1637 1141 1849 1185 sententiis
1878 1141 2063 1193 judicum
2091 1143 2327 1193 praecidun-

1253 1209 1320 1240 tur
1354 1215 1366 1252 3
1413 1215 1502 1255 quae
1545 1200 1758 1243 sententiae
1784 1199 1828 1243 in
1861 1202 1976 1244 rebus
2007 1200 2281 1256 singularibus
2311 1233 2324 1246 .

1253 1257 1409 1301 Rursus
1446 1257 1559 1300 sicuti
1604 1257 1776 1311 publicae
1819 1272 1878 1301 res
1903 1271 2029 1314 atque
2062 1260 2184 1301 status
2214 1258 2324 1303 civi-
2395 1304 2401 1310 ,

1253 1316 1348 1356 tatis
1377 1315 1516 1369 legum
1540 1315 1782 1358 austoritate
1810 1319 2116 1369 componitur3
2150 1316 2208 1358 ita
2242 1314 2330 1371 pri·

1253 1382 1447 1416 vatorum
1506 1372 1680 1423 negocia
1729 1373 1773 1415 δε
1819 1372 1954 1428 jurgia
2008 1373 2318 1418 sententiarum

1251 1427 1495 1473 auctoritate
1521 1429 1742 1473 sedantur:
1789 1443 1832 1472 ut
1861 1446 1881 1473 e
1912 1429 2083 1484 privatis
2120 1432 2238 1474 rebus
2272 1430 2320 1474 in

1251 1485 1528 1542 tranquillum
1565 1487 1744 1530 adduffis
1776 1518 1788 1540 ‚
1839 1488 1968 1530 etiam
2005 1489 2119 1543 quies
2153 1486 2322 1542 publica

1249 1545 1463 1587 exoriatur
1487 1575 1497 1586 .
1533 1545 1657 1587 Unzle
1687 1544 1846 1587 summa
1875 1545 1936 1587 vis
1965 1546 2165 1588 trib-untur
2202 1545 2322 1588 rebus

1247 1598 1461 1652 judicatis:
1486 1616 1536 1644 ne
1565 1601 1591 1643 si
1617 1600 1818 1651 iudicium
1848 1601 2059 1645 sententiae
2087 1600 2330 1645 rescindan-

1249 1669 1342 1710 tur,
1363 1660 1527 1702 tur-bato
1554 1657 1654 1702 statu
1684 1658 1943 1715 singulorum
1961 1691 1973 1712 ,
1998 1658 2162 1714 publica
2190 1659 2322 1705 etiam

1249 1715 1530 1772 tranquillitas
1555 1717 1829 1760 obumbretur
1851 1747 1861 1759 .
1898 1718 2043 1774 Itaque
2082 1717 2315 1760 Decemvi-

1248 1773 1281 1815 ri
1312 1773 1604 1817 austoritatem
1634 1789 1769 1817 rerum
1797 1773 2078 1825 judicatarum
2114 1775 2190 1818 suis
2213 1774 2318 1829 legi·-

1248 1830 1318 1873 bus
1346 1833 1531 1875 maxime
1558 1831 1798 1875 munientes
1820 1863 1832 1882 ‚
1863 1832 2092 1886 eodemque
2122 1831 2214 1874 loco
2243 1831 2323 1873 ha-

1247 1889 1389 1932 bentes
1412 1904 1509 1933 eum
1537 1920 1551 1941 ‚
1601 1888 1670 1944 qui
1700 1889 1886 1931 debitum
1915 1887 2116 1931 confeffus
2146 1888 2242 1931 esset
2271 1888 2317 1931 in

1247 1945 1395 1995 judicio
1433 1978 1446 1998 ,
1495 1961 1592 1989 cum
1617 1961 1666 1989 eo
1704 1977 1716 1998 ,
1767 1947 1833 2000 qui
1863 1944 1948 1993 citis
1975 1945 2101 1989 debiti
2134 1944 2313 1989 nomine

1246 2003 1461 2053 conviss'tus
1486 2020 1507 2046 a
1534 2003 1697 2046 testibus
1723 2001 1817 2046 effet
1852 2003 1895 2045 S<
1923 2018 1943 2045 a
1970 2002 2101 2054 jutiice
2135 2002 2321 2045 damna-

1247 2073 1341 2104 tus:
1387 2060 1561 2115 triginta
1587 2060 1750 2103 dierum
1788 2059 1970 2114 spacium
2005 2058 2185 2110 judicato
2214 2059 2321 2103 faci-

1244 2118 1350 2161 endo
1372 2150 1384 2170 ,
1416 2131 1486 2162 aut
1518 2115 1703 2161 confesse
1735 2118 1921 2172 pecuniae
1941 2117 2234 2161 contrahendae
2257 2118 2317 2160 so-

1247 2175 1417 2219 lutionis
1441 2174 1560 2219 causa
1589 2175 1862 2231 prae·iiterttnt
1891 2206 1900 2217 .
1938 2177 2051 2229 Quos
2085 2175 2168 2218 dies
2193 2173 2314 2228 justos

1243 2232 1505 2288 appellarunt
1532 2264 1544 2286 ,
1580 2248 1737 2276 nomen
1769 2232 1812 2275 &
1843 2232 2167 2287 praefinitionem
2207 2243 2314 2274 tem-

1247 2290 1354 2343 poris
1386 2291 1581 2334 ducentes
1606 2307 1627 2334 a
1655 2289 1809 2332 militia
1839 2305 1849 2330 τ
1905 2288 2012 2331 unde
2055 2303 2140 2330 non
2175 2301 2313 2343 paucae

1245 2347 1533 2390 similitudines
1548 2346 1594 2389 ad
1613 2362 1698 2389 rem
1719 2344 1923 2389 forensem
1941 2345 2308 2402 commigrarunt:

1242 2420 1338 2449 cum
1379 2419 1465 2447 non
1502 2404 1612 2448 aliud
1654 2403 1728 2446 sint
1761 2401 1914 2454 judicia
1940 2434 1954 2455 ‚
2010 2418 2137 2458 quam
2177 2402 2318 2458 praelia

1243 2464 1464 2506 verborum
1497 2494 1511 2516 ‚
1556 2477 1645 2518 quse
1672 2460 1766 2505 loco
1793 2475 1987 2504 verorum
2022 2460 2266 2514 praeliorum
2298 2491 2313 2514 ,

1242 2521 1388 2576 quibus
1426 2519 1510 2571 jure
1550 2519 1706 2563 naturae
1732 2517 1929 2561 homines
1960 2519 2270 2562 contendebant
2301 2548 2316 2572 ,

1245 2576 1512 2622 successerunt
1531 2609 1540 2627 ,
1572 2578 1638 2620 Ut
1668 2576 1796 2632 igitur
1821 2577 1910 2619 dies
1935 2574 2033 2631 justi
2061 2576 2318 2619 vocabantur

1244 2635 1286 2679 in
1313 2634 1422 2678 bello
1450 2629 1624 2688 triginta
1653 2634 1715 2678 illi
1748 2633 1832 2678 dies
1860 2665 1871 2687 ‚
1917 2635 2068 2689 quibus
2099 2648 2183 2676 non
2212 2631 2314 2675 lice-

1243 2693 1310 2737 bat
1340 2692 1496 2736 hostem
1525 2691 1710 2736 laceffere
1730 2725 1743 2746 ,
1776 2690 1841 2736 vel
1873 2707 1934 2735 res
1962 2703 2143 2745 repetere
2168 2721 2180 2742 ‚
2213 2690 2314 2734 dum

1243 2750 1446 2795 vexillum
1477 2752 1551 2794 rufi
1583 2749 1732 2793 coloris
1773 2749 1819 2792 in
1850 2764 1941 2792 arce
1974 2748 2154 2791 defixum
2185 2760 2272 2791 erat
2301 2779 2315 2802 ‚

144 2794 381 2839 &toritatem
406 2828 418 2850 ‚
461 2813 540 2854 qua
582 2800 764 2845 maxime
796 2803 839 2845 in
871 2819 919 2847 ea
950 2806 1067 2849 causa
1100 2821 1190 2856 pre·
1240 2808 1285 2854 &
1315 2807 1520 2853 exercitus
1549 2807 1776 2860 imperatus
1802 2823 1811 2847 ε
1836 2805 1978 2861 hisque
2000 2804 2174 2860 oppositi
2196 2817 2316 2849 erant

145 2853 336 2897 ruebatur
361 2886 374 2909 ‚
406 2868 647 2901 extenuaret
671 2889 682 2901 .
725 2861 930 2916 Frequens
961 2862 1017 2906 est
1047 2877 1189 2909 autem
1237 2867 1441 2924 praeliares
1462 2866 1577 2921 die53
1608 2865 1676 2919 (b)
1701 2865 1757 2907 ita
1787 2863 1831 2907 &
1855 2861 1902 2906 in
1932 2878 1972 2907 re
2001 2862 2215 2912 judiciaria
2230 2863 2315 2907 dies

2250 2920 2316 2965 illi

150 2987 1194 3012 ————-——-—··-—-u——
1249 2995 2316 3016 ῃ-α-ἰῄψ--ι--ο

194 3023 253 3062 (a)
279 3024 389 3057 Festus
415 3027 450 3057 in
466 2999 550 3058 ver-b.
567 3015 752 3068 superstites
772 3051 780 3059 .

194 3067 252 3109 ζ’)
281 3071 356 3102 Irno
381 3069 550 3104 interdum
576 3071 615 3104 lis
641 3082 700 3115 pro
716 3085 749 3106 re
773 3072 922 3117 dicitur,
953 3076 1061 3112 veluti
1086 3090 1188 3122 quan-

1241 3035 1465 3124 offssbgwgell.
1480 3080 1543 3114 lib.
1567 3049 1626 3115 20.=
1654 3087 1723 3127 cap.
1746 3080 1906 3127 infestus
1927 3080 1964 3116 in
1981 3078 2079 3117 verbo
2104 3076 2210 3122 justi,
2237 3079 2314 3114 Μ’*

155 3109 198 3147 do
220 3111 386 3158 dicimus,
414 3116 561 3159 praestare
585 3117 657 3154 litis
689 3119 945 3158 aestimationem
974 3125 1005 3168 ς.
1034 3134 1064 3159 2.
1083 3127 1126 3169 J.
1154 3126 1194 3160 de
1241 3127 1334 3165 crob.
1368 3138 1398 3164 1.
1423 3128 1608 3164 saturnal.
