2596 3479
179 70 283 109 222

173 146 297 196 atque
327 129 459 176 tutela
487 128 791 178 committenia
832 131 1015 175 civitatis
1045 148 1067 185 3
1091 132 1223 175 menti

174 190 322 236 videli
327 202 400 244 et,
431 205 521 249 quae
555 205 636 233 non
671 190 831 245 corpori
878 202 1041 232 tantum
1077 188 1224 232 humi-

175 265 259 305 ne,
293 249 419 295 sed&
452 264 608 294 natuiae
642 263 779 291 rerum
813 247 990 303 praesidet
1012 247 1227 291 universae.

392 364 1018 411 CAPUTII.

206 439 419 503 De⁵mente
438 455 610 496 humana
625 483 638 506 3
671 450 730 495 (J
757 452 843 506 ejus
856 448 945 504 ⁸juri:
969 451 1015 494 in
1031 463 1167 508 corpus
1183 484 1192 494 .

284 541 442 586 Tenim
492 557 517 584 a
556 550 699 583 mente
739 538 886 582 divina
930 539 974 582 8<
1019 538 1186 582 infinita
1211 570 1222 591 3

303 614 393 656 quae
448 611 644 654 corporea
695 597 841 641 omnia
892 597 936 640 &
982 595 1222 650 incorpore

178 658 312 702 volvit
339 689 353 711 3
399 668 610 711 procreata
642 654 696 697 est
730 670 846 698 mens
879 654 1059 698 humana
1103 653 1147 697 ὃς
1180 653 1225 696 fi-

181 716 271 759 nita
309 747 322 766 3
374 729 462 770 quae
527 713 724 756 membris
779 712 921 755 nostris
985 713 1225 776 corporique

180 771 355 830 praeesset
386 789 396 814 :
430 770 495 816 cui
529 783 666 814 motus
707 786 730 816 e
762 782 903 814 mente
951 786 998 813 ac
1029 769 1114 812 vita
1147 768 1225 811 sin·

179 830 288 888 gulis
331 828 556 873 momentis
598 828 651 881 in
656 843 894 878 ›eneratur.
924 828 1072 870 Mirus
1107 842 1225 869 nam-

179 904 256 946 que
285 889 389 932 unde
408 888 599 931 oriuntur
619 918 633 941 3
666 887 875 929 intereunt
895 916 911 938 3
940 886 982 927 &
1011 896 1225 928 mutantur

179 945 350 999 omnia,
383 960 468 988 non
499 945 544 987 in
576 943 783 1000 corporis3
816 957 960 986 verum
996 941 1040 984 in
1073 942 1227 984 animae

180 1017 328 1047 natura
371 1003 645 1046 continetur:
697 1015 844 1055 corpus
899 1000 1016 1042 enim
1061 999 1225 1043 nullum

180 1061 296 1105 edere
322 1060 446 1115 potest
466 1090 480 1113 3
511 1071 636 1114 atque
656 1057 708 1101 ab
733 1058 767 1101 se
795 1057 900 1101 ciere
928 1069 1120 1110 moturi,
1153 1055 1228 1099 nisi

181 1117 347 1161 aliunde
378 1116 602 1170 acceperit.
636 1131 732 1160 cum
753 1115 933 1170 corporis
966 1115 1079 1158 notio
1099 1129 1230 1169 quan·

182 1175 348 1219 titatern
390 1174 590 1231 quidem,
625 1172 905 1225 soliditatem,
936 1172 982 1216 &
1012 1173 1228 1229 figuram,

180 1246 267 1275 non
298 1246 397 1275 vero
428 1244 593 1275 motum
624 1231 846 1275 involvat·
877 1245 1025 1284 corpus
1055 1245 1171 1272 enim
1205 1202 1229 1271 si

182 1302 301 1333 motu
335 1287 564 1343 spolietur,
609 1300 750 1332 tamen
794 1287 981 1330 manebit
1012 1286 1154 1330 idem:
1191 1299 1229 1328 at

183 1346 444 1402 quantitate,
490 1345 689 1389 soliditate
716 1377 729 1398 3
763 1346 970 1400 figuraque
1017 1344 1192 1387 detrach
1217 1375 1228 1396 3

187 1403 343 1459 periisse
376 1402 703 1458 intelligeretur.
739 1404 862 1446 Mens
896 1418 992 1445 vero
1025 1402 1067 1444 in
1103 1417 1169 1456 per
1175 1401 1223 1444 ci

188 1461 337 1514 pienlo
392 1461 689 1516 cogitandoque
730 1461 829 1502 adeo
884 1474 933 1502 ex
985 1458 1046 1502 sua
1091 1470 1230 1501 natuta

191 1519 397 1570 versatur,
429 1530 475 1560 ut
507 1518 658 1561 sublata
691 1516 973 1580 cogitatione,
1007 1531 1124 1559 mens
1156 1517 1228 1558 tibi

186 1575 429 1630 diffugeret:
464 1588 504 1618 at
541 1575 741 1630 cooitatio
782 1574 886 1616 unde
922 1572 1053 1616 animi
1088 1586 1231 1616 natura

186 1631 419 1687 profertur,
437 1633 590 1676 aetuse
598 1633 666 1675 sta
689 1645 826 1676 mente
848 1632 1111 1675 emtinenter
1136 1646 1226 1674 ex)

185 1691 318 1742 tiens,
349 1689 417 1746 qui
441 1720 453 1740 3
497 1703 540 1733 ut
574 1702 840 1744 permaneat,
871 1704 971 1743 opus
1000 1688 1120 1732 habet
1145 1689 1231 1731 assi-

184 1747 261 1791 dua
283 1748 407 1802 produ
411 1747 548 1791 &tione
573 1748 629 1791 sui
650 1748 791 1803 ipsius·
830 1746 1139 1802 produciionem
1162 1760 1231 1788 ve-

185 1820 230 1848 ro
252 1804 331 1848 fine
360 1816 475 1847 motu
510 1804 670 1848 nullam
696 1804 997 1858 intelligimus.
1032 1804 1152 1845 Unle
1188 1802 1230 1845 fi-

186 1878 235 1925 ye
264 1861 462 1917 cogitatio
493 1862 676 1905 versetur
704 1862 876 1915 eodem,
909 1861 987 1904 sive
1013 1861 1059 1904 de
1086 1876 1126 1903 re
1153 1875 1232 1903 una

189 1919 255 1969 iri
266 1920 392 1963 aliam
427 1919 683 1983 perlabatur,
715 1918 866 1962 assiduo
910 1932 1028 1961 motu
1062 1919 1191 1962 cietur
1220 1932 1232 1970 3

191 1978 285 2032 quia
317 1976 467 2021 mentis
497 1977 550 2021 est
571 1976 676 2020 aetio
697 1987 894 2040 perpetuo.
925 1976 1078 2019 fluens.
1112 1974 1233 2018 Vivit

188 2050 302 2078 enim
334 2065 347 2088 3
390 2046 511 2089 atque
553 2033 677 2077 alitur
712 2050 763 2077 ex
800 2049 918 2076 novis
950 2032 1293 2096 perpetuisquei

189 2091 321 2135 anini
357 2092 518 2134 nixibus
533 2124 545 2145 3
576 2092 647 2148 qui
679 2090 848 2156 singulis
868 2090 1095 2140 momentis
1125 2086 1212 2132 mul

189 2148 369 2203 tiplicati
404 2163 576 2204 pereunt
597 2150 823 2202 continuo,
862 2161 982 2203 atque
1008 2146 1232 2190 identidem

192 2222 272 2260 regi
282 2218 499 2261 guintur.
554 2208 671 2262 Quos
725 2220 854 2249 novos
899 2217 1093 2259 perpetu)
1147 2218 1235 2257 per-

193 2263 272 2315 cipi
278 2262 372 2305 endi
421 2261 532 2305 achis
585 2278 703 2306 meris
762 2261 969 2318 quomodo
1020 2260 1235 2316 protulerit

194 2320 275 2363 sine
330 2320 517 2374 ingenito
586 2319 801 2375 inilitoque
852 2319 1025 2374 propria:
1081 2329 1236 2360 natuiae

195 2380 339 2421 motu?
372 2377 655 2440 Quamobrem
678 2392 826 2420 exuere
851 2388 965 2418 motu
989 2375 1151 2418 mentis
1166 2390 1237 2417 ria-

194 2448 332 2477 tiirarri
366 2449 613 2490 nequimus
604 2468 617 2488 3
649 2451 715 2491 qu
710 2451 744 2477 a
780 2450 829 2478 eo
867 2432 1047 2485 sul3ilato
1079 2432 1232 2488 cogita-

197 2492 256 2535 tio
287 2492 626 2548 extingueretur.
670 2491 781 2547 Qiia
817 2490 941 2546 igitur
989 2504 1135 2543 motu,
1168 2505 1234 2545 qui

197 2549 249 2591 est
274 2549 356 2591 ab
349 2565 588 2604 incorporea
615 2563 786 2601 natura,
819 2547 1059 2591 animantur
1077 2562 1238 2598 omnia,

199 2604 391 2659 colligere
417 2605 514 2650 hinc
544 2608 709 2660 licebit,
732 2606 1020 2661 incorpoream
1047 2617 1239 2648 naturam

198 2677 290 2705 eam
322 2662 421 2715 esse,
453 2679 540 2718 quae
573 2664 650 2728 sive
686 2663 874 2719 potestate
910 2662 973 2705 sua
1008 2675 1239 2716 procreans3

203 2718 423 2773 volensque
469 2721 608 2764 omnia
641 2753 653 2774 3
694 2719 823 2776 qualis
868 2719 1058 2762 voluntas
1098 2719 1150 2761 εἷ’(
1182 2718 1241 2761 di-

205 2775 325 2829 vina,
359 2775 436 2819 five
468 2778 518 2819 ab
551 2779 640 2832 Deo
672 2791 803 2820 creata
826 2809 839 2829 3
872 2777 1028 2832 Deique
1063 2774 1160 2827 jussu
1184 2776 1237 2818 su-

203 2833 317 2876 biens
349 2832 431 2903 ipsa
463 2847 620 2878 certum
653 2851 698 2877 ac
734 2833 937 2889 peculiare
969 2848 1150 2888 corpus3
1186 2833 1241 2875 lu-

203 2906 266 2934 rne
273 2906 298 2932 n
332 2891 446 2935 rebus
472 2889 576 2934 ferat
606 2892 648 2934 &
681 2891 840 2934 vitam*
873 2907 1019 2954 corpus
1053 2905 1148 2934 vero
1177 2906 1246 2944 per

202 2947 324 3001 se3s1
355 2963 400 2991 ea
436 2948 520 2993 luce
552 2965 598 2992 ac
632 2949 715 2991 vita
748 2961 949 3000 caruerit,
984 2948 1138 3003 pondus
1170 2948 1246 2991 esse

198 3015 365 3048 tantum
417 3006 461 3050 ὃς
514 3006 704 3050 umbram
754 3004 1064 3061 intelligimm.
1124 3006 1247 3058 Unde

201 3061 425 3119 imperium
477 3063 625 3108 animae
669 3064 713 3108 in
759 3078 901 3119 corpus
934 3063 1166 3108 humanum
1199 3066 1249 3108 ab

761 58 903 111 DE
985 56 1590 127 LEGIBUS,

1273 134 1355 189 ipsa
1389 148 1534 178 natura
1580 131 1658 177 fuit
1688 129 1926 180 institutum
1951 165 1965 192 3
1995 136 2090 194 quia
2121 149 2264 193 corpus
2303 152 2330 182 a

1274 204 1414 235 mente
1459 191 1622 236 ducitur
1651 209 1697 236 ac
1718 193 1931 238 sustinetur
1962 209 1974 236 ε
2009 194 2051 239 ὅ(
2082 197 2120 240 ei
2153 201 2244 238 lunt
2264 210 2329 239 re-

1274 264 1366 292 rum
1399 249 1680 313 gubernacula
1719 252 1908 296 tradenda
1933 284 1945 305 3
1979 252 2088 297 unde
2131 269 2190 297 res
2234 253 2274 308 ip
2281 252 2328 295 sae

1283 305 1416 350 vitam
1437 306 1676 363 accipiunt:
1709 325 1761 354 ne
1785 309 1815 354 fi
1837 312 1887 353 ab
1914 309 2025 354 illius
2050 311 2223 367 imperio
2241 310 2330 354 exi·

1276 377 1442 408 mantur
1468 397 1483 418 3
1514 381 1601 409 non
1617 368 1678 410 ad
1711 367 1973 423 libertatem,
2008 368 2067 412 sed
2101 369 2148 412 ad
2182 365 2327 412 interi-

1276 436 1364 466 tum
1399 423 1534 479 potius
1554 424 1755 489 tendant.
1785 427 1897 470 Sicut
1930 439 2070 471 autem
2104 428 2207 470 ratio
2235 427 2330 468 infi-

1276 482 1363 523 nita
1408 493 1571 544 motum
1606 482 1755 539 ubique
1789 484 2063 537 diffundens,
2100 486 2216 528 rebus
2248 483 2330 526 im-

1275 551 1389 594 perat
1415 540 1610 583 universis
1624 555 1640 593 3
1670 541 1726 584 ita
1755 541 1870 585 debet
1901 543 1945 584 &
1978 555 2080 584 ratio
2104 543 2220 585 finita
2239 572 2251 595 3
2283 541 2329 584 in

1275 612 1353 653 qua
1396 596 1535 652 imago
1579 597 1757 641 infinitae
1802 598 1974 641 rationis
2033 599 2281 654 insculpitur
2312 631 2327 651 ,

1277 669 1425 708 nempe
1456 669 1571 697 mens
1597 654 1778 698 humana
1800 688 1812 708 3
1847 669 1967 699 motu
1991 672 2012 697 a
2042 657 2130 700 Deo
2157 669 2325 710 accepto

1277 712 1484 767 imperare
1512 711 1679 766 corpori
1711 713 1896 755 humano
1947 712 1993 754 &
2023 714 2138 756 rebus
2189 714 2332 757 omni-

1277 771 1348 813 bus
1378 784 1429 813 ex
1449 769 1629 812 humana
1663 769 1856 812 facultate
1882 769 2177 823 pendentibus.
2210 772 2327 815 Hinc

1277 826 1440 871 homini
1483 840 1627 880 utpote
1659 828 1818 870 ratione
1853 827 2018 881 praelito
2049 859 2060 880 3
2092 828 2135 870 ὃς
2168 840 2324 871 naturze

1278 884 1542 949 praestantiori
1596 883 1865 948 subjiciuntur
1920 898 2034 927 muta
2064 917 2077 936 3
2138 885 2326 929 inanima

1275 942 1418 985 omnia
1445 974 1457 995 3
1493 942 1674 997 itemque
1719 943 1877 985 ratione
1925 941 2140 1006 carentia,
2182 959 2251 999 qui
2243 944 2331 986 ·bus

1278 999 1463 1043 hominis
1509 998 1746 1041 dominatio
1789 1014 1833 1054 p
1818 998 1942 1042 odest
1973 1030 1986 1051 3
2033 999 2127 1054 quia
2158 1000 2334 1063 custodia

1276 1072 1453 1113 curaque
1486 1057 1622 1098 nostra
1652 1054 1854 1099 ferociam
1900 1055 2100 1111 effugiunt
2133 1057 2327 1100 animari-

1276 1115 1384 1159 tium
1417 1113 1622 1157 aliorum·
1614 1145 1626 1166 3
1659 1128 1702 1156 ut
1729 1113 1807 1156 hoc
1837 1114 1968 1156 etiam
2001 1114 2169 1157 nomine
2203 1113 2324 1169 longe

1279 1173 1358 1215 sint
1399 1170 1606 1215 feliciores
1657 1170 1879 1214 mansuetae
1925 1172 2158 1215 animantes
2201 1171 2246 1215 &
2275 1173 2336 1216 ci·-

1279 1244 1417 1283 cures3
1449 1244 1576 1285 quan
1607 1226 1703 1272 fera:
1741 1241 1862 1284 atque
1884 1229 2094 1273 indoinab
2102 1245 2185 1273 ..es
2322 1240 2325 1245 ’

1485 1343 2137 1387 CAPUTIII.

1326 1459 1392 1503 De
1423 1469 1567 1500 natura
1592 1455 1728 1512 seivis
1747 1489 1760 1511 3
1793 1455 1850 1500 (9³
1881 1470 2025 1501 natura
2056 1459 2276 1503 Dominis.

1419 1573 1492 1614 lnc
1524 1571 1713 1624 rudibus,
1746 1572 2042 1628 agrestibusque
2092 1572 2336 1617 hominibus

1435 1629 1660 1683 plurim'iin
1711 1629 1904 1673 conducit
1951 1645 2089 1684 parere
2135 1630 2334 1683 sapienti-

1283 1686 1382 1730 bus.
1434 1689 1548 1730 Hinc
1578 1686 1623 1729 ὅ(
1654 1685 1741 1742 lege
1774 1699 1926 1730 naturae
1955 1719 1965 1739 3
2010 1703 2100 1743 quae
2147 1700 2336 1732 mentem

1284 1744 1607 1787 imbecilliorem
1653 1744 1917 1798 praefiantior‘i
1965 1743 2123 1790 subjicit
2148 1776 2162 1798 3
2193 1744 2335 1788 foemi-

1285 1816 1383 1844 neus
1416 1800 1529 1844 virili
1566 1801 1672 1843 sexui
1709 1800 1946 1853 subjicitur,
1980 1817 2075 1844 cum
2110 1802 2242 1844 virilis
2276 1802 2335 1845 su-

1286 1872 1393 1912 peret
1425 1873 1470 1901 ea
1505 1873 1574 1913 par
1560 1872 1616 1901 te
1653 1890 1664 1912 3
1696 1873 1774 1914 qua
1794 1858 2059 1900 divinitatem
2086 1858 2333 1915 attingimus

1282 1916 1325 1958 &c
1358 1930 1418 1959 res
1450 1930 1663 1970 corporeas
1692 1914 2014 1958 antecellimus.
2055 1915 2167 1958 Cum
2201 1918 2332 1972 igitur

1285 1973 1360 2016 viri
1401 1973 1445 2015 ἅ
1479 1973 1662 2015 mulieris
1695 1972 2035 2024 conjun&ionein
2081 1984 2225 2015 natura
2247 1972 2332 2027 ipsa

1284 2029 1470 2073 inveniat
1519 2029 1562 2072 δί
1597 2030 1859 2073 machinetur
1893 2060 1904 2083 3
1934 2029 1979 2072 &
2007 2029 2160 2072 mulier
2192 2044 2216 2072 a
2248 2045 2338 2072 viro

1285 2087 1443 2130 ratione
1477 2086 1709 2140 vincatur3
1743 2087 1897 2130 minori
1932 2100 2072 2129 autern
2106 2086 2213 2129 ratio
2249 2102 2338 2129 ma-

1285 2145 1343 2195 jor
1392 2144 1477 2200 lege
1523 2159 1679 2186 naturae
1727 2144 2011 2197 dominetur3
2063 2144 2197 2194 palam
2244 2144 2337 2196 est,

1287 2201 1504 2245 mulierem
1551 2202 1742 2248 traditam
1786 2201 1860 2244 effe
1906 2202 1949 2243 in
1982 2203 2217 2264 potestatem
2250 2200 2332 2243 viri

1285 2259 1335 2302 ab
1377 2259 1472 2336 ipsas
1501 2272 1646 2322 natura
1675 2291 1688 2312 3
1732 2272 1928 2313 tanquam
1984 2259 2028 2299 in
2073 2257 2294 2301 custodiam
2324 2287 2337 2310 3

1295 2316 1337 2359 81
1370 2331 1448 2359 con
1455 2315 1726 2358 ervaiionem
1758 2315 1813 2356 sui
1842 2346 1851 2356 .
1895 2316 1962 2356 Oi>
1991 2315 2244 2378 eandemque
2277 2330 2340 2356 ra-

1291 2374 1450 2416 tionem
1501 2373 1573 2415 filii
1627 2385 1695 2413 na:
1701 2372 1799 2414 aral
1808 2385 1867 2413 ter
1917 2385 2090 2414 veniunt
2139 2387 2183 2415 m
2229 2384 2343 2425 pote-

1293 2420 1435 2473 liat'em
1491 2428 1616 2484 patris
1643 2461 1655 2483 3
1707 2429 1801 2485 quia
1837 2428 1974 2471 liberis
2007 2429 2147 2471 utilius
2177 2428 2268 2483 est,

1289 2505 1310 2530 a
1343 2500 1454 2542 patre
1488 2502 1679 2542 regantur
1703 2518 1715 2540 3
1764 2501 1886 2542 quam
1920 2502 1942 2528 a
1977 2484 2193 2540 semetipsis
2222 2502 2230 2526 :
2283 2498 2345 2528 at-

1290 2561 1366 2600 que
1433 2521 1555 2588 hinct>
1586 2543 1807 2599 imperium
1857 2542 1989 2586 oritur
2035 2543 2301 2586 domesticum
2333 2572 2344 2585 .

1295 2602 1486 2668 Denique
1536 2602 1720 2646 universe
1747 2633 1759 2654 3
1803 2602 1897 2657 quia
1945 2613 2107 2656 propter
2151 2612 2343 2642 mutuum

1296 2662 1413 2702 usum
1471 2674 1604 2702 rerum
1662 2661 1705 2701 ὅτ.
1750 2667 1966 2713 operarum
2028 2659 2075 2699 ad
2120 2657 2213 2699 vitae
2257 2657 2345 2698 diu-

1297 2717 1472 2759 turnitat
1478 2732 1545 2759 em
1575 2747 1588 2767 3
1628 2731 1748 2771 atque
1794 2716 2053 2759 securitatem
2109 2713 2215 2757 inter
2269 2713 2348 2754 ho-

1295 2775 1426 2817 mines
1469 2772 1533 2816 lex
1577 2773 1660 2827 ipsa
1706 2773 1879 2815 rationis
1935 2772 1979 2813 &
2022 2783 2166 2812 natura
2219 2769 2347 2813 socie-

1296 2843 1422 2874 tatem
1469 2829 1677 2872 instituit·
1668 2861 1681 2882 3
1715 2845 1844 2885 neque
1890 2827 1975 2871 ulla
2007 2828 2187 2871 constare
2220 2828 2346 2870 socie-

1294 2902 1353 2933 tas
1400 2889 1506 2931 inter
1545 2902 1613 2930 eos
1657 2886 1783 2941 potest
1809 2917 1822 2940 3
1871 2885 1941 2942 qui
1988 2885 2203 2940 pruientia
2235 2885 2345 2927 inter

1296 2946 1330 2990 se
1371 2961 1418 2990 ac
1462 2944 1620 3008 ratione
1653 2943 1879 2992 discrepant
1926 2959 1937 2994 3
2014 2941 2086 2986 nisi
2137 2941 2351 2999 prudentia

1295 3004 1337 3048 &
1371 3003 1474 3046 ratio
1507 3001 1646 3066 minor
1680 3001 1905 3056 prudentiae
1942 3000 2161 3053 subdatur,
2205 3015 2250 3043 ac
2284 3015 2349 3041 ra-

1302 3060 1407 3105 tioni
1441 3059 1584 3113 majori
1613 3091 1625 3113 3
1670 3073 1758 3116 quae
1802 3059 2017 3116 prospiciat
2063 3055 2355 3156 ἰιηὺεείἰίιὲτί-

2281 3127 2324 3156 us
