2596 3479
615 74 765 128 ET
853 71 990 125 ΧΠ.
1080 68 1921 128 TABULARUM.

216 147 532 200 Romanorum,
563 149 669 202 apud
694 163 794 204 quos
812 178 825 198 ‚
859 162 956 190 curn
983 157 1103 191 antea
1130 147 1260 191 mori-

146 201 162 216 ⁶
215 203 287 245 bus
309 204 532 248 exorientis
560 209 728 258 Romae,
761 205 936 247 barbaris
963 203 1048 247 illis
1077 204 1259 260 quidem,

211 259 258 301 &
280 262 486 305 atrocibus
518 263 727 306 coaluisset
760 293 772 315 ‚
805 261 953 305 deinde
983 261 1181 319 migravit
1213 263 1258 305 in

211 315 322 372 leges
350 320 547 364 Romuli:
584 332 873 375 proptereaque
907 319 1082 363 minime
1105 334 1259 376 pugnat

211 373 423 427 Ulpianus
444 409 456 429 ,
487 379 569 429 (¹⁵)
600 377 670 432 qui
701 392 792 418 earn
827 377 1016 420 adscribit
1050 378 1258 437 moribus,

213 446 309 473 cum
346 435 572 490 Papiniano
600 435 687 486 (a)
718 448 840 490 atque
873 435 963 477 aliis
993 466 1004 488 ‚
1050 436 1119 491 qui
1161 452 1258 479 ean-

212 487 306 531 dem
338 508 360 534 a
393 492 549 548 legibus
580 491 785 534 deducunt
818 491 937 548 regiis
967 508 976 532 :
1010 508 1087 548 qua
1122 492 1165 535 in
1184 493 1261 536 dis-

214 544 394 592 sensione
436 549 725 604 componenda
759 560 970 604 tantopere
1004 549 1211 593 laboratur
1246 582 1254 593 .

214 604 319 648 Non
350 606 405 648 est
436 622 592 650 novum
625 607 739 650 enim
766 639 777 660 ,
818 620 861 649 ut
894 622 1027 650 mores
1059 608 1260 650 adducan-

1313 159 1366 188 na
1398 146 1713 190 manumissione
1747 144 1851 196 (**)
1887 141 2123 185 libertatem
2154 145 2363 187 nancisce-

1310 214 1421 246 retur
1461 235 1470 245 .
1522 203 1733 247 Liberatus
1766 216 1863 244 vero
1895 199 2002 243 filius
2035 198 2112 242 hoc
2147 202 2354 255 praestabat

1312 259 1494 304 liberatis
1528 261 1647 304 servis
1674 262 1701 314 ⁴,
1745 258 1852 316 quod
1898 257 1942 301 hi
1985 255 2169 300 libertini
2212 275 2359 304 mane-

1310 317 1409 360 bant
1434 349 1447 370 ,
1490 317 1600 362 filius
1632 334 1729 362 vero
1761 315 1992 360 naturalem
2026 313 2261 370 pr'aeferebat
2293 319 2357 361 in-

1310 375 1568 429 genuitatem
1594 391 1605 416 :
1638 391 1727 432 quae
1759 373 1983 417 tantierat
2010 404 2022 427 ‚
2071 384 2114 414 ut
2147 374 2359 418 vendendo

1311 431 1397 474 filio
1430 447 1646 487 nunquam
1679 432 1953 487 perimeretur
1986 462 1999 483 ‚
2050 429 2111 472 sed
2154 442 2357 485 tegeretur

1310 488 1469 544 potius:
1505 501 1562 532 ita
1596 501 1640 533 ut
1669 488 1936 532 manumissus
1955 487 2062 531 filius
2081 501 2200 540 eam,
2233 503 2359 543 quam
2421 540 2431 550 .

1310 547 1352 588 in
1399 547 1434 589 se
1479 546 1690 589 conditam
1737 545 1949 600 habebat,
2000 545 2128 587 veluti
2171 546 2352 600 abruptis

1308 603 1487 647 vinculis
1519 604 1768 659 explicaret.
1802 604 1916 648 Hinc
1947 603 2006 645 ait
2038 602 2354 657 Constantinus,

1307 679 1383 703 non
1420 659 1525 717 poffe
1560 674 1745 718 parentes
1775 662 1919 717 erip⁶¹re
1944 659 2056 715 filiis
2087 660 2309 702 libertatem
2340 693 2352 706 .

1306 719 1386 771 (e)
1418 721 1511 774 Quo
1545 719 1670 776 igitur
1699 719 1919 775 aliquando
1951 717 2059 761 filius
2089 733 2110 760 e
2147 719 2340 772 potestate

1309 776 1432 830 patris
1462 777 1592 821 exiret
1617 809 1629 830 ,
1675 776 1739 821 lex
1771 776 1917 829 jussit,
1962 777 2018 819 uti
2058 788 2172 818 terna
2205 775 2350 819 vendi-

1307 834 1419 877 tione
1454 833 1554 878 liber
1586 834 1713 878 esset:
1749 850 1824 878 nec
1857 832 2122 877 manumissus
2155 833 2275 875 tertio
2295 834 2344 876 ab

214 672 281 704 tur
313 664 356 706 in
390 663 525 720 leges,
557 680 638 720 quo
669 679 868 707 aeternam
899 664 1258 717 accipiantsirmi·

215 730 346 763 tatem
379 753 388 763 .
440 724 540 764 Haec
571 734 710 764 autern
744 723 853 777 regia
885 720 952 764 lex
984 722 1030 764 de
1064 722 1258 777 potestate

215 792 435 832 parentum
475 811 487 831 ‚
531 779 726 822 translata
758 779 835 822 fuit
866 795 888 821 a
924 780 1182 822 Decemviris
1216 780 1259 822 in

216 848 405 890 quartam
441 836 650 890 tabulam,
683 838 772 888 (b)
803 849 847 880 ut
880 836 1099 890 Dionysius
1122 837 1259 891 refert,

215 893 288 947 qui
317 909 489 935 omnem
523 894 629 936 'nanc
662 894 900 949 potestatem
935 894 977 936 in
1011 895 1081 936 ista
1112 895 1252 949 disper-
1283 898 1462 952 {emtore
1505 892 1549 936 in
1595 892 1832 947 potestatem
1877 891 1999 945 patris
2029 891 2162 933 denuo
2203 890 2354 933 recide-

215 948 267 990 tit
295 980 307 1001 ‚
341 965 490 1002 nempe
521 964 565 993 ut
596 953 713 993 liceat
738 951 972 1006 parentebus
1001 952 1095 994 loris
1125 955 1260 995 caedere
1283 963 1286 996 i
1307 961 1366 991 ret
1402 964 1414 998 3
1463 964 1507 992 ut
1552 950 1748 994 reciderat
1793 947 1914 992 semel
1961 948 2004 992 8(
2049 948 2197 991 iterum
2231 960 2351 991 antea

206 1003 325 1059 filios
356 1039 368 1061 ‚
414 1025 562 1050 carcere
605 1025 768 1050 coercere
793 1040 805 1061 ‚
849 1009 892 1050 in
922 1024 1034 1064 agros
1064 1011 1118 1052 ad
1147 1021 1260 1064 opera
1282 1022 1285 1059 ς
1305 1007 1571 1050 manumissus
1608 1039 1617 1049 .
1670 1009 1738 1050 Ne
1782 1022 1876 1049 vero
1909 1005 1995 1048 filio
2030 1005 2112 1060 spes
2143 1005 2346 1048 libertatis

215 1063 359 1117 rustica
390 1066 543 1109 vinfios
573 1067 787 1108 amandare
812 1097 824 1120 ‚
856 1064 1083 1108 venundare
1101 1098 1115 1121 ‚
1146 1068 1255 1109 deni.
1282 1063 1460 1106 sstamdiu
1504 1064 1809 1119 protraheretur
1832 1090 1859 1117 ‚·
1889 1077 2096 1117 ternaeque
2140 1063 2346 1105 venditio-

221 1137 297 1176 que
329 1121 576 1176 interficere.
1306 1136 1374 1163 nes
1416 1122 1459 1164 ὅ(
1502 1122 1839 1165 manumissiones
1882 1121 1918 1163 ei
1961 1121 2084 1163 essent
2127 1120 2346 1174 expefihin-

274 1179 357 1221 Eos
395 1195 489 1222 vero
513 1179 699 1224 abdicare
730 1196 776 1223 ac
802 1195 951 1235 negare
977 1178 1083 1223 filios
1111 1212 1123 1233 ,
1170 1182 1257 1223 Ro·
1279 1182 1284 1220 l
1304 1177 1360 1218 dae
1387 1210 1398 1229 ‚
1445 1180 1649 1222 rationem
1696 1191 1848 1223 veteres
1889 1178 2181 1234 excogitarunt
2207 1208 2219 1230 ,
2263 1193 2343 1233 qua

215 1237 351 1279 manis
375 1237 551 1280 minime
578 1237 724 1280 licebat
751 1254 760 1278 :
813 1240 894 1288 (c)
920 1237 979 1279 sed
1006 1249 1168 1279 tantum
1195 1237 1257 1288 ju·
1302 1234 1346 1276 &
1388 1235 1488 1288 legis
1531 1237 1574 1278 in
1621 1237 1790 1289 speciem
1825 1236 2130 1279 conservaretur
2161 1233 2341 1276 aution-

213 1292 306 1336 bere
337 1326 349 1347 ‚
382 1307 425 1336 ut
450 1310 470 1336 e
497 1294 712 1347 conspeetu
739 1295 866 1349 patris
890 1293 1049 1336 abirent
1071 1325 1083 1346 ‚
1116 1310 1161 1335 ac
1193 1294 1252 1336 di-
1305 1302 1389 1342 taS,
1419 1292 1462 1334 &
1495 1307 1621 1334 morae
1651 1292 1730 1334 illae
1763 1292 1960 1335 libertatis
1993 1291 2306 1346 praeciderentur
2329 1321 2340 1333 .

210 1349 413 1393 scedentes
453 1366 476 1393 a
510 1351 633 1393 domo
660 1364 826 1405 paterna
856 1382 868 1403 ‚
915 1349 975 1401 jus
1009 1350 1050 1392 in
1087 1342 1405 1404 paternaisf)
1450 1350 1592 1404 Itaque
1639 1364 1707 1404 per
1749 1348 1954 1391 simulatas
1995 1348 2252 1390 venditiones
2284 1360 2341 1390 ter

209 1406 317 1450 bona
343 1408 518 1450 minime
545 1408 790 1451 amittebant
818 1424 830 1462 3
864 1407 935 1450 nisi
960 1407 1255 1450 exheredaren-

208 1474 274 1506 tur
289 1496 298 1506 .
331 1467 411 1508 His
432 1479 589 1508 armata
614 1464 767 1516 juribus
797 1465 924 1521 patria
949 1464 1119 1519 potestas
1136 1496 1147 1517 ,
1169 1481 1270 1508 mer

208 1520 291 1564 rito
335 1522 499 1577 propria
539 1527 830 1567 Romanorum
879 1523 923 1566 &
964 1521 1100 1565 civilis
1129 1523 1253 1565 modo

206 1576 305 1630 juris
332 1581 465 1635 portio
492 1579 715 1624 habebatur
746 1598 754 1621 :
804 1596 898 1623 cum
925 1579 994 1622 vix
1020 1579 1124 1634 apud
1150 1579 1254 1623 alios

207 1635 320 1679 hunc
346 1637 596 1680 auesoritatis
623 1638 779 1691 apicem
802 1636 1021 1693 attigisset:
1043 1637 1146 1691 apud
1169 1639 1254 1680 Ro-

209 1708 356 1737 manos
379 1695 493 1737 enim
518 1695 735 1739 familiaris
749 1695 1052 1750 quodammodo
1066 1708 1151 1737 erat
1170 1711 1251 1737 maa

206 1751 395 1807 gistratus
421 1752 463 1794 in
492 1766 604 1807 patre
628 1753 898 1805 constitutus,
933 1768 1028 1794 cum
1056 1750 1140 1802 jure
1166 1751 1251 1806 gla-

207 1808 263 1851 dii
286 1824 297 1862 3
330 1823 495 1865 propter
517 1827 641 1866 quam
672 1810 961 1853 auf’roritatem
987 1825 1008 1851 a
1035 1807 1120 1860 jure
1148 1809 1252 1852 civi-

210 1864 238 1908 li
271 1879 480 1923 acceptam
504 1899 515 1920 ‚
548 1868 677 1923 patria
705 1868 872 1923 potestas
894 1884 915 1910 a
943 1867 1063 1918 JCtis
1091 1867 1253 1921 propria

208 1922 358 1966 dicitur
384 1924 541 1968 civium
570 1928 857 1969 Rornanorum
879 1941 890 1978 3
923 1940 997 1967 nec
1025 1924 1138 1966 enim
1160 1939 1251 1966 eam

209 1980 419 2023 obtinebat
452 1982 541 2036 quis
572 2014 584 2035 ‚
637 1982 710 2025 nisi
754 1984 970 2026 civitatem
1017 1985 1251 2024 Romanam

209 2035 484 2091 impetraret3
516 2055 639 2093 quam
673 2039 698 2081 fi
732 2040 940 2081 amitteret
966 2069 978 2090 ,
1013 2038 1249 2092 potestatem

210 2094 388 2147 patriam
437 2094 543 2136 haud
588 2111 792 2151 quaquam
827 2097 1060 2139 retinebat:
1111 2095 1249 2150 quales

208 2163 326 2192 erant
358 2151 414 2201 ii,
449 2151 595 2208 quibus
626 2169 757 2208 aqua,
790 2154 832 2196 &
866 2153 951 2208 igni
986 2152 1252 2194 interdiceba-

208 2219 274 2250 tur
304 2239 312 2248 .
366 2208 479 2251 Hinc
511 2209 572 2260 jus
605 2212 727 2265 patris
761 2227 781 2252 a
815 2211 935 2253 Livio
967 2210 1054 2260 (cl)
1082 2221 1251 2264 paterna

207 2263 388 2318 majestas
422 2265 651 2321 appellatur
683 2299 691 2309 .
738 2267 845 2310 Patri
879 2267 992 2311 enim
1027 2266 1175 2310 licebat
1206 2267 1248 2309 in

204 2321 313 2364 filios
345 2323 452 2365 idern
478 2355 489 2376 ‚
521 2325 628 2380 quod
662 2324 705 2367 in
740 2324 872 2368 servos
903 2342 912 2366 t
947 2323 1015 2380 qui
1052 2324 1127 2367 boc
1163 2341 1244 2367 rne-

206 2377 298 2422 liori
332 2380 604 2435 conditione,
649 2399 775 2438 quam
820 2383 894 2426 filii
941 2394 1094 2431 erant,
1142 2383 1246 2437 quod

207 2435 346 2479 servus
378 2453 459 2481 una
491 2451 682 2494 tantum,
715 2439 821 2483 silius
855 2455 951 2483 vero
984 2439 1145 2481 nonnisi
1169 2452 1245 2481 tei·-

255 2596 304 2636 [⁴‘]
333 2598 510 2638 Dionysius
536 2600 822 2632 Halicarnassensis
850 2603 896 2633 11.
923 2607 954 2641 p·
985 2603 1037 2638 96.
1066 2599 1246 2630 Romiissum

204 2643 322 2682 patriae
349 2645 517 2684 potestatis
542 2645 627 2687 apud
655 2648 821 2677 Romanos
846 2644 1013 2677 merorem
1039 2643 1219 2675 introducit
1236 2665 1246 2681 ,

207 2685 238 2717 ἃ
266 2687 402 2729 proinde
428 2701 538 2722 mores
567 2689 650 2731 apud
680 2691 862 2731 Ulpianum
904 2694 942 2721 L.
970 2693 1000 2721 8.
1031 2693 1074 2721 D.
1105 2690 1143 2721 de
1169 2690 1241 2725 his,

202 2732 258 2780 qui
277 2733 332 2772 sui
372 2736 426 2766 vel
453 2736 558 2767 alieni
585 2734 667 2772 juris
693 2737 771 2775 stent
803 2759 812 2772 5

203 2776 278 2817 lpfis
315 2780 448 2812 Romuli
480 2781 605 2821 legibus
620 2782 851 2824 accipiurtur,
879 2791 949 2823 quae
975 2781 1007 2811 in
1024 2791 1130 2811 mores
1156 2778 1241 2812 abie-

204 2829 277 2853 rant
300 2823 330 2854 Se
347 2835 452 2856 mores
483 2825 701 2865 dicebantur,
731 2838 768 2858 ne
796 2826 906 2859 inviso
922 2827 1055 2858 nomine
1079 2824 1170 2867 regio
1194 2823 1243 2856 uti

207 2868 326 2898 necesse
351 2870 426 2901 effct
443 2893 450 2900 .
482 2871 562 2903 Vide
588 2871 673 2904 dista
698 2871 737 2904 acl
769 2882 796 2904 c.
815 2883 867 2903 22.

245 2912 265 2948 <
283 2913 332 2949 a)
360 2916 458 2953 Apud
487 2915 581 2948 Auci.
604 2919 710 2950 collat.
727 2919 834 2958 legum
851 2916 990 2957 Iliosxic.

248 3001 268 3040 ζ
284 2999 332 3039 τ)
359 3004 396 3033 L.
418 3013 446 3041 9.
476 3005 550 3036 cod.
568 3007 605 3038 de
621 3009 728 3047 putria
743 3005 841 3049 potest
855 3029 863 3037 .

248 3046 310 3084 (d)
337 3046 406 3077 Lib.
425 3059 537 3089 quarto
552 3072 559 3080 .

244 3092 281 3131 (⁴⁸
293 3091 328 3130 “J
355 3094 474 3124 Seneca
501 3095 538 3125 de
563 3097 675 3137 Benef.
708 3099 777 3128 ΙΙΙ.
807 3107 830 3128 c.
853 3105 901 3126 ri.
929 3095 1106 3127 Parentum
1131 3093 1235 3125 condi<

200 3135 319 3170 tionem
353 3137 560 3177 sacravimus
584 3161 595 3179 ‚
634 3142 712 3182 quia
750 3140 936 3182 expediebat
974 3139 1090 3173 liberos
1129 3140 1204 3172 tolli
1224 3151 1238 3174 :

252 2953 303 2992 (bl
334 2958 465 2997 Dionys.
483 2959 538 2992 lib.
556 2971 574 2991 2
603 2969 677 3004 pag·
697 2974 749 3002 97·
1256 2984 1271 3189 Ι

1305 1404 1413 1448 filius
1453 1422 1474 1447 a
1519 1418 1632 1461 patre
1677 1405 1906 1449 tradebatur
1936 1405 2125 1457 emtori,
2171 1405 2229 1446 uti
2263 1416 2342 1447 tero

1306 1477 1376 1504 nas
1421 1463 1504 1516 post
1548 1463 1809 1507 venditiones
1852 1462 2092 1506 liberaretur
2134 1477 2141 1501 :
2204 1460 2346 1516 bisque

1304 1520 1431 1563 tribus
1476 1521 1785 1564 venditionibus
1817 1522 1864 1563 ad
1898 1519 2081 1563 veritatis
2115 1518 2342 1573 imaginem

1304 1577 1532 1632 adhibitis,
1579 1579 1687 1622 filius
1732 1578 1854 1621 tertia
1898 1578 2072 1632 denique
2116 1575 2343 1618 manumis-

1304 1634 1411 1678 sione
1446 1669 1457 1690 ,
1507 1636 1782 1693 assequebatur
1824 1632 2135 1684 irrevocabilem
2181 1633 2346 1676 liberta-

1304 1706 1424 1736 tem.
1471 1694 1586 1737 Hinc
1628 1706 1767 1738 autem
1810 1693 1920 1736 atius
1961 1691 2168 1734 dicebatur
2197 1705 2342 1733 eman-

1303 1750 1492 1805 cipati03
1524 1764 1671 1795 emtor
1714 1766 1810 1794 vero
1853 1762 1964 1805 patei·
2004 1747 2236 1791 fiduciarius
2267 1763 2340 1803 ap-

1303 1808 1570 1862 pellabatur:
1622 1808 1716 1866 quia
1759 1808 1893 1852 filium
1937 1823 1983 1850 ea
2027 1806 2172 1848 fiducia
2217 1818 2337 1848 natu·

1303 1865 1375 1908 rali
1420 1883 1442 1909 a
1486 1879 1595 1921 patre
1636 1865 1865 1922 accipiebat
1897 1877 1942 1908 ut
1973 1862 2288 1907 manumitteret
2324 1894 2333 1904 .

1304 1923 1404 1965 Filia
1455 1939 1586 1977 vero,
1630 1924 1674 1967 δε
1717 1936 1885 1978 nepotes
1927 1921 2048 1966 unica
2100 1921 2340 1963 venditione

1299 1996 1344 2022 ac
1395 1983 1713 2024 manumissione
1762 1982 1810 2022 ad
1860 1980 2090 2022 libertatem
2125 1979 2337 2032 pervenie-

1301 2038 1432 2079 bant.
1475 2039 1560 2093 (g)
1605 2041 1758 2093 Legem
1793 2053 1888 2080 vero
1920 2036 2047 2079 fertur
2080 2035 2208 2077 tuliise
2245 2037 2340 2076 Nu-

1301 2110 1366 2137 ma
1393 2127 1405 2148 ,
1438 2096 1523 2146 (h)
1558 2111 1606 2138 ne
1642 2095 1780 2138 liceret
1814 2093 1915 2149 patri
1953 2092 2126 2135 vendere
2159 2091 2291 2133 filium
2326 2121 2338 2144 ‚

1299 2152 1361 2195 cui
1409 2168 1579 2196 uxorem
1613 2152 1755 2195 ducere
1788 2151 2021 2206 permisisset
2053 2160 2074 2192 .“·
2107 2149 2338 2191 Absurdum

1299 2210 1411 2253 euim
1440 2242 1451 2263 ,
1493 2210 1669 2252 arbitror
1696 2242 1707 2262 ‚
1752 2210 1912 2264 putavit
1946 2208 2030 2251 sore
2060 2240 2071 2261 ,
2114 2219 2157 2248 ut
2192 2206 2342 2249 mulier

1299 2281 1426 2321 nupta
1454 2299 1465 2320 ‚
1508 2268 1543 2310 se
1590 2267 1832 2323 inopinante
1878 2279 1997 2321 atque
2030 2265 2205 2317 invita,-
2259 2263 2332 2307 sei·-

1299 2324 1473 2368 vitutem
1527 2325 1717 2378 subiret,
1769 2324 1812 2366 in
1864 2341 1986 2380 quam
2046 2322 2131 2365 liius
2186 2320 2333 2371 conjux

1299 2398 1367 2437 pei·
1402 2381 1684 2425 venditionem
1719 2399 1739 2424 a
1775 2395 1885 2436 patre
1919 2381 2140 2423 traderetur
2166 2411 2177 2431 ,
2223 2394 2339 2420 cura—

1301 2441 1466 2495 vitque,
1499 2455 1550 2483 ne
1583 2456 1652 2495 per
1683 2440 1789 2482 lianc
1813 2439 1924 2482 viam
1951 2437 2138 2492 conjugia
2155 2435 2351 2477 dislrabe·

1851 2498 1885 2537 R
1953 2510 1975 2536 2
2174 2505 2338 2545 rentur,

1408 2570 1528 2581 -.,
1646 2568 1766 2578 ,....-..
1992 2566 2097 2573 ....-
2184 2564 2225 2573 ..-
2327 2566 2338 2572 .

1295 2600 1499 2639 sollicitandi
1539 2600 1580 2630 ad
1607 2600 1689 2630 hamc
1716 2597 1852 2629 laborem
1889 2608 1981 2628 trane
2007 2598 2160 2627 incertam
2210 2594 2338 2627 adit-ari

1289 2646 1456 2686 fortunam
1475 2667 1482 2675 .
1508 2647 1587 2676 Non
1616 2652 1743 2684 poterae
1767 2643 1838 2673 illis
1864 2644 1930 2673 dici
1956 2643 2036 2680 moi
2065 2637 2221 2677 beneficia
2258 2639 2351 2669 dan.-

1294 2688 1383 2722 tibus
1410 2690 1529 2721 dicitur
1545 2701 1556 2721 :
1584 2691 1636 2720 cxi
1675 2690 1724 2720 Λα
1744 2710 1754 2725 ,
1781 2688 1864 2727 elige
1891 2689 1958 2728 ips-:-
1977 2698 2075 2717 mam
2093 2708 2101 2716 .
2127 2687 2167 2716 Si
2185 2686 2333 2725 deceptus

841 2746 906 2767 non
938 2733 1146 2767 incommode
1169 2756 1179 2771 ‚
1206 2733 1244 2765 de
1294 2746 1348 2774 es,
1377 2745 1475 2776 quaere
1510 2736 1674 2776 dignum;
1700 2733 1846 2770 adjuva.
1876 2732 2044 2764 [aiilon-'s
2074 2730 2224 2763 rollandis
2252 2730 2337 2760 nihil

1291 2779 1413 2818 judacio
1444 2781 1632 2811 tollentium
1661 2780 1759 2815 licet,
1791 2787 1861 2808 tom
1890 2779 2025 2809 restani
2057 2775 2120 2815 est.
2147 2778 2264 2816 Imque
2299 2783 2336 2805 ut

1291 2827 1421 2865 aequicre
1447 2826 1553 2857 animo
1581 2824 1711 2857 adirent
1739 2826 1842 2855 aleam
1859 2845 1869 2861 ,
1897 2823 2003 2854 danda
2029 2822 2100 2854 iilis
2139 2823 2251 2862 aliqua
2280 2826 2337 2859 po-

1291 2868 1382 2910 testas
1406 2871 1479 2911 fait
1495 2892 1501 2900 .

1337 2915 1393 2954 (ε)
1421 2918 1456 2947 L.
1480 2925 1530 2946 ιο.
1561 2918 1594 2946 C.
1614 2914 1651 2946 de
1681 2921 1764 2955 patr.
1780 2924 1844 2951 pse.

1334 2960 1414 3002 (f)
1443 2958 1542 3000 Inssie
1570 2959 1645 3001 quib
1674 2960 1754 2989 med.
1772 2960 1823 2998 jffl
1851 2968 1924 3002 patr
1952 2955 2059 2998 pree-[s.
2086 2956 2146 2995 sol.
2164 2954 2188 2994 §
2212 2960 2321 2994 praete-

1289 3016 1339 3036 rna
1356 3028 1363 3036 .
1391 3003 1500 3042 Cujac.
1518 3003 1574 3037 lib.
1587 3016 1610 3036 1.
1634 3005 1688 3036 tit.
1706 3009 1736 3035 6.
1755 3006 1864 3045 Inftie.
1882 3006 1917 3034 in
1934 3005 1960 3044 ᾗ.
1979 3003 2056 3033 item
2082 3007 2139 3043 per
2165 2998 2322 3039 emancipn

1288 3051 1367 3093 Ulp.
1395 3052 1430 3083 in
1442 3051 1562 3092 fragm.
1581 3050 1636 3081 eit.
1657 3057 1704 3080 io.
1732 3050 1766 3081 in
1780 3052 1882 3089 prfnc.

1332 3095 1426 3137 (g)
1451 3095 1587 3136 Ulpian·
1616 3095 1649 3124 in
1662 3095 1784 3136 fragm.
1802 3098 1846 3127 tit
1869 3103 1915 3125 io.
1943 3091 1979 3121 in
2003 3091 2104 3132 princ.

1334 3142 1396 3184 (h)
1446 3138 1584 3180 Dionys.
1602 3137 1695 3171 lib-1.
1714 3139 1875 3174 Plutarch.
1906 3138 1940 3168 in
1955 3137 2068 3167 Num
2082 3156 2090 3165 .
