2596 3479
210 58 320 105 106

203 129 352 173 obeant
383 126 543 184 optime
581 142 593 180 3
641 126 748 170 aliud
780 158 792 179 ‚
835 138 905 168 aut
938 136 1214 169 contemnant
1245 160 1258 182 ,

203 200 274 229 aut
299 187 446 243 raptim
473 185 692 230 attreStant
719 217 731 240 ,
765 196 809 228 ut
839 183 947 226 hanc
976 181 1058 227 illis
1085 181 1251 230 laudem

206 244 315 291 ultro
343 244 607 290 remiserint.

323 363 366 406 C
424 364 465 407 A
525 362 558 404 P
616 362 661 403 U
721 361 767 403 T
852 360 892 403 C
909 360 1048 404 LXX
1067 358 1126 402 V.

382 476 586 533 Conclusio
616 478 663 521 dc
687 477 938 534 interpretum
964 476 1035 531 usu
1051 507 1064 518 .

345 598 582 651 Uapropter
622 595 687 638 sua
713 594 837 638 studia
864 595 968 637 reste
999 592 1256 654 instituturus

359 653 581 709 primordia
603 684 615 705 ‚
657 653 700 696 &
725 652 929 696 elementa
956 650 1053 703 juris
1078 666 1098 693 e
1126 650 1250 700 Cuia-

354 711 471 754 ciana
498 710 645 753 Schola
671 723 807 766 petat:
841 725 884 753 ut
908 708 1150 752 nibilinitio
1170 707 1243 751 im·

211 766 322 811 bibat
349 768 420 811 nisi
448 767 673 822 sincerum,
705 768 1054 822 &incorruptum
1072 798 1083 819 ‚
1115 781 1161 808 ac
1184 780 1252 808 ve-

206 841 248 868 re
278 829 514 869 Romanum
543 843 552 867 :
587 842 677 882 quae
700 842 796 869 cum
822 827 862 868 in
891 823 1128 880 sanguinem
1158 838 1243 867 ver·

206 883 337 936 terit,
371 896 462 927 tum
491 885 639 940 poterit
666 884 793 927 certis
823 916 835 935 ‚
877 882 920 925 ἃ
951 881 1255 925 obscurioribus

207 940 252 984 in
289 940 391 984 Iocis
425 942 472 984 ad
513 941 774 996 intelligendi
815 939 1060 983 facilitatem
1091 942 1252 983 Accur-

205 999 308 1042 fium
333 999 522 1042 adhibere
549 1031 560 1041 .
593 1002 686 1054 Quo
711 1000 752 1041 in
780 998 944 1051 labore,
975 1014 1070 1041 cum
1098 997 1132 1041 se
1158 1013 1246 1053 pro—

204 1057 255 1099 be
290 1057 555 1110 exercuerit,
603 1055 923 1112 expenderitque
963 1055 1071 1100 vires
1111 1055 1198 1099 suas
1237 1087 1250 1109 ‚

203 1113 431 1157 Bartolinis
453 1127 594 1158 utatur
620 1114 941 1169 interpretibus:
972 1129 1016 1158 ut
1043 1115 1090 1158 ad
1117 1128 1252 1169 patro-

205 1171 316 1214 cinia
342 1173 550 1216 causarum
582 1206 598 1226 ,
649 1172 813 1216 scientia
860 1173 1048 1216 munitus
1087 1173 1253 1217 accedat

204 1229 250 1273 δε
282 1230 352 1273 usu
369 1263 378 1274 .
415 1233 479 1274 Ex
503 1230 583 1275 hoc
607 1231 722 1275 enirn
752 1230 880 1274 studio
905 1231 944 1274 ei
969 1230 1087 1275 facile
1114 1230 1163 1273 ad
1193 1230 1251 1273 su·

204 1287 342 1330 bottas
364 1289 631 1344 quaestiones,
659 1289 702 1331 δι
726 1287 966 1344 quotidiana
993 1288 1159 1344 negotia
1187 1304 1246 1331 ra-

206 1345 339 1388 tiones
361 1377 378 1398 ,
405 1346 447 1388 ἃ
475 1346 760 1397 ευξῖωτίῑειτες,
794 1345 1065 1402 exemplaque
1092 1346 1249 1390 abunde

206 1403 453 1446 offerentur.
488 1404 644 1458 Quibus
675 1404 741 1447 ubi
768 1403 1032 1456 destituatur,
1064 1420 1250 1458 commo-

206 1460 302 1503 dam
326 1477 449 1515 opem
477 1462 609 1516 poscet
634 1479 659 1504 a
685 1462 942 1514 traslatibuffl
965 1461 1136 1517 confiliis
1152 1495 1164 1516 ,
1184 1463 1250 1505 de-

206 1518 416 1570 cisionibus
448 1551 461 1573 ‚
493 1520 792 1573 resolutionibus
830 1551 842 1573 ,
891 1520 934 1562 ὅ(
963 1519 1161 1564 similibus
1189 1520 1249 1564 fo-

208 1576 386 1619 rensium
409 1577 735 1632 disquisitionum
766 1576 922 1621 acervis
952 1593 962 1619 τ
1012 1579 1162 1634 quibus.
1195 1578 1250 1622 le-

208 1648 307 1687 gum
342 1635 533 1679 ssudiolus
564 1636 745 1679 maxime
770 1634 1000 1689 juvabitur,
1033 1636 1059 1680 fi
1080 1652 1148 1681 eos
1167 1653 1270 1681 nont

209 1707 283 1747 pro
309 1693 505 1747 magistris
526 1726 542 1747 ,
574 1693 633 1737 sed
660 1710 734 1750 pro
762 1694 1143 1738 nomenclatoribus
1166 1727 1177 1748 ‚
1209 1696 1270 1739 &⁵

207 1749 416 1794 indicibus
448 1753 661 1795 memorie
693 1751 946 1795 adminiculo
981 1752 1210 1796 adhibuerit
1239 1770 1253 1795 τ

207 1808 582 1866 recentioribulque
612 1821 748 1853 utatur
775 1821 939 1853 tantum
963 1842 976 1864 ‚
1019 1824 1064 1855 ut
1089 1810 1257 1854 famulis

207 1877 397 1909 veterum
432 1867 705 1922 interpretum-
740 1900 757 1919 ,
803 1884 1026 1924 eorumque
1057 1869 1253 1925 praeconi-

207 1922 280 1965 bus
305 1955 313 1965 .
351 1925 389 1965 Is
415 1925 533 1967 enirn
561 1941 583 1969 e
610 1926 830 1969 forensibus
858 1925 1254 1970 consarcinatoribus

599 53 725 104 DE
791 48 1081 104 ORTU
1144 51 1292 107 ET
1358 47 1971 104 PROGRESSU

1334 183 1375 236 J,
1412 181 1927 227 VINCENTIUT
1958 184 2327 234 GRAVINA

1481 299 1793 345 Rapum-:Li
1866 302 2186 349 Fasazrro

1796 418 1841 462 S.

1305 529 1397 634 C
1417 533 1491 577 Um
1520 533 1623 587 iuris
1653 533 1796 578 civilis.
1820 536 2015 592 origines,
2046 554 2148 594 quas
2164 539 2248 591 iam
2264 540 2355 593 pri-

1432 592 1521 634 dem
1547 593 1660 636 nobis
1683 594 1938 648 explicandas
1960 592 2030 649 effe
2050 596 2254 652 susceptas
2273 613 2351 639 non

1300 647 1482 704 ignoras,
1515 667 1617 694 nunc
1636 661 1754 706 prope
1777 651 2067 704 absolverimus
2094 669 2112 704 ;
2146 652 2258 707 nefas
2281 655 2348 696 vi-

1294 704 1387 759 sum
1418 705 1471 762 est
1494 708 1542 751 de
1565 710 1645 766 lege
1668 709 1774 765 regia
1797 707 1963 763 definire
1990 711 2214 765 quidquam
2230 742 2243 764 ‚
2273 727 2349 753 an-

1299 775 1459 819 tequam
1491 778 1526 809 te
1556 761 1838 821 consuleremus
1867 767 2056 810 Romanae
2085 768 2352 823 antiquitatis

1299 823 1495 866 oraculum
1520 841 1534 864 .·.
1585 825 1837 880 quamobrem
1860 825 1901 867 in
1924 826 2019 868 aedes
2042 842 2104 868 me
2127 825 2347 881 Carpinia-

1299 896 1371 923 nas
1396 884 1635 926 contuleram
1654 914 1665 936 ,
1698 895 1741 925 ut
1765 895 1801 925 te
1820 884 2064 926 convenirem
2084 916 2094 926 .
2127 883 2223 927 Non
2241 885 2349 927 enim

1300 938 1377 980 tibi
1399 939 1499 982 latet
1530 973 1542 996 ,
1593 958 1715 997 quam
1748 941 1870 984 variae
1884 939 1968 994 sint
1994 943 2233 986 eruditorum
2250 941 2349 996 sen·

1299 997 1429 1039 tentiae
1457 998 1506 1040 de
1523 997 1747 1054 fragmento
1772 998 1839 1040 illo
1862 1000 2092 1055 Capitolino
2126 1017 2140 1041 :
2189 1015 2345 1058 germa-

1299 1070 1392 1097 num
1418 1071 1463 1097 ne
1478 1054 1535 1109 fit
1568 1088 1581 1110 ,
1629 1074 1681 1099 an
1705 1058 1841 1112 potius
1862 1057 2070 1112 confiHum
2095 1089 2107 1110 ‚
2154 1058 2261 1112 quod
2292 1058 2346 1100 ab

1297 1113 1432 1168 aliquo
1467 1146 1479 1167 ,
1530 1130 1597 1157 nec
1624 1114 1782 1171 prorsus
1811 1125 1954 1158 temere
1991 1147 2003 1169 ,
2054 1116 2304 1158 contenditur
2334 1147 2345 1158 .

1298 1171 1413 1223 ,Quid
1447 1183 1488 1215 tu
1513 1189 1558 1215 ea
1580 1173 1627 1216 de
1650 1189 1688 1216 re
1713 1173 1867 1226 censeas
1891 1174 2106 1232 cognoscere
2123 1174 2346 1229 plurimum

1298 1228 1453 1284 interest
1479 1229 1606 1285 nostra
1626 1264 1638 1274 .
1668 1234 1774 1275 Cum
1799 1243 1834 1273 te
1848 1249 2019 1290 namque
2039 1249 2114 1276 uno
2135 1231 2237 1275 mihi
2261 1242 2347 1274 tuto

1299 1287 1466 1330 videbor
1487 1290 1643 1344 opinari
1662 1321 1677 1343 ,
1708 1290 1857 1332 homine
1875 1292 1967 1345 pari
1992 1292 2211 1334 eruditione
2237 1321 2249 1343 ,
2280 1301 2349 1331 at-

1299 1362 1378 1400 que
1398 1346 1548 1388 virtute
1572 1362 1592 1398 ‚·
1626 1347 1699 1403 qui
1715 1345 1839 1400 facile
1861 1349 2053 1403 patieris,
2083 1361 2126 1391 ut
2151 1365 2219 1390 nos
2235 1347 2344 1403 peri-

1299 1405 1382 1445 culo
1399 1402 1623 1457 scribamus
1645 1417 1710 1447 tuo
1734 1421 1752 1445 :
1784 1406 1929 1461 quippe
1958 1406 2032 1462 qui
2061 1423 2138 1448 non
2150 1404 2210 1458 sis
2234 1405 2342 1447 veri-

1300 1473 1363 1504 tus
1398 1462 1443 1503 in
1474 1479 1579 1505 nova
1622 1462 1678 1506 ΕΤ
1712 1463 1882 1518 eleganti
1927 1476 1995 1506 tua
2043 1463 2342 1518 inscriptionum

1299 1520 1514 1563 collefiione
1555 1520 1811 1563 oblatratores
1847 1520 1989 1576 nostros
2016 1521 2196 1576 praeclaro
2222 1551 2235 1573 ‚
2285 1518 2342 1562 (θ’

1297 1576 1527 1634 graviffimo
1561 1578 1612 1620 de
1646 1595 1705 1621 me
1739 1577 1956 1633 testimonio
1985 1581 2087 1622 ultro
2116 1575 2290 1633 laceffere
2322 1592 2346 1628 ;

1299 1635 1413 1691 quast
1447 1649 1486 1678 te
1517 1636 1667 1691 pudeat
1703 1637 1837 1680 virum
1873 1637 2004 1693 prisca
2023 1636 2220 1693 probitate
2242 1667 2256 1689 ,
2299 1635 2348 1677 in

1301 1695 1482 1736 bonorum
1512 1694 1669 1748 censum
1689 1695 1741 1737 ab
1765 1695 1848 1737 illis
1877 1694 2154 1738 maledicentia
2169 1693 2248 1746 sua
2266 1710 2347 1736 non

1300 1750 1370 1807 effe
1393 1752 1631 1807 descriptum
1652 1785 1661 1795 .
1694 1752 1782 1795 Nos
1805 1769 1896 1795 vero
1920 1756 1938 1806 (
1963 1754 2058 1796 vide
2077 1768 2195 1809 quem
2216 1752 2343 1795 homi-

1284 1825 1386 1852 ·nem
1417 1809 1599 1864 beneficio
1622 1823 1685 1854 tuo
1710 1813 1947 1854 demerueris
1977 1817 1986 1854 !
2018 1815 2036 1861 )
2058 1810 2249 1866 quamvis
2273 1810 2340 1852 illi

1301 1869 1459 1911 noxiam
1484 1869 1562 1910 tibi
1582 1868 1804 1924 remiserint
1823 1885 1843 1920 ,·
1874 1869 1945 1912 ubi
1971 1869 2095 1912 nodus
2107 1880 2239 1910 tamen
2257 1867 2341 1910 ali·

1299 1927 1393 1982 quis
1415 1926 1488 1968 erit
1515 1926 1556 1969 in
1579 1928 1652 1970 hac
1675 1928 1760 1983 lege
1773 1927 1990 1981 solvendus
2019 1958 2033 1980 ,
2074 1923 2247 1980 molestia
2271 1942 2341 1968 no-

206 1979 251 2022 in
285 1981 359 2023 hac
395 1983 611 2027 nundinali
643 1984 965 2038 Jurispxudentia
996 1985 1150 2038 praestat
1188 2001 1251 2029 ce·
1290 1983 1378 2039 stra
1413 1999 1541 2027 eorum
1566 1986 1696 2028 vicem
1718 1998 1754 2027 te
1778 1985 2035 2042 ulciscemur3
2064 1982 2120 2026 (Τ
2143 1983 2338 2039 rogando,

206 2038 343 2092 teris,
372 2042 441 2094 qui
468 2040 557 2096 plus
578 2041 760 2085 attulerit
786 2041 946 2086 alieni:
977 2043 1253 2088 Consulendi-
1298 2054 1417 2097 atque
1438 2042 1667 2096 consulendo
1692 2044 1917 2086 curabimus
1951 2075 1964 2097 ‚
2013 2059 2063 2085 ne
2090 2058 2158 2084 nos
2181 2042 2345 2097 impune

204 2112 282 2158 que
312 2096 399 2139 sunt
434 2099 711 2153 recentiores,
739 2115 824 2142 non
850 2098 1115 2157 adjudicium
1134 2134 1146 2155 ‚
1181 2118 1251 2145 cu-

207 2170 270 2204 jus
292 2154 452 2208 ipsimet
478 2172 727 2213 magnopere
751 2157 944 2214 indigent
974 2173 991 2211 ς,
1033 2159 1093 2202 sed
1118 2159 1165 2202 ad
1194 2160 1238 2202 la-

206 2211 356 2255 borum
388 2212 609 2257 levamen:
644 2228 688 2258 ut
712 2215 862 2258 scilicet
889 2230 960 2270 per
983 2215 1205 2260 flexuosam
1238 2250 1250 2271 ,

207 2268 252 2311 ὃς
278 2269 518 2314 salebrosam
543 2272 651 2315 hanc
677 2272 789 2316 viam
809 2305 820 2327 ,
858 2288 1065 2317 novorum
1089 2275 1211 2318 due’tu
1238 2308 1250 2329 ,

188 2325 382 2370 'celerius
418 2328 717 2385 consequamur
745 2330 940 2387 antiquos
974 2363 987 2374 .
1034 2334 1098 2375 Eo
1134 2332 1248 2376 enim

211 2398 323 2445 nunc
358 2387 521 2429 excessit
547 2389 590 2431 in
615 2386 700 2439 jure
724 2388 837 2432 civili
864 2388 978 2444 copia
1002 2421 1013 2442 ‚
1045 2389 1248 2448 molesque

210 2442 457 2497 scriptorum
482 2475 496 2496 ‚
526 2456 571 2488 ut
599 2445 637 2488 is·
657 2444 730 2489 esse
757 2446 927 2501 coeperit
955 2446 1097 2491 utilior
1125 2481 1139 2502 ,
1180 2449 1248 2505 qui

208 2500 340 2555 magis
353 2500 512 2556 legendi
527 2505 803 2546 necessitatem
817 2505 1089 2549 imminuerit.
1112 2509 1247 2560 Quam

186 2561 261 2598 'ob
286 2559 443 2601 causam
468 2559 512 2602 ὅ(
537 2576 614 2604 nos.
636 2562 858 2615 primordia·
883 2561 980 2613 juris
1004 2565 1163 2621 antiqui
1188 2564 1243 2608 di—

209 2613 367 2679 straC'ta·
385 2616 429 2658 in
465 2629 525 2659 tot
574 2618 828 2663 selefflorum
871 2619 1247 2672 jurisconsultorum

208 2681 426 2715 volumina
457 2706 473 2727 ,
511 2691 686 2730 quorum
724 2676 806 2727 jam
847 2693 1067 2722 numerum
1094 2680 1247 2724 studiosi

209 2727 480 2792 ¹reformidant
502 2763 514 2784 ‚
545 2733 672 2775 tribus
694 2735 979 2779 contraximus
999 2737 1147 2780 libellis
1162 2771 1173 2792 ,
1206 2739 1246 2781 ὃ(

208 2802 253 2829 m
295 2786 525 2831 faciliorem
564 2790 801 2844 digessimus
834 2793 1023 2838 ordinem
1060 2811 1069 2835 τ
1118 2809 1160 2838 ut
1201 2801 1244 2839 ad

208 2845 406 2899 temporis
430 2848 748 2901 compendium,
780 2849 1005 2893 ubertatem
1022 2852 1144 2896 etiam
1162 2887 1173 2908 ,
1206 2855 1239 2896 ἃ
1281 2854 1285 2860 ’

209 2901 434 2946 utilitatem
464 2904 701 2960 longiorum
727 2922 896 2960 operum
924 2908 1233 2964 adjungeremus

209 2960 390 3012 Superest
412 2993 426 3015 ‚
458 2973 530 3011 ιιι,
559 2963 664 3017 quod
693 2964 950 3016 promisimus
983 2998 994 3019 ,
1030 2970 1245 3024 Raphaeliss
1282 3012 1284 3014 ,

209 3018 416 3072 Fabretri,
453 3019 494 3063 ἂ
521 3021 716 3064 Francisci
744 3022 964 3069 Blanchini
988 3025 1034 3070 de
1056 3025 1142 3084 lege
1166 3030 1239 3071 Re-

207 3074 276 3131 gia
294 3074 496 3129 judicium
520 3078 593 3125 hic
621 3078 893 3127 adscribamus
917 3114 931 3125 0.

1299 2099 1524 2153 defenderis
1550 2133 1559 2144 .
1590 2102 1731 2144 Amici
1754 2103 1818 2143 tui
1837 2101 2054 2157 periculum
2080 2101 2122 2142 in
2147 2100 2263 2151 hujus
2284 2100 2343 2141 le-

1296 2159 1360 2214 gis
1382 2158 1531 2211 judicio
1558 2161 1679 2202 vides
1703 2191 1715 2211 ‚
1765 2160 1937 2202 minuere
1964 2158 2129 2202 videbor
2153 2154 2341 2211 majesta-

1300 2228 1380 2257 tem
1402 2247 1414 2268 ‚
1439 2214 1480 2268 si
1502 2229 1639 2259 temere
1657 2216 1927 2272 fragmentum
1948 2218 2106 2269 reiecero
2132 2231 2155 2266 ;
2193 2229 2340 2269 arguar

1299 2289 1389 2316 vero
1426 2275 1506 2329 lege
1531 2275 1718 2318 Cornelia
1743 2275 1790 2316 de
1805 2273 1956 2327 falsis,
1989 2272 2029 2326 fi
2044 2271 2198 2326 salsam
2221 2271 2339 2313 tabu-

1298 2332 1381 2373 lam
1402 2329 1591 2386 afferuero
1615 2363 1625 2374 .
1655 2334 1801 2374 Omnes
1821 2332 1945 2387 igitur
1966 2342 2050 2386 opes
2073 2345 2160 2372 mcae
2176 2328 2275 2383 sunt
2293 2329 2342 2371 in

1299 2390 1516 2434 eruditione
1554 2402 1673 2445 atque
1698 2388 1943 2431 humanitate
1970 2401 2043 2430 tua
2071 2420 2088 2441 7
2129 2404 2233 2443 quas
2256 2418 2269 2440 ‚
2298 2385 2339 2441 fi

1301 2465 1475 2502 unquam
1503 2448 1607 2490 alias
1645 2478 1657 2497 ,
1707 2447 1748 2489 in
1792 2447 1858 2489 hoc
1898 2447 2069 2489 maxime
2109 2445 2339 2499 discrimine

1299 2506 1399 2548 mihi
1427 2507 1553 2550 velint
1573 2504 1784 2558 adfuturas
1814 2537 1824 2546 .
1867 2504 1984 2559 Nosti
2013 2505 2121 2546 enim
2152 2535 2164 2556 ,
2214 2519 2341 2558 quam

1304 2564 1446 2619 vigiles
1478 2598 1490 2617 ‚
1541 2562 1601 2606 (θ’
1620 2563 1815 2620 gratuitos
1838 2563 2002 2605 habeam
2033 2563 2222 2605 delatores
2249 2590 2260 2611 ,
2299 2557 2343 2611 fi

1301 2622 1399 2677 quid
1427 2621 1621 2678 offendero
1659 2637 1679 2673 ,·
1729 2636 1814 2664 cum
1849 2621 1976 2663 adhuc
2001 2632 2084 2662 tam
2105 2619 2209 2660 male
2230 2632 2339 2659 meus

1301 2679 1400 2722 mihi
1431 2681 1574 2723 candor
1603 2677 1752 2733 cefferit
1772 2710 1784 2731 ,
1827 2677 1883 2721 (9⁹
1907 2677 2129 2721 innocentia
2153 2706 2163 2718 .
2194 2675 2289 2719 Vale
2321 2703 2340 2718 a

1303 2739 1365 2780 Ex
1389 2738 1536 2784 aedibus
1558 2736 1823 2793 Cui-pinianis
1842 2767 1855 2778 .

1585 2912 1688 2955 ΧΠ.
1701 2910 1809 2954 Kal.
1823 2907 1961 2967 April.
1972 2909 2281 2964 MDCXCIX

2240 3138 2346 3183 RA-
