2596 3479
663 77 811 133 ET
890 73 1044 128 XII.
1123 27 2042 131 TABULARUMJ

267 153 333 203 illi
365 150 535 211 triginta
578 153 663 211 post
695 148 936 197 sententia-m
963 181 976 203 ,
1020 147 1166 205 quibus
1208 147 1308 200 judi-

265 214 377 258 cium
399 212 662 276 quiescebat,
691 210 780 262 justi
800 206 1059 263 appellantur
1079 238 1089 249 .
1121 209 1217 251 Hoc
1240 223 1309 250 au·

2305 77 2409 146 183

1485 151 1656 195 Racemi
1685 152 1761 195 duo
1786 181 1799 204 ‚
1833 149 1965 205 tegula
1990 146 2068 202 sub
2097 163 2178 193 una

1476 209 1548 252 Ad
1577 211 1783 251 Summam
1796 218 1917 264 prope
1946 206 2127 250 nutriunt
2150 205 2375 262 senefiam.

262 281 348 314 tem
369 282 531 324 tempus
552 270 672 314 initio
692 267 942 309 menstruum
959 296 971 318 ‚
995 264 1174 322 sequenti
1205 277 1306 308 tern-
1361 266 1417 310 Et
1448 266 1641 310 Titinius
1661 282 1671 309 :

261 343 360 384 pore
389 328 641 382 protraStum
669 323 748 367 fuit
771 323 819 366 ad
847 322 1032 365 bimestre
1054 354 1068 377 ,
1099 324 1163 375 (a)
1189 335 1308 383 atque

260 385 431 429 demum
476 402 497 429 a
532 383 760 437 Justiniano
805 381 853 423 ad
885 393 1060 435 quatuor
1107 383 1262 424 menses
1295 397 1305 422 ε

257 454 527 499 praeterquam
551 457 592 483 in
616 438 887 495 possessoribus
907 453 1042 481 rerum
1063 436 1308 491 alienarum,

257 515 432 555 quarum
464 497 777 541 auferendarum
811 496 938 539 etiam
971 511 1097 555 manu
1131 496 1307 538 militari

257 553 319 608 jus
351 557 500 598 habent
535 555 696 598 domini
728 553 862 597 statim
908 554 990 608 post
1025 554 1268 596 sententiam
1295 583 1305 594 .

1138 610 1210 653 nisi
1237 610 1302 662 ju-

253 669 438 713 dicatum
472 670 620 714 faceret
653 684 742 712 reus
766 700 777 721 ‚
810 682 880 711 aut
900 668 1108 711 vindicem
1142 667 1307 710 inveni-

252 740 348 779 ret,
379 728 446 783 qui
483 729 603 772 fidem
647 727 730 778 ejus
762 727 960 780 praeslaret
991 756 1004 778 ,
1035 725 1302 787 adprobante—

256 799 335 841 que
368 786 566 829 creditore
597 786 785 829 debitum
820 800 861 826 in
895 784 930 826 se
965 782 1174 844 susciperet
1201 798 1213 835 3
1243 797 1304 834 Jus

250 853 339 886 erat
369 842 558 886 creditori
584 874 598 896 ,
642 857 788 885 manus
820 841 863 883 in
899 841 1127 884 debitorem
1160 840 1300 891 injice-

253 913 297 941 re
324 930 337 951 ,
383 912 425 941 ut
458 916 553 943 eum
586 900 631 942 ad
674 905 891 942 Praetorem
927 909 1083 954 raperet
1105 929 1118 947 .,
1150 912 1195 939 ac
1228 913 1300 951 pro

253 614 354 664 (b)
377 613 509 668 Lapfis
538 628 675 656 autem
709 611 880 665 triginta
911 610 1050 653 diebus
1079 642 1091 661 ‚

250 954 367 999 servo
400 956 467 999 fibi
503 957 771 1000 addicendum
806 968 995 999 curaret:
1030 955 1140 1010 isque
1173 955 1278 997 credi

252 1012 333 1055 tori
367 1013 492 1056 debiti
527 1015 657 1070 gratia
693 1015 743 1057 sic
776 1013 956 1056 addrerus
977 1045 989 1067 ‚
1020 1010 1297 1066 appellabatur

252 1084 385 1113 nexus
419 1072 460 1113 ὃς
508 1085 710 1113 ouaeratus
737 1103 747 1120 ,
795 1085 958 1125 propter
1008 1069 1255 1112 servitutem
1285 1101 1296 1122 ,

249 1128 334 1178 (³⁶)
366 1145 487 1183 quam
521 1145 570 1171 ex
602 1145 676 1172 oere
697 1129 833 1171 alieno
869 1128 1046 1171 subibat.
1080 1129 1214 1182 Quem
1235 1141 1295 1169 et-

248 1183 331 1227 iam
383 1186 560 1227 Romani
599 1202 756 1228 morem
808 1186 1031 1228 sumserunt
1071 1185 1121 1225 ab
1164 1183 1294 1226 Athe-

245 1242 451 1284 niensibus
476 1275 487 1293 ‚
520 1242 587 1285 etsi
619 1242 702 1294 jam
737 1243 819 1296 post
854 1242 1014 1285 Solonis
1058 1238 1191 1295 legem
1224 1257 1294 1283 ex-

245 1299 426 1341 tinelum
449 1329 459 1340 .
497 1302 658 1342 Licebat
690 1300 804 1342 enim
840 1298 1021 1341 Athenis
1045 1310 1140 1340 ante
1177 1299 1285 1339 Solo-

240 1369 335 1397 nent
371 1357 637 1399 creditoribus
668 1355 835 1406 injicere
879 1371 1025 1398 manus
1058 1355 1102 1396 in
1134 1354 1288 1397 debito-

241 1426 337 1465 res,
380 1414 447 1468 qui
481 1414 660 1456 abduf’tis
693 1428 918 1468 eorumque
951 1412 1186 1467 corporibus
1216 1426 1288 1467 op-

241 1470 465 1525 pigneratis
516 1487 587 1525 pro
620 1470 740 1514 servis
784 1483 1029 1523 uterentur,
1063 1470 1171 1524 iique
1214 1468 1283 1512 ho-

243 1529 380 1570 mines
399 1527 666 1571 creditoribus
684 1528 856 1571 obnoxii
888 1528 1063 1579 ἀγώγιμοι
1086 1526 1288 1569 vocaban-

384 1586 462 1636 (c)
496 1586 563 1628 Ne
600 1601 695 1628 vero
744 1585 795 1628 sic
827 1585 973 1627 addreb
1007 1582 1287 1640 aufugerent,

245 1641 429 1685 dominis
483 1642 598 1685 li‹uit
650 1657 717 1686 eos
763 1658 889 1685 nervo
931 1641 973 1683 &
1023 1640 1287 1696 compedibus

1198 1712 1281 1740 tan-

245 1595 312 1627 tur
341 1616 349 1627 .

242 1699 400 1742 vincire
454 1701 615 1756 propria
660 1701 702 1743 in
735 1700 859 1743 domo
901 1698 1111 1742 creditoris
1142 1730 1153 1745 ,

244 1771 370 1811 quam
392 1757 435 1799 in
458 1773 615 1801 carcere
638 1759 800 1812 privato
824 1789 837 1810 ,
870 1768 1012 1799 catena
1034 1754 1179 1806 injAEta
1201 1771 1281 1797 non

241 1813 398 1864 majore
430 1815 665 1871 quindecim
717 1815 885 1869 pondo.
924 1814 1014 1864 (d)
1060 1814 1182 1856 Porro
1227 1812 1282 1854 ita

245 1871 432 1914 vinffium
462 1904 474 1924 ‚
506 1886 574 1915 aut
607 1887 656 1915 ex
688 1871 772 1923 ejus
815 1870 1043 1932 substantiis
1080 1902 1092 1923 ,
1134 1870 1159 1913 fi
1193 1873 1282 1925 qui-

242 1927 338 1971 dem
385 1928 508 1972 vellet
557 1928 601 1973 &
645 1930 767 1984 posset
794 1960 807 1981 ‚
851 1928 987 1971 vivere
1033 1929 1283 1982 oportebat3

238 1997 311 2027 aut
365 2001 414 2028 ex
459 1986 579 2040 ipsius
620 1987 830 2029 creditoris
867 1985 984 2027 bonis
1026 2000 1166 2037 capere
1226 1985 1261 2027 ci

244 2041 342 2084 bum
390 2041 434 2085 ἂ
467 2043 655 2086 vestitum
685 2074 697 2095 ‚
739 2043 808 2099 qui
846 2042 975 2084 vifius
1007 2057 1176 2084 nomine
1212 2057 1275 2084 ve-

239 2099 364 2142 niunt
386 2131 396 2141 .
427 2103 443 2149 (
470 2102 525 2150 e)
563 2100 730 2143 Vif’tum
762 2115 860 2143 vero
904 2100 1141 2142 Decemviri
1185 2099 1277 2142 defi—

239 2156 408 2200 nierunt
439 2158 564 2200 libras
587 2157 717 2211 farris
746 2158 789 2200 in
819 2157 935 2209 dies,
970 2156 1047 2200 sive
1075 2188 1087 2209 ,
1130 2168 1173 2198 ut
1218 2158 1275 2199 in>

237 2224 516 2268 terpretantur
556 2215 705 2258 eruditi
734 2246 745 2268 ,
780 2215 928 2257 libram
963 2213 1079 2257 farris
1122 2213 1164 2257 in
1201 2214 1276 2257 {in-

235 2270 354 2327 gulos
384 2271 468 2315 dies
492 2304 502 2314 .
535 2274 635 2315 Haec
666 2284 805 2315 autern
849 2271 970 2314 verba
1002 2273 1107 2315 XII.
1151 2271 1276 2314 tabul.

234 2342 285 2371 ex
325 2328 467 2372 Gellio
509 2330 725 2379 delumta,
768 2328 935 2373 fuerunt
972 2328 1144 2383 suspefta
1186 2345 1271 2378 eru-

233 2385 416 2430 ditorum
451 2387 734 2441 compluribus
758 2419 789 2450 ‚·
815 2398 904 2429 turn
938 2398 1103 2441 propter
1135 2387 1269 2430 obscu-

233 2441 401 2485 ritatem
430 2460 442 2496 3
487 2457 574 2486 tum
609 2446 706 2500 quia
744 2445 876 2487 nimis
919 2443 1027 2496 large
1061 2459 1132 2498 pro
1166 2456 1275 2487 vete-

234 2499 271 2542 ri
306 2500 505 2554 parcitate
535 2532 546 2551 ‚
579 2517 625 2544 ac
657 2502 804 2545 duritie
836 2501 949 2544 cibus
989 2499 1149 2542 videtur
1178 2501 1272 2544 defi-

689 2575 783 2603 cum
821 2558 958 2600 selibra
991 2557 1119 2600 vietus
1150 2557 1273 2601 fuerit

226 2612 448 2658 hominem
497 2615 605 2671 frugi
649 2616 909 2671 quotidianus
940 2647 953 2669 ‚
994 2615 1138 2669 quibus
1168 2615 1273 2668 obaz-

230 2556 313 2599 niri
349 2557 452 2599 libra
483 2556 636 2600 farris:

232 2674 315 2715 rati
347 2673 391 2715 8<
438 2672 538 2716 servi
584 2688 668 2714 non
701 2673 925 2716 debuislent
959 2672 1121 2715 tratfhiri
1156 2674 1269 2715 beni-

225 2744 346 2786 gnius
376 2762 385 2772 .

342 2788 474 2841 Qem
509 2800 588 2832 tres
617 2789 837 2843 cauliculi,
860 2788 1011 2843 selibra
1036 2785 1166 2843 fieri-is

545 2923 683 2936 -—-,
791 2925 896 2934 ——-

270 2953 329 2991 (a)
355 2958 388 2986 1..
408 2967 426 2986 2
467 2958 502 2988 m
514 2959 615 2999 princ.
634 2961 669 2991 c.
687 2960 721 2990 ιιι
738 2960 822 2997 usur.
842 2970 899 2991 rev.
913 2958 1016 2999 judic.
1033 2960 1069 2989 L.
1084 2959 1208 3001 penate.
1224 2958 1264 2990 o·

220 2999 284 3031 ult.
306 2999 332 3040 §.
359 3001 420 3047 ⁹¹¹.-
439 3003 464 3031 C
491 3004 545 3034 eod
578 3003 604 3033 L
632 3014 662 3034 2.
687 3008 722 3037 C.
742 3003 868 3037 Theod.
886 3006 950 3036 eod.

268 3042 327 3082 (b)
354 3047 461 3080 cuiae-
483 3047 516 3076 e'n
535 3049 571 3078 C.
585 3048 623 3080 de
645 3050 824 3089 exceptione
848 3052 893 3081 vei
906 3049 1009 3089 judic.

267 3088 325 3130 β)
355 3091 405 3139 {ta
432 3097 542 3122 tamen
558 3112 569 3128 ,
595 3101 630 3125 ut
657 3092 809 3135 deinceps
834 3094 980 3130 dimissus
1004 3095 1148 3141 pristinae
1172 3094 1262 3130 resti-

219 3138 367 3170 tueretur
397 3134 620 3180 ingenuitati.
645 3138 759 3176 fibinis
772 3141 851 3174 Vn.
867 3149 899 3181 ³·

1326 2386 1468 2429 mitius
1508 2402 1555 2430 ea
1600 2402 1721 2442 poena
1754 2421 1766 2443 ‚

1323 2443 1476 2505 quendi
1531 2444 1748 2489 confilium
1792 2447 1926 2491 aufert
1963 2465 1975 2501 3
2021 2463 2065 2496 ut
2106 2452 2225 2506 hujus
2267 2455 2370 2514 legis

1322 2514 1461 2543 exitus

429 2729 641 2774 Bicaculus
672 2729 751 2784 (s)
783 2731 828 2774 de
863 2730 1034 2773 Valerio
1066 2731 1230 2775 Catone
1259 2763 1270 2774 .

1313 2923 1553 2936 ——--,
1559 2925 1660 2936 —-—

1317 3138 1546 3185 &aff-*dess-
1564 3141 1607 3175 s.

1473 349 1493 357 -
1550 350 1568 357 -
1627 349 1647 358 -
1705 349 1724 358 -
1783 322 1929 367 libram
1957 317 2093 376 aiebat
2118 319 2227 375 satis·

1473 378 1566 436 Effe
1594 380 1783 426 ambobus
1806 379 1937 436 farris
1963 379 2125 435 intriti,
2152 379 2246 436 plus
2262 377 2396 437 comest

1524 438 1613 492 sbla
1672 477 1676 480 .
1975 438 1977 441 ”

1473 495 1576 538 Uxor

1354 551 1429 594 Me
1473 564 1615 595 tamen
1668 553 1819 598 eaedem
1872 553 2134 600 auStoritates
2186 553 2229 600 in
2263 553 2394 601 veteri

1354 607 1528 653 leffione
1571 609 1789 654 retinent.
1831 612 2041 669 Siquidem
2076 614 2138 657 his
2169 613 2299 658 vi&us
2332 626 2397 657 te-

1354 666 1488 725 nuitas
1519 682 1588 722 per
1609 666 1798 712 selibram
1832 668 1948 713 farris
1982 669 2256 727 significatur.
2290 671 2394 725 Quis

1351 736 1489 767 autem
1522 725 1657 768 credar
1681 756 1694 778 ‚
1727 737 1894 770 tenuem
1942 726 2054 771 fuisse
2086 729 2242 772 vifium
2285 728 2395 772 obae-

1353 794 1534 825 ratorum
1569 814 1581 834 ,
1624 784 1768 838 quibus
1821 784 1872 828 ad
1924 784 2087 830 serviles
2128 802 2270 841 operas
2315 787 2391 830 du-

1352 855 1522 895 rumque
1567 832 1747 885 laborem
1799 857 1966 897 corpore
2009 859 2111 900 opus
2140 856 2227 887 erat
2268 844 2392 888 firmo
2432 879 2434 881 »

1348 896 1391 939 ὃ(
1424 896 1577 940 viribus
1608 897 1815 954 integris?
1850 912 1893 943 ut
1927 915 2010 944 non
2042 902 2198 944 mirum
2228 933 2241 955 ‚
2273 901 2300 945 fi
2332 901 2392 946 eis

1350 955 1508 1009 integra
1558 954 1660 998 libra
1703 957 1952 1011 praeberetur
1985 990 1996 1002 .
2040 960 2121 1002 His
2152 973 2296 1003 autem
2339 959 2394 1004 fic

1347 1011 1513 1074 addieiis
1555 1013 1695 1055 datum
1749 1013 1803 1056 est
1859 1016 1949 1058 LX.
2004 1015 2163 1060 dierum
2218 1016 2395 1072 spatium

1346 1067 1393 1110 ad
1425 1069 1708 1124 pac1scendum
1741 1086 1837 1114 curn
1873 1072 2070 1117 creditore
2104 1106 2117 1126 ,
2159 1075 2390 1129 impetran-

1346 1126 1524 1187 dumque
1557 1128 1607 1169 ab
1638 1142 1687 1170 eo
1727 1127 1903 1180 majores
1937 1130 2119 1174 inducias
2143 1163 2156 1186 ‚
2187 1144 2258 1175 aut
2289 1143 2393 1177 One-

1347 1198 1398 1244 ris
1431 1182 1620 1226 levamen
1663 1183 1832 1240 aliquod
1857 1217 1868 1230 .
1916 1188 1980 1231 Ac
2012 1187 2039 1230 si
2071 1189 2247 1233 creditor
2293 1189 2390 1234 effet-

1344 1241 1645 1293 inexorabilis,
1680 1242 1763 1295 post
1794 1243 1966 1297 triginta
2007 1244 2091 1289 dies
2133 1245 2277 1290 ducere
2318 1246 2388 1290 de·

1344 1296 1517 1350 bitorem
1561 1309 1717 1352 poterat
1759 1300 1806 1340 ad
1852 1299 2113 1355 Praetorem3
2153 1319 2200 1347 ac
2241 1303 2388 1348 deinde

1344 1368 1413 1407 per
1456 1353 1744 1397 trinundinurn
1770 1387 1783 1409 ‚
1826 1355 1906 1399 five
1948 1358 2075 1401 ternis
2105 1358 2246 1403 diebus
2277 1376 2386 1404 nun·

1339 1409 1542 1453 dinalibus
1565 1443 1579 1465 ,
1611 1413 1756 1467 quibus
1787 1412 1933 1464 majori
1979 1415 2152 1470 populus
2191 1416 2387 1474 frequen-

1341 1468 1395 1510 tia
1446 1469 1714 1522 negociorum
1766 1470 1880 1513 causa
1934 1486 1985 1515 ex
2018 1473 2123 1529 agris
2165 1474 2207 1518 in
2239 1477 2386 1521 urbem

1340 1526 1586 1568 concedebat
1608 1558 1620 1579 ‚
1651 1542 1748 1569 eum
1781 1528 2027 1583 producebat
2059 1531 2102 1574 in
2133 1532 2345 1588 publicum
2369 1564 2385 1588 ‚

1339 1595 1407 1624 aut
1438 1583 1576 1637 palam
1609 1585 1650 1626 in
1687 1583 1777 1627 foro
1810 1586 2150 1639 proclamandum
2183 1592 2385 1646 curabat,

1338 1640 1479 1693 quanti
1524 1640 1618 1683 esset
1663 1640 1883 1685 damnatus
1916 1675 1929 1696 ,
1981 1657 2025 1688 ut
2057 1658 2260 1692 emtorem
2317 1650 2383 1692 in·

1340 1698 1497 1739 veniret
1523 1729 1533 1740 .
1586 1700 1648 1741 lta
1679 1714 1777 1742 vero
1819 1699 1990 1746 initium
2040 1701 2187 1748 harum
2233 1707 2382 1751 nundi-

1339 1770 1484 1796 narum
1531 1754 1685 1799 sumere
1718 1770 1882 1812 oportet
1903 1790 1915 1812 ,
1960 1772 2004 1803 ut
2034 1773 2242 1807 extremus
2273 1780 2382 1808 nun-

1337 1811 1526 1855 dinarum
1571 1813 1654 1855 dies
1685 1813 1839 1856 incidat
1886 1815 1930 1859 in
1968 1818 2260 1875 sexagesimum
2287 1853 2300 1874 ‚
2331 1835 2382 1867 ut

1337 1869 1379 1910 in
1430 1869 1506 1912 hac
1562 1868 1652 1926 lege
1704 1871 1999 1918 sententiarum
2061 1879 2381 1934 repugnantiam

1336 1939 1510 1969 vitemus
1542 1959 1555 1981 ,
1605 1944 1729 1984 quam
1766 1930 1920 1984 primus
1950 1934 1994 1975 ὃς
2032 1937 2192 1979 notavit
2222 1936 2267 1980 ἃ.
2302 1936 2380 1984 hac

1334 1985 1673 2038 interpretatione
1706 1987 1857 2030 sustulit
1891 1990 2176 2037 Hottomanus
2196 2025 2206 2036 .
2238 1993 2279 2039 Si
2308 2011 2379 2040 ve-

1334 2056 1377 2082 ro
1424 2056 1548 2084 nemo
1588 2042 1746 2086 civium
1789 2059 1945 2088 emeret
1981 2078 1994 2099 ‚
2037 2061 2124 2092 turn
2178 2050 2329 2096 licebat
2360 2083 2375 2107 ,

1331 2098 1556 2160 debitorem
1597 2100 1770 2143 vendere
1803 2102 2018 2158 peregrino
2052 2137 2064 2158 ‚
2113 2122 2289 2164 eumque
2321 2111 2376 2154 ob

1330 2155 1370 2197 id
1400 2168 1514 2199 tran-s
1547 2156 1754 2211 Tyberim
1785 2158 1928 2204 ducere
1963 2193 1972 2204 .
2023 2164 2084 2206 At
2126 2164 2152 2207 si
2190 2166 2373 2221 pluribus

1329 2213 1596 2277 creditoribus
1631 2228 1838 2260 teneretur
1866 2248 1879 2270 ‚
1911 2231 2003 2262 tum
2026 2222 2188 2266 crudele
2223 2225 2266 2268 in
2290 2226 2376 2281 spe-

1328 2286 1434 2314 ctem
1467 2271 1707 2336 &templum
1740 2274 1784 2317 in
1821 2290 1917 2319 eum
1948 2289 2037 2321 erat
2068 2282 2339 2327 constitutum
2361 2317 2373 2329 .

1330 2329 1380 2371 In
1410 2330 1585 2392 ‘specoem
1625 2362 1638 2383 ,
1682 2346 1894 2388 inquam:
1943 2350 2040 2379 nam
2091 2353 2231 2383 revera
2263 2341 2372 2386 nihil

1808 2405 1897 2445 quae
1937 2405 2092 2438 terrore
2138 2397 2204 2440 suo
2236 2398 2372 2444 delin-

1509 2500 1848 2546 demonstravit:
1901 2520 2118 2564 nunquam
2160 2512 2275 2556 enim
2320 2531 2368 2560 ea

1323 2557 1745 2621 vigente-quisquam
1790 2560 1834 2603 in
1878 2561 1986 2607 hanc
2017 2581 2183 2622 poenam
2227 2571 2368 2616 incur-

1321 2627 1373 2658 rit
1400 2645 1411 2668 ,
1444 2631 1539 2671 quia
1572 2628 1685 2660 metu
1717 2632 1849 2673 poenae
1880 2635 2006 2665 nemo
2039 2623 2127 2678 plus
2151 2627 2240 2672 aeris
2264 2629 2367 2675 alie-

1320 2674 1363 2715 ni
1402 2672 1672 2716 contrahebat
1693 2706 1705 2728 ‚
1737 2691 1863 2732 quam
1896 2677 1970 2722 suae
1997 2679 2224 2729 substantiae
2261 2686 2367 2732 tole-

1320 2743 1458 2774 rarent
1485 2762 1495 2773 .
1541 2731 1676 2786 Igitur
1708 2731 1799 2790 lege
1828 2736 1935 2778 XII.
1981 2738 2107 2783 tabul.
2146 2745 2365 2798 permitte·

1318 2788 1435 2832 batur
1466 2788 1735 2834 creditoribus
1768 2822 1781 2846 ,
1824 2790 2021 2838 debitoris
2058 2813 2228 2856 corpore
2260 2819 2365 2850 con-

2242 2861 2358 2918 cis03

1360 2957 1419 2996 [c]
1435 2958 1599 2992 Plutarch.
1617 2962 1653 2991 in
1668 2962 1779 2993 solon.
1798 2961 1837 2994 (β’
1849 2963 1938 2996 libel.
1953 2965 1995 2997 de
2009 2968 2070 3000 vie.
2089 2970 2214 3009 usurar-

1355 3003 1414 3043 (d)
1442 3003 1547 3036 Flaut.
1567 3004 1719 3038 Bacchid.
1743 3008 1831 3047 scm-
1844 3009 1959 3041 ultim.
1976 3011 2017 3042 (9·
2035 3014 2182 3048 Menech·
2195 3017 2352 3061 sumptu}

1310 3059 1363 3079 ma
1377 3070 1385 3079 .
1418 3052 1497 3082 Ter.
1515 3050 1642 3082 Phorm„
1674 3050 1735 3083 ael.
1754 3062 1783 3083 2.
1796 3052 1881 3092 scen.
1902 3064 1931 3084 2.
1961 3054 2067 3088 cicer.
2089 3067 2119 3089 2.
2145 3061 2183 3092 de
2195 3073 2278 3096 orat,

1354 3094 1403 3132 (e)
1431 3097 1468 3126 L.
1480 3094 1509 3135 [ἱ
1522 3095 1646 3130 vafrum
1664 3106 1717 3138 34.
1729 3094 1771 3140 ff·
1786 3097 1824 3129 de
1837 3109 1869 3129 re
1887 3096 1986 3136 judic.
2014 3103 2051 3133 L.
2069 3114 2146 3144 qum·
2180 3118 2236 3144 „05
2250 3106 2348 3151 host„

1744 3143 1765 3185 ί
1776 3141 1828 3185 f)
1852 3144 1954 3187 Apud
1964 3146 2117 3183 Nonium
2128 3171 2140 3184 .
