2524 3479
707 112 970 185 ··J:u:3R
1012 109 1116 165 rs
1163 108 1245 163 ⁴c:
1288 107 1314 158 1
1357 105 1409 158 v
1453 105 1480 157 1
1526 105 1640 158 LI
1681 105 1744 158 s.

2225 110 2293 173 2²7

209 193 290 236 tia:
321 189 470 247 quibus
500 184 767 244 expediendis.
788 202 885 230 cum
902 187 1070 230 ¹>Praetor
1097 184 1216 229 urba·
1266 179 1505 235 labantur3
1555 179 1660 236 quod
1705 191 1930 222 commune
1975 177 2053 220 fuit
2094 178 2287 225 omniurn

354 249 360 256 ο
401 248 406 255 ι

208 264 285 293 nus
305 263 480 291 mmime
500 247 722 297 sufficeret,
755 257 912 288 creatus
928 243 1007 288 fuit
1025 259 1136 287 anno
1157 244 1217 285 U.
1268 239 1492 282 Praetorum
1554 235 1874 294 provincialium
1932 250 2086 296 nomen
2122 267 2133 288 ,
2182 240 2290 292 post--

207 307 263 350 C.
285 308 382 351 DX.
416 305 480 349 vel
506 303 680 347 DV111.
705 301 920 358 utSigon.
946 303 987 345 in
1011 299 1217 344 Chronol.
1265 312 1390 357 quam
1433 297 1484 339 ab
1527 312 1639 339 anno
1684 298 1741 338 U.
1773 295 1826 336 C.
1860 293 2027 336 DClV.
2069 294 2158 344 Juffi
2192 295 2283 339 sunt

206 364 371 408 Livian.
406 364 553 406 Praetor
583 358 685 403 alter
709 360 944 417 peregrinus
965 359 1216 415 appellatus,
1266 368 1336 409 per
1365 369 1523 396 annum
1556 353 1600 395 in
1633 353 1730 396 urbe
1762 366 1930 394 manere
1949 383 1961 403 ‚
1992 366 2039 393 ae
2072 363 2183 393 certo
2213 368 2287 406 pu-

208 421 281 477 qui
312 421 373 474 jus
406 419 583 463 redderet
610 417 716 460 inter
735 418 870 471 cives,
902 417 946 460 &
968 419 1210 473 peregrinos.
1268 410 1468 454 blicarum
1511 410 1776 466 quaestionum
1819 408 1959 462 generi
2004 407 2165 472 singuli.
2185 424 2283 471 prae-

206 479 334 523 Unde
374 477 522 533 duplex
551 488 637 520 erat
667 476 711 518 in
742 476 838 519 urbe
870 474 1086 527 jurisdiFtio
1118 489 1218 529 prae-

209 536 314 581 toria
338 567 349 588 ‚
394 535 547 579 urbana
578 533 707 577 altera
745 565 758 588 ,
808 532 936 577 altera
968 533 1180 589 peregrina
1206 562 1218 584 ,

207 609 306 650 quas
330 593 520 636 Praetores
545 591 670 635 creati
694 590 989 635 sortiebantur.
1012 589 1217 642 Maiorem

207 664 349 698 autem
374 650 416 693 δι
444 649 635 705 potestate
659 681 670 703 ‚
714 649 760 693 δε
789 648 988 706 dignitate
1020 648 1218 691 urbanam

208 709 425 765 peregrina
451 707 562 752 fuisse
583 739 595 761 ‚
627 706 771 750 multis
800 723 851 751 ex
874 705 1135 762 antiquitatis
1152 720 1219 747 ve-

207 766 336 823 stigiis
366 766 498 810 elucet
523 796 532 808 .
573 766 659 817 (a)
702 763 827 808 Nihil
873 780 970 808 vero
1013 764 1143 807 statuo
1173 762 1219 805 de

210 824 366 880 triplici
397 823 629 867 discrimine
662 822 769 867 inter
800 822 871 866 has
902 823 953 866 ab
983 823 1219 865 Hotoman-

210 897 269 925 no
319 893 463 925 notato
498 898 506 923 :
553 879 671 924 nobis
710 880 825 924 enim
867 879 1052 924 nondum
1096 878 1222 934 liquet

209 938 322 982 aliud
347 971 358 991 ‚
392 938 463 980 nisi
495 937 600 994 quod
634 937 744 981 inter
776 938 1009 994 peregrinos
1030 936 1221 981 &Cives

210 996 531 1049 iurisdietionem
560 1008 791 1040 exerceret.
821 998 906 1048 (b)
939 998 1151 1039 Incertum
1169 993 1222 1036 est

211 1067 381 1108 autem,
414 1069 466 1096 an
501 1053 604 1097 solus
636 1056 811 1097 urbanus
841 1053 1021 1097 edietum
1055 1053 1099 1095 in
1130 1050 1223 1094 albo

211 1125 502 1168 proponeret3
545 1126 597 1153 an
641 1112 746 1166 apud
787 1126 882 1154 eum
926 1123 1090 1154 tantum
1124 1108 1224 1165 legis

212 1169 321 1213 aelio
353 1168 485 1212 fuisset
511 1184 520 1209 :
566 1184 641 1211 nec
673 1168 792 1213 facile
824 1169 877 1212 est
908 1174 957 1212 ex
989 1183 1072 1211 uno
1098 1198 1111 1221 ,
1153 1177 1223 1209 aut

211 1226 343 1270 altero
375 1225 581 1269 vetustatis
614 1225 730 1278 loco,
766 1241 853 1269 rem
884 1226 982 1268 adeo
1013 1224 1223 1267 obscuram

212 1283 408 1328 evolvere
433 1314 442 1325 .
488 1282 602 1336 Quin
643 1282 771 1326 etiarn
814 1281 842 1324 fi
873 1281 968 1337 quid
1001 1280 1077 1324 hac
1110 1280 1225 1331 super

209 1357 254 1385 re
285 1340 453 1384 definire
485 1339 685 1383 vellemus
708 1371 721 1393 ‚
763 1353 1008 1396 cogeremur
1051 1338 1101 1381 ab
1133 1338 1221 1380 Ho-

212 1410 414 1441 tomanno
458 1397 539 1448 (¹⁵)
570 1396 771 1440 dissentire
798 1413 807 1438 :
852 1395 1046 1452 siquidem
1079 1393 1216 1437 Theo-

206 1454 350 1512 philus
381 1454 426 1497 in
463 1453 793 1497 Institutionibus
824 1453 919 1496 ait:
970 1455 1128 1497 Datum
1175 1449 1225 1507 est

213 1514 280 1566 jus
309 1512 406 1568 legis
431 1508 599 1564 ferendae
625 1514 811 1568 praecipue
842 1511 1006 1555 Praetori
1035 1511 1180 1554 urbano
1214 1542 1226 1562 ,

211 1570 269 1612 (θ’
296 1569 521 1625 peregrino,
554 1567 833 1613 &AEdilibus
851 1569 1076 1622 curulibus,
1107 1569 1227 1624 idque

215 1628 280 1680 ius
310 1627 556 1680 honorarium
587 1628 735 1671 difflum
751 1658 760 1669 .
793 1627 878 1678 (c)

334 1743 377 1786 C
437 1744 477 1785 A
539 1742 570 1785 P
629 1744 674 1785 U
734 1743 778 1785 T
865 1742 1124 1786 XXXVI.

302 1829 370 1873 De
399 1828 641 1872 Praetoribus
670 1828 998 1872 Provincialibus
1028 1859 1040 1883 ‚
1084 1825 1140 1870 (Ὺ

566 1885 846 1941 ῼμαῐβῑονὶὧιίς
860 1918 868 1928 .

332 1971 487 2025 Djeffis
529 1971 709 2028 pluribus
742 1973 925 2029 Imperio
958 1970 1183 2028 provinciis
1216 2002 1228 2024 ‚

355 2031 506 2073 constat
538 2030 639 2073 alios
669 2062 681 2082 ‚
732 2046 934 2074 novorum
966 2030 1227 2085 negotiorum

217 2086 332 2130 causa
353 2117 364 2140 ‚
398 2098 551 2130 creatos
575 2087 687 2130 fuisse
713 2088 928 2130 Praetores.
963 2089 1104 2143 Itaque
1128 2086 1225 2141 post-

216 2159 340 2199 quam
373 2143 421 2186 ad
455 2146 693 2186 Romanum
728 2143 957 2200 Imperium
982 2145 1140 2188 accessit
1169 2144 1227 2186 Si-

217 2201 313 2245 cilia
338 2233 350 2255 ,
382 2200 426 2243 ὃς
457 2200 640 2244 Sardinia
665 2233 677 2255 ‚
728 2201 808 2245 duo
837 2201 965 2246 etiam
998 2203 1186 2245 Praetores
1219 2233 1231 2254 ‚

217 2258 289 2321 qui
332 2273 397 2301 eas
430 2271 619 2314 regerent
644 2289 655 2302 .
705 2258 934 2313 accessere3
978 2259 1231 2314 totidemque

215 2315 379 2367 adieffiis
426 2315 577 2360 duabus
620 2315 916 2373 Hispaniarum
963 2316 1230 2372 provinciis.

217 2374 302 2429 Qui
348 2374 538 2417 Praetores
585 2389 743 2420 annum
777 2374 1008 2430 provincias
1040 2375 1232 2418 tenebant

217 2431 384 2487 quisque
417 2431 500 2476 suas
528 2464 536 2474 .
571 2435 634 2475 Ac
668 2432 694 2475 fi
726 2432 781 2477 eis
815 2432 919 2476 ultra
949 2448 1106 2475 annum
1140 2448 1230 2487 pro-

217 2500 429 2546 rogaretur
473 2489 705 2545 Imperium
739 2523 752 2546 ,
789 2502 1052 2547 propraetores
1095 2488 1232 2545 appel-

219 2621 664 2633 ————-

268 2651 353 2692 (a)
378 2651 524 2693 Appian-
554 2652 591 2683 de
608 2653 692 2685 Bell.
730 2654 808 2686 Civ.
833 2652 892 2686 lib.
910 2663 942 2684 2.
975 2650 1073 2684 Dion.
1103 2649 1160 2684 lib.
1176 2661 1230 2690 42.

268 2695 348 2737 (b)
375 2698 486 2739 Sigon.
517 2697 680 2738 dejudic.
711 2697 768 2730 lib.
793 2709 819 2730 1.
849 2711 873 2731 c.
890 2711 923 2739 7.

215 2758 219 2763 ·
271 2743 358 2783 (ὓ)
384 2741 500 2775 Eidem
540 2746 755 2775 Hotomanno
791 2743 851 2776 alii
890 2750 1040 2776 veterum
1086 2740 1148 2774 loci
1176 2752 1231 2783 op-

226 2797 399 2829 ponuntur
421 2810 432 2826 ‚
475 2787 577 2821 etiam
604 2789 770 2822 noviffime
796 2800 814 2821 a
846 2789 932 2822 Viris
969 2788 1113 2821 Eximiis
1141 2808 1152 2825 ,
1191 2790 1230 2820 E-

227 2832 365 2866 verardo
401 2837 530 2868 Ottone
569 2835 610 2867 ad
636 2834 866 2875 Institutiones
892 2843 966 2879 pag.
1003 2846 1059 2873 42.
1092 2835 1122 2866 8<
1154 2834 1232 2866 Hei-

230 2879 340 2911 neccio
380 2880 422 2913 ad
467 2879 647 2914 Pandeeias
685 2889 761 2925 pag.
780 2893 828 2921 14.
874 2880 935 2916 Sed
962 2892 1100 2925 quorum
1130 2880 1229 2912 inter-

233 2924 376 2963 pretatio
426 2925 460 2960 in
513 2935 685 2970 utramque
736 2929 933 2963 sententiam
978 2926 1062 2960 flesti
1104 2925 1195 2968 poffit
1223 2947 1231 2955 .

236 2967 437 3019 litii-etiam
474 2973 561 3006 Albo
600 2972 751 3006 distiterit
789 2973 942 3007 Edietum
984 2971 1138 3005 Praetoris
1175 2972 1229 3002 Pe-

234 3020 356 3063 Υθὲῒξῐὶξ
393 3018 434 3050 ab
470 3018 587 3051 EdiCto
625 3019 778 3052 Praetoris
817 3014 986 3058 Urbani,
1025 3017 1080 3049 vix
1120 3024 1232 3049 tamen

235 3056 391 3108 tred¹b31e
426 3063 473 3094 est
498 3085 509 3103 ‚
547 3065 726 3098 sententias
768 3065 932 3107 utriusque
983 3063 1088 3105 magis
1123 3062 1230 3093 diver—

230 3101 279 3134 s²⁵
316 3100 432 3144 fuisse,
464 3117 567 3149 quam
605 3111 646 3143 ab
687 3110 801 3143 Edifto
846 3108 999 3144 Praetoris
1023 3107 1153 3142 Urbani
1183 3106 1227 3138 di-

232 3147 361 3179 versum
405 3148 503 3183 suerit
553 3154 706 3188 Edicrum
746 3155 950 3189 Proconsulis
992 3151 1195 3187 Provinciale
1222 3174 1229 3182 .

236 3192 366 3227 Horum
401 3201 512 3229 autem
546 3197 726 3233 similitudo
763 3200 888 3233 summa
924 3199 1013 3233 fuisse
1052 3196 1231 3241 deprehen-

1265 467 1341 511 esse
1370 499 1383 521 ,
1425 479 1647 523 antequam
1681 467 1725 510 in
1753 467 1835 509 suas
1857 466 2024 522 quisque
2052 481 2285 521 provincias

1269 525 1642 580 proficiscerentur.
1675 525 1765 577 (d)
1800 525 1955 566 Eadem
1977 522 2134 566 ratione
2157 523 2280 566 Con-

1270 581 1370 627 sules
1397 614 1409 637 ‚
1460 599 1554 627 cum
1600 582 1688 638 post
1714 581 1902 626 exartum
1935 579 1979 623 in
2012 581 2108 623 urbe
2141 581 2286 625 consu-

1270 641 1399 685 latum
1432 641 1475 684 in
1507 639 1740 696 provincias
1772 639 2073 691 mitterentur,
2108 654 2282 693 procon-

1271 700 1372 742 sules
1405 698 1742 754 appellabantur.
1777 698 1905 740 Enim
1936 712 2031 740 vero
2058 696 2185 739 initio
2204 698 2285 741 cri-

1272 757 1388 800 mina
1428 756 1592 813 publica
1638 771 1760 812 penes
1803 756 2002 809 Regem3
2046 753 2177 810 postea
2219 769 2289 811 pe-

1273 831 1343 858 nes
1373 813 1573 858 Consules
1604 814 1865 870 agitabantur
1896 828 1905 854 t
1952 812 2013 854 sed
2060 811 2156 867 quia
2198 809 2286 868 lege

1272 872 1440 917 Valeria
1487 871 1547 925 jus
1579 870 1883 927 provocationis
1915 867 2067 924 populo
2099 867 2280 911 delatum

1271 930 1375 984 fuit3
1408 929 1588 985 itemque
1619 929 1795 973 vetitum
1828 928 1871 971 in
1899 939 2018 982 caput
2045 926 2163 968 Civis
2197 928 2284 969 Ro·

1273 988 1386 1031 mani
1430 987 1756 1030 animadvertere
1800 984 1945 1037 injussu
1978 983 2117 1039 populi
2154 999 2167 1036 3
2199 999 2288 1027 coe-

1272 1061 1366 1102 pere
1409 1043 1564 1101 singula
1609 1043 1786 1088 crimina
1833 1059 1902 1098 per
1934 1041 2133 1097 populum
2166 1056 2288 1084 man-

1272 1103 1359 1147 dari
1403 1102 1482 1145 vel-
1515 1101 1799 1154 Consulibus,
1852 1100 1914 1143 vel
1959 1097 2239 1142 Difflatoribus
2270 1129 2284 1151 ,

1274 1160 1340 1203 vel
1372 1159 1612 1203 Praetoribus
1645 1159 1729 1215 lege
1759 1191 1771 1211 ,
1813 1169 1883 1200 aut
1921 1155 2279 1200 Senatuseonsulto

1275 1217 1396 1273 usque
1437 1217 1486 1259 ad
1530 1232 1690 1260 annum
1722 1215 1888 1258 DCIV.
1941 1214 2002 1257 sed
2048 1214 2282 1257 exundante

1272 1275 1316 1317 in
1348 1274 1430 1316 dies
1463 1289 1638 1317 numero
1669 1272 1896 1315 criminum
1923 1302 1935 1323 ,
1978 1286 2074 1314 cum
2122 1272 2284 1314 incom-

1274 1331 1446 1374 modum
1476 1330 1571 1374 esset
1601 1362 1612 1384 ‚
1645 1328 1709 1373 vel
1742 1327 1916 1382 singulas
1946 1328 2080 1370 causas
2111 1329 2160 1370 ab
2192 1327 2283 1370 uni‘

1275 1387 1390 1432 verso
1425 1386 1576 1443 populo
1607 1386 1791 1430 mandari
1826 1384 2123 1440 magistratibus
2155 1417 2167 1437 ‚
2216 1384 2281 1429 vel

1274 1446 1321 1489 ad
1354 1457 1516 1501 tempus
1547 1445 1676 1489 creari-
1705 1443 1932 1501 quaesitores
1959 1475 1971 1497 ,
2016 1441 2087 1499 qui
2120 1442 2166 1485 de
2197 1459 2283 1487 cer—

1276 1505 1326 1547 tis
1369 1502 1617 1547 criminibus
1661 1502 1955 1558 cognoscerent
1990 1515 2002 1555 3
2051 1499 2168 1545 satius
2210 1500 2285 1545 effe.

1275 1562 1510 1614 duxerunt,
1540 1560 1778 1617 quaestiones
1810 1559 2016 1603 instituere
2049 1572 2285 1615 perpetuas,

1277 1635 1371 1664 cum
1405 1634 1549 1662 annuo.
1576 1618 1841 1674 magistratu,
1874 1617 1942 1672 qui
1974 1617 2030 1661 eis
2066 1617 2237 1674 praeeffet
2271 1633 2280 1658 ε

1277 1677 1479 1733 creatique
1521 1675 1564 1719 hi
1606 1692 1628 1719 a
1674 1675 1823 1731 populo
1866 1674 2056 1719 Praetores
2098 1675 2289 1717 diceban-

1278 1750 1344 1779 tur
1374 1767 1386 1789 ,
1431 1735 1474 1778 ἃ
1517 1733 1743 1790 quaesitores
1769 1765 1778 1775 .
1823 1734 1946 1777 Unde
1978 1748 2088 1776 anno
2122 1733 2288 1775 DCIV.

1280 1793 1474 1837 institutae
1524 1796 1613 1835 sunt
1644 1790 1881 1848 quaestiones
1913 1803 2114 1847 perpetua:
2143 1821 2155 1842 ‚
2198 1805 2288 1845 quae

1279 1849 1489 1908 proprium
1523 1851 1740 1893 Praetorem
1764 1880 1776 1902 ‚
1821 1849 1900 1892 sive
1930 1847 2181 1905 quaesitorem
2215 1847 2289 1889 ha-

1279 1911 1456 1952 berent.
1507 1908 1791 1963 Quamobrem
1833 1923 1845 1960 3
1902 1919 2042 1962 praeter
2088 1906 2291 1948 urbanum

1280 1968 1523 2018 Praetorem,
1554 1966 1597 2008 ὃς
1630 1965 1891 2020 peregrinum
1920 1996 1931 2018 ,
1963 1976 2079 2007 erant
2111 1963 2155 2005 in
2188 1964 2285 2005 urbe

1279 2025 1470 2066 Praetores
1498 2021 1769 2077 provinciales
1792 2054 1804 2074 ,
1836 2022 1904 2077 qui
1931 2036 2041 2064 anno
2063 2033 2286 2074 antequam

1279 2082 1321 2125 in
1354 2079 1586 2137 provincias
1618 2079 1968 2131 proficiscerentur
1991 2110 2002 2132 ,
2034 2078 2193 2130 judiciis
2220 2093 2286 2120 ca-

1279 2138 1471 2195 pitalibus
1492 2169 1504 2191 ,
1535 2137 1791 2194 quaesitorum
1826 2137 1995 2179 nomine
2017 2169 2028 2189 ,
2064 2146 2285 2190 praeerant.

1282 2198 1359 2240 His
1391 2194 1638 2240 accesserunt
1672 2194 1802 2249 postea
1831 2226 1842 2247 ‚
1894 2193 2010 2237 simul
2045 2208 2141 2237 cum
2172 2191 2290 2235 novis

1281 2253 1522 2298 criminibus
1550 2286 1561 2307 ,
1610 2268 1726 2295 novae
1767 2252 1993 2308 questiones
2038 2264 2241 2306 perpetuae
2272 2281 2285 2303 ‚

1279 2312 1322 2356 &
1354 2310 1471 2355 fimul
1503 2326 1600 2355 cum
1631 2309 1682 2353 iis
1713 2309 1783 2354 alii
1817 2310 2008 2353 Praetores
2029 2340 2041 2361 ‚
2074 2308 2152 2351 five
2184 2323 2293 2363 quae·

1282 2370 1418 2414 fitores
1451 2384 1585 2413 rerum
1614 2367 1852 2424 capitalium
1877 2400 1886 2410 .
1920 2366 2198 2418 Quaestionum
2221 2380 2291 2407 au-

1281 2441 1365 2472 tem
1393 2426 1564 2469 nomine
1590 2425 1837 2482 significatur
1864 2440 2023 2467 merum
2051 2421 2291 2477 imperium,

1281 2486 1360 2529 sive
1391 2483 1452 2537 jus
1484 2483 1613 2541 gladii
1647 2515 1659 2537 ‚
1704 2483 1747 2526 ὃς
1796 2482 1986 2538 capitalis
2031 2480 2293 2580 animadvser-

1866 2541 1905 2582 D
1968 2555 1989 2581 z
2231 2552 2294 2578 10.

1962 2609 2293 2620 -——

1281 2646 1409 2683 diturlz
1448 2644 1739 2680 sollemnitatibus
1778 2640 1858 2680 juris
1896 2640 2026 2684 quidem
2067 2639 2213 2682 distringi
2241 2649 2294 2680 pe-

1287 2691 1439 2734 regrinus
1480 2690 1664 2733 nequibat,
1705 2687 1757 2721 sed
1801 2687 1916 2719 iisdem
1957 2686 2058 2719 etiarn
2090 2685 2176 2717 inter
2203 2683 2290 2716 cives

1281 2735 1531 2780 praescindendis
1581 2744 1699 2778 magna
1753 2742 1825 2776 pars
1865 2730 1970 2765 Edic’ti
2023 2730 2151 2765 Urbani
2189 2728 2290 2761 inser-

1281 2784 1392 2817 viebat
1417 2806 1426 2816 .
1473 2782 1636 2816 Festinant
1675 2781 1864 2822 plerumque
1904 2777 2106 2821 peregrini,
2166 2774 2217 2808 sed
2256 2774 2287 2806 &

1282 2828 1533 2873 properantium
1569 2825 1726 2860 desiderio
1776 2824 1926 2858 satisfieri
1965 2822 2059 2857 facile
2097 2828 2226 2864 poterat
2265 2830 2284 2851 a

1284 2878 1424 2908 Praetore
1467 2873 1661 2918 peregrim,
1704 2873 1737 2905 in
1776 2882 1812 2903 ea
1841 2868 1943 2903 Edi-sti
1973 2867 2099 2902 Urbani
2126 2864 2285 2908 fimplici-

1282 2930 1376 2960 tate,
1422 2920 1461 2954 de
1500 2920 1600 2964 plano
1627 2917 1676 2956 jus
1701 2918 1855 2951 dicente.
1882 2915 2029 2956 Denique
2052 2911 2139 2956 quod
2166 2915 2288 2943 Pra’tu-

1282 2979 1315 2999 ra
1350 2967 1486 3002 Urbana
1520 2967 1550 2999 &
1595 2964 1767 3008 Peregrina
1805 2962 1839 2994 in
1873 2960 1991 2994 eodem
2030 2962 2172 2991 Praetore
2210 2965 2289 3006 con-

1280 3012 1390 3051 juni’ta
1429 3012 1590 3055 reperitur
1627 3009 1712 3051 apud
1754 3008 1888 3042 Livium
1922 3028 1932 3046 ‚
1979 3006 2008 3037 Β(
2047 3004 2080 3036 in
2120 3001 2286 3035 veteribus

1280 3058 1548 3101 inscriptionibus
1576 3077 1586 3095 ‚
1648 3055 1711 3088 hoc
1764 3062 1891 3096 quoque
1940 3057 2172 3100 argumentum
2222 3044 2288 3077 tale

1280 3116 1348 3138 non
1384 3105 1426 3137 est
1442 3127 1452 3143 ‚
1495 3111 1531 3136 ut
1556 3102 1591 3134 in
1616 3099 1817 3134 contrariam
1855 3104 1983 3139 partem
2009 3094 2097 3128 trahi
2123 3096 2282 3135 nequeat·

1322 3150 1403 3190 (c)
1429 3150 1538 3192 Sigon.
1566 3148 1606 3180 de
1623 3146 1741 3188 Judic.
1765 3142 1824 3177 lib.
1849 3153 1874 3173 1.
1904 3152 1930 3173 c.
1948 3153 1979 3181 7.

1330 3195 1408 3239 (d)
1433 3194 1545 3228 Rosm.
1574 3190 1679 3229 liba·
1707 3198 1801 3229 ›243-
1834 3191 1913 3220 Ant.
1934 3187 2026 3219 Rom.
