2596 3479
250 66 360 118 144

244 125 469 171 officientes
495 117 692 164 succidere
722 151 733 172 ‚
766 119 831 161 vel
858 113 982 173 ipsam
1009 133 1057 160 ex
1083 117 1200 173 stirpe
1227 135 1283 162 ar-

249 186 390 228 borem
413 178 629 225 excindere
646 211 658 233 ,
690 177 796 234 quod
824 176 957 219 verius
982 187 1082 231 puto
1099 207 1108 217 .
1140 177 1205 229 (a)
1231 179 1291 230 (⁸⁵)

412 298 453 343 C
514 298 554 342 A
616 294 645 340 P
706 293 750 334 U
810 292 853 334 T
941 292 1155 336 XXXVI.

529 413 596 457 De
626 408 784 453 Glande
816 408 978 464 legenda
998 439 1009 450 .

333 532 352 575 1
385 528 500 587 glans
530 542 580 572 ex
612 523 782 576 alicujus
815 522 940 567 fundo
973 520 1209 578 proximum
1241 520 1286 563 in

348 604 497 645 agrum
539 583 772 635 deciderit,
818 580 1055 624 facultatem
1102 579 1284 622 fecerunt

249 648 356 692 XII.
381 644 506 688 tabul.
537 640 709 685 domino
742 639 893 682 arboris
923 636 1142 692 colligendi
1167 636 1283 690 glan-

246 704 340 747 dem
377 703 485 745 suam
518 715 567 743 ex
600 697 736 741 alieno
770 696 886 738 solo.
925 696 1025 749 Quae
1058 695 1121 736 lex
1154 705 1283 735 trans-

246 760 329 804 lata
360 759 439 804 suit
470 759 515 802 in
548 754 729 799 Praetoris
760 753 954 797 Edie‘cum
986 783 994 793 .
1028 753 1044 802 (
1070 752 1094 793 b
1121 752 1138 801 )
1182 752 1281 792 Non

244 819 328 862 sola
360 832 456 861 vero
487 813 606 872 glans
637 827 815 868 querna,
848 809 912 853 vel
946 808 1074 871 iligna
1106 807 1168 850 his
1193 823 1282 851 ver-

244 875 307 920 bis
337 874 507 919 domino
540 869 770 923 colligenda
800 865 1077 923 permittitur,
1111 865 1172 908 sed
1195 864 1281 909 fru-

243 933 330 978 &us
361 931 569 988 quilibet:
622 926 774 970 fruetus
803 925 915 969 enim
948 938 1093 966 omnes
1125 922 1282 978 glandis

711 42 814 97 DE
858 40 1047 116 JURE
1090 38 1534 113 NATURAH,
1578 43 1987 118 GENTIUM5

1485 176 1527 220 C
1587 181 1628 222 A
1689 179 1720 222 P
1779 180 1823 222 U
1883 181 1927 222 T
2015 180 2252 227 XXXVII.

1635 293 1704 337 De
1731 294 1944 350 Interstitio
1969 296 2107 353 sepis.

1402 402 1512 448 Nter
1550 407 1733 453 confines
1763 422 1901 454 autem
1933 411 2076 455 fundos
2110 410 2280 455 liberum
2312 413 2373 456 es-

1338 515 1346 523 ·
1421 461 1455 505 se
1488 464 1700 509 transitum
1722 469 1904 523 oportuit
1926 501 1937 522 ‚
1969 485 2049 525 qua
2074 468 2153 512 sine
2174 485 2369 525 agrorum.

1336 522 1603 564 incommodo
1644 522 1704 567 ire
1729 555 1740 577 ,
1783 540 1899 580 agere
1924 557 1935 579 ‚
1981 539 2161 569 aratrum
2193 528 2375 570 circum-

1335 587 1490 620 vertere
1521 579 1622 631 (e)
1653 580 1794 625 liceret
1827 613 1839 634 ‚
1882 583 1986 638 quod
2030 582 2259 627 confinium
2304 599 2380 639 ap-

1333 632 1511 688 pellatur
1533 667 1546 690 ,
1598 636 1624 679 si
1666 637 1733 680 via
1766 638 1925 693 publica
1958 654 2043 681 non
2077 642 2329 684 interveniat
2360 671 2372 682 .

1333 691 1533 735 Confinio
1580 708 1720 738 autem
1772 695 1953 750 quinque
2006 696 2155 750 pedum
2203 697 2376 750 spatium

1335 748 1572 793 Decemviri
1633 752 1855 795 statuerunt
1892 768 1902 792 :
1965 751 2077 804 cujus
2137 753 2378 807 praefinitio-

1332 820 1429 849 nem
1464 807 1576 862 spatii
1613 841 1626 862 ‚
1675 824 1801 864 quam
1850 808 2197 865 praescriptionem
2247 808 2378 853 etiam

1333 864 1582 918 appel-latam
1625 866 1861 910 invenimus
1888 898 1901 919 ‚
1946 865 2048 920 (f)
2082 866 2306 910 sumserunt
2355 882 2378 910 e

1331 921 1493 964 Solonis
1535 922 1691 978 legibus
1711 955 1740 987 ,ο
1772 923 1841 979 qui
1886 923 2041 978 singula
2084 937 2247 967 notarat
2275 956 2288 978 ,
2320 935 2382 967 at-

246 990 522 1046 appellatione
553 984 766 1036 veniunt;
815 982 892 1034 [c]
924 993 967 1023 ut
998 980 1100 1033 apud
1133 995 1281 1035 graecos
1331 993 1407 1041 que
1451 979 1689 1023 distinxerat
1730 980 1951 1023 intervalla
1996 980 2152 1035 sepium
2186 1013 2196 1027 ,
2243 997 2383 1025 mace-

244 1046 422 1096 ἐκρόὲρυοε
462 1041 741 1088 extremitates
783 1039 974 1081 arborum
1004 1037 1111 1091 [⁴⁴]
1143 1036 1280 1092 appel·
1333 1050 1486 1079 riarum
1510 1067 1522 1088 ,
1564 1036 1608 1078 &
1649 1037 1841 1079 arborum
1870 1067 1881 1078 .
1930 1038 2066 1091 Quem
2112 1038 2250 1080 locum
2285 1039 2381 1093 quia

244 1100 382 1147 lantur
413 1103 603 1153 αρχαῖοι,
647 1097 725 1140 five
758 1095 914 1152 prisci,
965 1106 1009 1137 ut
1042 1091 1456 1173 Scholiastestcajus
1510 1092 1701 1136 retulerat
1743 1093 1788 1137 in
1829 1093 2139 1136 commentario
2182 1095 2230 1136 ad
2273 1094 2382 1150 leges

245 1155 534 1212 Aristophanis
559 1153 681 1199 tradit
699 1154 743 1198 in
763 1152 990 1209 equitibus,
1024 1153 1101 1191 πᾶν
1131 1151 1280 1201 Σίνὸρον
1330 1152 1436 1193 XlI.
1484 1150 1611 1194 tabul.
1652 1151 1757 1206 (g)
1789 1149 1911 1194 multi
1964 1151 2224 1195 crediderunt
2268 1151 2383 1196 inte-

243 1215 330 1266 Σρόν
359 1215 490 1257 exim
512 1245 523 1266 ,
555 1229 704 1255 omnem
735 1211 908 1254 arborem
938 1223 1121 1265 quercum
1150 1208 1284 1262 appel·
1310 1228 1312 1253 ὲ
1337 1222 1453 1262 gram
1495 1207 1659 1250 Solonis
1704 1207 1947 1251 sententiam
1984 1207 2179 1251 omnibus
2208 1223 2258 1252 ex
2293 1223 2387 1263 par-

243 1272 407 1316 labant.
439 1271 555 1316 Hinc
587 1269 714 1313 veteri
749 1267 972 1311 latinorum
1001 1265 1167 1320 lingua,
1199 1279 1287 1318 quae
1308 1262 1313 1324 ξ
1338 1265 1444 1307 tibus
1475 1264 1586 1308 fuifle
1615 1267 1721 1308 XII.
1764 1264 1890 1308 tabul.
1924 1265 2080 1320 legibus
2106 1265 2383 1321 comprehen-

247 1329 436 1384 proprius
466 1327 620 1371 accedit
652 1326 699 1368 ad
731 1340 891 1367 morem
916 1338 1171 1378 graecorum,
1201 1320 1283 1364 fru-
1308 1329 1313 1374 3
1336 1320 1419 1365 sam
1447 1337 1457 1362 ε
1510 1337 1604 1365 cum
1647 1338 1696 1365 ex
1741 1322 2026 1366 monumentis
2053 1355 2065 1377 ‚
2108 1338 2196 1378 quae
2239 1323 2384 1377 super-

246 1385 333 1429 &us
363 1399 506 1428 omnes
538 1383 696 1440 glandis
716 1381 991 1437 appellatione
1012 1378 1287 1422 contineban-
1336 1377 1427 1421 sunt
1456 1409 1469 1432 ‚
1500 1379 1819 1434 praefinitionem
1852 1379 1978 1422 solam
2012 1380 2192 1436 quinque
2224 1380 2376 1435 pedum

247 1455 315 1486 tur
338 1475 348 1485 .
382 1444 445 1486 Ex
479 1457 559 1496 quo
594 1473 606 1495 ‚
653 1439 820 1493 aliisque
852 1437 988 1482 civilis
1018 1436 1115 1488 juris
1146 1451 1285 1480 exem·
1307 1472 1315 1508 ὁ
1339 1434 1618 1492 colligamus:
1668 1436 1713 1479 ὃ(
1756 1453 1778 1480 a
1823 1435 1927 1488 Cajo
1973 1436 2194 1480 habeamus
2236 1452 2383 1482 exem-

246 1499 325 1557 plis
357 1498 603 1555 intelligitur
623 1530 633 1550 ‚
665 1495 808 1553 quanti
843 1495 991 1539 referat
1023 1492 1168 1537 callere
1193 1493 1313 1557 lati-1
1340 1492 1456 1548 plum
1488 1506 1654 1537 tantum
1684 1493 1848 1537 Solonis
1879 1494 2151 1537 Decemviros
2184 1493 2295 1537 fuisse
2322 1493 2382 1538 se-

247 1572 311 1601 nae
354 1556 502 1611 linguae
541 1555 746 1608 originem
787 1552 831 1596 ὃς
865 1551 1157 1608 proprietatem
1183 1566 1193 1591 ε
1238 1563 1286 1594 ut
1308 1560 1313 1582 l
1334 1562 1477 1593 cutos.
1503 1551 1707 1594 Statuerat
1729 1567 1871 1594 autem
1896 1552 2021 1594 Solon
2038 1583 2050 1604 ,
2075 1566 2125 1594 ne
2146 1552 2216 1605 qui
2241 1551 2377 1605 sepem

246 1630 334 1658 non
367 1615 552 1665 mirum,
598 1612 623 1655 fi
655 1627 701 1654 ea
732 1611 863 1665 magis
892 1609 994 1663 apud
1027 1607 1283 1660 jurisconsul-
1333 1606 1486 1650 foderet
1508 1640 1524 1662 ‚
1569 1610 1664 1660 (h)
1705 1608 1917 1652 excederet
1959 1608 2208 1662 praescriptos
2254 1608 2374 1652 fundi.

246 1684 336 1726 t08‚
367 1687 490 1727 quam
522 1669 624 1724 apud
654 1680 834 1711 oratores
864 1666 1055 1710 omnibus
1088 1664 1285 1719 tempori·
1308 1664 1535 1708 'terminos
1560 1683 1570 1707 r
1616 1682 1663 1709 ac
1695 1664 1831 1708 voluit
1856 1696 1870 1718 ‚
1901 1679 1946 1708 ut
1980 1666 2209 1721 parientem
2243 1666 2270 1709 fi
2303 1681 2382 1710 ex·-
2408 1686 2422 1700 ·

247 1729 318 1773 bus
351 1728 571 1772 floruisset:
617 1723 920 1777 jurisconsultos
950 1725 1064 1767 enirn
1096 1723 1284 1778 adigebat
1333 1733 1511 1773 trueret‚
1545 1723 1687 1771 pedem
1714 1722 1785 1765 ille
1805 1723 2053 1778 relinqueret
2083 1724 2225 1777 spatii3
2258 1723 2377 1767 sido-

246 1785 431 1829 muneris
463 1785 669 1828 necessitas
695 1799 708 1837 3
755 1794 936 1824 oratores
966 1796 1061 1823 vero
1093 1780 1190 1822 artis
1220 1795 1286 1822 or-
1333 1795 1452 1823 mum
1484 1780 1599 1836 pedes
1631 1780 1763 1834 duos;
1797 1780 1823 1822 fi
1858 1779 2143 1834 sepulchrum,
2174 1794 2245 1823 aut
2272 1780 2383 1824 scro-

245 1840 525 1894 namentum,
567 1841 672 1895 quod
704 1839 821 1882 simul
852 1853 949 1881 cum
980 1837 1144 1880 auribus
1176 1836 1283 1880 mul·
1334 1837 1427 1880 bem
1477 1839 1628 1880 foderet
1662 1869 1674 1889 ‚
1718 1850 1920 1892 quantum
1972 1837 2262 1892 profunditatis
2303 1838 2383 1882 ha-

245 1900 434 1943 titudinis
467 1899 726 1942 mutabatur:
762 1898 825 1939 lex
857 1909 994 1939 autem
1021 1895 1105 1937 haec
1131 1893 1234 1936 fuit:
1333 1894 1465 1937 buerit
1495 1925 1506 1947 ‚
1556 1908 1716 1937 tantum
1753 1894 1865 1948 lpatii
1901 1893 2147 1951 relinqueret
2175 1911 2189 1947 ;
2237 1894 2264 1937 si
2297 1910 2375 1950 pn-

321 1961 373 2013 Sj
416 1957 562 2031 glans
603 1956 658 2009 in
698 1974 872 2009 emem
911 1955 1101 2009 caduca
1143 1952 1235 2008 fiet
1263 1993 1281 2023 5
1332 1964 1447 1995 teum
1492 1951 1554 1996 sex
1589 1952 1735 2006 pedum
1769 1951 2031 1994 latitudinem
2068 1984 2077 1994 .
2123 1952 2273 1994 Oleam
2309 1968 2379 1997 ve-

239 2036 458 2092 domino
500 2033 672 2099 legere
713 2032 787 2103 jus
827 2032 960 2086 esto·
1332 2024 1376 2052 ro
1400 2041 1413 2063 ,
1454 2023 1524 2052 aut
1555 2010 1708 2062 ficum,
1741 2021 1785 2051 ut
1822 2024 1871 2052 ne
1904 2011 1947 2051 in
1979 2008 2115 2051 alieno
2146 2008 2300 2052 radices
2331 2025 2377 2054 a-

638 2108 645 2116 ,
1031 2106 1038 2115 ,
1327 2080 1473 2123 gerent
1496 2098 1508 2120 ‚
1543 2081 1694 2109 novem
1723 2065 1838 2120 pedes
1858 2081 1880 2108 e
1918 2065 2045 2129 vicini
2077 2065 2201 2109 fundo
2230 2066 2375 2112 distare

319 2117 511 2167 Emem
534 2110 556 2183 )
580 2124 694 2154 emm
725 2124 798 2165 P‘O
819 2108 982 2152 eundem
1001 2106 1192 2151 dlcebant
1211 2120 1281 2150 ve*
1330 2123 1492 2177 voluit3
1524 2137 1676 2167 ceteras
1701 2124 1863 2166 arbores
1890 2137 2071 2179 quinque
2102 2139 2116 2163 .·
2149 2122 2256 2179 quod
2290 2124 2380 2178 spa-

246 2200 374 2232 teres.
406 2189 495 2240 (d)

1328 2181 1438 2225 tium
1461 2183 1513 2225 est
1538 2183 1642 2225 XII.
1668 2180 1749 2224 tab.
1775 2180 1928 2236 legibus
1957 2179 2203 2236 praefinitum
2221 2210 2232 2232 ‚
2264 2180 2374 2245 &ab

2226 2251 2372 2280 omnl-

1326 2348 1479 2391 miti-vx
1505 2348 1649 2382 substitui
1683 2347 1806 2389 possent
1822 2348 1894 2380 voci
1927 2345 2062 2388 α’κρίδες
2079 2369 2092 2388 ‚
2118 2358 2188 2388 quae
2204 2348 2304 2390 vulgo
2319 2348 2373 2380 lo-

1326 2395 1427 2426 custas
1456 2394 1616 2434 significat
1647 2391 1731 2434 apud
1751 2392 1952 2427 Matthaeum
1972 2413 1981 2429 ³
2010 2400 2079 2433 cap.
2101 2394 2173 2424 ΙΙΙ.
2199 2403 2233 2423 ν.
2248 2405 2280 2431 4.
2315 2393 2373 2427 nifi

1325 2438 1482 2481 exemplo
1500 2450 1596 2481 grave
1614 2436 1780 2470 videretur
1806 2446 1933 2470 mutare
1954 2437 2130 2481 quicquam
2150 2437 2182 2467 in
2199 2436 2304 2470 literis
2323 2437 2378 2471 sa.-

1325 2484 1388 2515 cris
1406 2507 1412 2515 .
1439 2487 1544 2516 Eccur
1560 2483 1648 2515 enim
1667 2482 1835 2515 hominem
1861 2481 2012 2515 divinum
2026 2482 2223 2514 aestimemus
2250 2492 2290 2514 ex
2306 2492 2369 2514 no-

1325 2530 1389 2560 stro
1409 2539 1500 2561 more
1514 2551 1524 2567 ,
1551 2528 1584 2560 id
1601 2527 1644 2559 est
1663 2551 1670 2568 ἒ
1697 2525 1837 2568 profano
1855 2549 1863 2558 .
1890 2526 2036 2562 Glandes
2055 2526 2171 2567 Virgil.
2193 2527 2366 2560 AEneidre.

1328 2575 1425 2606 VIII.
1443 2586 1466 2606 v
1480 2577 1557 2605 686-
1573 2572 1675 2605 etiam
1691 2572 1817 2604 miffilia
1845 2572 1993 2614 quaedam
2006 2570 2163 2604 militaria
2179 2570 2243 2602 dici
2265 2591 2276 2607 ,
2303 2571 2365 2603 vix

1324 2618 1620 2651 animadverterem
1635 2639 1645 2655 ‚
1663 2617 1720 2649 nzfi
1738 2617 1827 2649 locus
1841 2615 1911 2654 eius
1930 2617 2044 2650 nostris
2057 2625 2184 2658 quoque
2199 2614 2361 2657 globulis,

1324 2671 1360 2696 ut
1376 2669 1494 2695 vocant
1509 2682 1520 2699 ‚
1547 2662 1661 2705 ignitis
1675 2661 1832 2704 applicari
1854 2663 1952 2703 possst
1968 2686 1975 2693 .

1767 2709 1849 2738 Pars
1865 2708 2009 2739 maxima
2023 2726 2034 2745 ‚
2061 2703 2168 2746 inquit
2186 2723 2198 2743 ι,
2223 2704 2359 2746 glandes

1417 2752 1567 2783 Livi-nris
1583 2749 1708 2792 plumbi
1716 2751 1847 2792 spargit
1863 2773 1873 2781 .

1367 2796 1427 2837 (ὁ)
1455 2797 1560 2829 Festus
1575 2793 1668 2828 verbo
1679 2805 1790 2826 emem
1805 2816 1813 2826 .

1367 2842 1421 2882 (ε)
1447 2844 1519 2878 L.4.
1539 2842 1567 2883 §.
1585 2847 1652 2881 pen.
1670 2850 1738 2870 cum
1752 2840 1775 2870 Ι.
1789 2836 1985 2881 [εφῆῖῥη.
2019 2839 2149 2880 regund.
2170 2839 2231 2879 1.7.
2252 2839 2282 2881 §.
2302 2839 2367 2874 ult.

1317 2885 1357 2931 ff
1373 2887 1410 2919 de
1427 2897 1493 2928 atq.
1513 2895 1618 2917 rerum
1632 2885 1716 2915 dom.
1733 2885 1841 2915 Varro
1860 2883 1897 2915 de
1913 2884 1996 2924 ling.
2014 2885 2076 2916 lat.
2096 2882 2189 2922 lib.4.

1366 2932 1418 2973 (J
1431 2931 1451 2969 ')
1477 2933 1516 2962 L.
1537 2930 1676 2971 quinque
1690 2927 1803 2967 pedum
1824 2949 1835 2966 ‚
1862 2929 1896 2958 C.
1911 2926 1974 2968 fin.
1994 2938 2061 2970 reg.

1369 2976 1430 3017 (g)
1455 2978 1492 3006 L.
1511 2976 1573 3006 ult.
1591 2972 1627 3016 ff
1641 2972 1703 3013 fin.
1719 2972 1854 3013 regund.
2022 3013 2029 3020 ⁸

1363 3017 1615 3099 (lod‘s’lutarch.
1633 3018 1668 3051 in
1682 3018 1801 3051 solone
1816 3024 1949 3060 pag-91·
1969 3019 2081 3057 Cutac.
2103 3017 2146 3053 ad
2159 3019 2249 3055 aule.
2262 3014 2371 3062 ἔβη.

1319 3076 1419 3109 regan
1445 3085 1454 3096 .

462 2316 574 2333 ¹⁶—-
687 2318 914 2333 —Q—

288 2356 347 2396 (a)
372 2355 484 2393 cujac.
499 2357 541 2388 ad
559 2358 654 2388 Paul.
666 2358 751 2397 sene.
768 2356 862 2395 [ὣς.
878 2358 973 2389 ἠιό.
989 2356 1016 2396 §.
1035 2354 1109 2388 arbo
1117 2365 1140 2385 r.

282 2402 341 2442 (³)
367 2404 409 2434 Et
441 2401 548 2434 Festus
591 2409 701 2434 tuetur
730 2402 764 2434 in
789 2412 869 2434 voce
891 2399 1060 2441 sublucare
1090 2423 1100 2432 .
1127 2403 1276 2443 Utraque

239 2455 309 2479 vox
326 2445 412 2479 dicta
427 2457 445 2477 a
461 2446 530 2478 luce
546 2445 766 2479 submittenda
782 2468 792 2482 ‚
812 2446 862 2478 vel
878 2444 1116 2479 committenda
1131 2468 1139 2475 .
1156 2448 1206 2477 Ex
1223 2455 1278 2477 eo-

239 2490 317 2524 dem
334 2489 419 2523 forte
441 2490 581 2524 Isidorus
594 2493 835 2532 Erymol.XIV.
853 2494 883 2524 8.
902 2491 966 2524 luci
981 2490 1177 2522 vocabulum
1189 2489 1278 2522 deri-

238 2543 298 2569 vat
313 2558 323 2575 ‚
344 2546 410 2578 quo
425 2544 552 2568 veteres
566 2535 693 2575 sylvam
710 2536 781 2568 Diis
798 2536 920 2568 sacram
935 2534 1171 2574 significabant.
1187 2538 1275 2566 Nam

238 2579 307 2613 luci
327 2590 454 2622 quoque
485 2591 502 2612 a
522 2581 591 2613 luce
604 2580 758 2614 dicuntur
769 2603 780 2619 ,
806 2581 859 2613 vel
875 2591 930 2622 per
946 2578 1150 2620 tirimaco-er
1164 2601 1174 2618 ,
1189 2579 1276 2622 quod

240 2624 278 2657 in
292 2624 341 2657 his
358 2623 458 2664 sylvis
475 2626 676 2658 Numinibus
690 2625 786 2658 sacris
801 2625 860 2658 lux
876 2635 948 2657 rara
964 2623 1075 2661 fuerit,
1096 2623 1147 2655 vel
1161 2645 1170 2662 2
1187 2623 1275 2666 quod

241 2676 393 2711 tempore
426 2667 504 2701 festo
525 2670 650 2702 lumina
677 2670 710 2702 in
737 2671 777 2702 iis
792 2670 934 2712 plurima
960 2668 994 2700 in
1009 2671 1155 2700 Deorum
1170 2667 1275 2700 hono-

242 2724 315 2747 rem
344 2712 600 2746 accenderentur
618 2736 630 2752 ,
653 2713 739 2755 quod
769 2713 936 2748 &Graecis
967 2712 1003 2744 in
1029 2722 1120 2744 more
1134 2713 1275 2754 positum

241 2757 332 2798 fuit,
359 2756 444 2790 unde
472 2757 598 2800 azymi,
624 2757 731 2792 αᾺσ-ος
763 2757 847 2799 apud
863 2751 1044 2789 nomen-{im
1062 2756 1162 2788 Iliad.
1178 2760 1211 2795 β.
1241 2771 1273 2790 v.

239 2806 318 2843 ¹5025.
348 2803 477 2836 Festum
510 2813 681 2844 perperam
710 2801 982 2835 contradictionis
1011 2801 1178 2834 infimulat
1205 2802 1273 2835 Sal·

238 2849 357 2883 mafius
371 2847 410 2880 ad
426 2848 579 2879 solinum
594 2850 706 2885 p.·385.
727 2845 821 2888 Quod
835 2854 946 2878 autem
960 2845 1082 2878 dicitur
1097 2867 1108 2885 ‚
1133 2847 1204 2878 XV.
1221 2857 1275 2889 pe-

237 2893 298 2927 des
311 2893 410 2926 altius
427 2890 658 2925 sublimandam
692 2892 844 2924 arborem
860 2890 923 2922 effe
935 2911 946 2927 ‚
967 2889 1007 2922 de
1022 2889 1089 2922 solo
1103 2890 1271 2933 intelligo,

237 2949 306 2972 non
319 2937 358 2971 de
372 2949 409 2970 ea
422 2935 598 2970 altitudine
610 2958 622 2976 ,
655 2934 697 2968 ad
713 2946 813 2981 quam
836 2934 965 2969 arboris
979 2934 1062 2968 rami
1088 2942 1186 2968 antea
1215 2934 1270 2970 de-

237 2982 430 3017 scendebant
447 3003 456 3012 .

278 3027 337 3069 (b)
364 3032 399 3061 L.
411 3039 435 3060 1.
450 3025 491 3070 ff.
507 3027 545 3059 de
564 3026 685 3069 glande
703 3026 841 3068 legenda
857 3046 866 3057 .

273 3073 329 3116 (c)
356 3077 383 3106 L
399 3077 475 3110 236.
493 3073 556 3114 §.n
571 3070 610 3115 ff.
637 3072 674 3103 de
692 3074 725 3102 V.
741 3072 770 3103 s

275 3120 347 3162 ζ’*
365 3119 383 3159 )
407 3117 562 3161 Adeoque
593 3115 717 3152 fruetus
744 3118 873 3160 omnes
888 3136 898 3150 .
925 3115 1034 3158 Quare
1063 3123 1131 3149 non
1159 3112 1269 3158 inepte
