2596 3479
279 106 380 159 322

945 83 1086 136 DE
1169 79 1767 152 LEGIBUS,

271 161 496 220 postulante
530 175 684 203 nomen
717 158 800 211 ejus
832 157 1078 201 aboleatur:
1125 152 1311 209 permissa
1369 154 1432 198 sua
1453 189 1464 210 ‚
1500 157 1748 211 superiorum
1782 173 1942 215 quoque
1976 157 2116 215 legum
2147 159 2262 216 plura
2297 161 2408 217 capi-

273 218 497 265 accusatori
523 217 641 262 alteri
671 217 864 260 facultate
894 210 1140 257 instaurandi
1176 210 1314 263 judieii

271 279 408 335 reique
438 276 485 320 de
510 276 671 331 integro
694 272 900 329 repetendi
919 273 1026 315 intra
1042 269 1216 326 triginta
1231 268 1314 312 dies

274 337 425 382 utiles.

441 392 482 437 C
543 393 583 435 A
644 390 674 431 P
733 389 777 430 U
837 387 881 430 T
969 385 1137 430 XCIV.

495 506 561 550 De
573 505 673 561 Lege
694 500 910 557 Calfurm'a
926 502 957 556 J
960 501 1055 545 unia
1070 531 1081 543 .

406 620 534 664 Uales
557 631 652 664 ante
681 617 812 675 legem
839 615 993 670 Juliam
1016 615 1125 661 fuere
1147 615 1316 660 Calfur-

423 679 491 722 nia
516 710 528 732 ,
574 693 662 734 quae
693 690 853 721 certum
889 675 1107 717 Praetorern
1142 674 1185 717 in
1218 674 1315 717 urbe

418 736 528 780 dedit
557 736 703 787 sociis,
754 734 801 776 ad
829 748 951 788 quem
976 733 1022 775 de
1049 731 1201 786 rapinis
1229 747 1313 774 ma-

275 792 518 851 gistratuum
557 790 878 848 provincialium
910 800 1177 844 quererentur
1212 805 1223 841 3
1271 799 1315 832 ut

271 853 357 904 ejus
403 852 647 895 autftoritate
691 847 895 904 profusam
934 846 1150 902 pecuniam
1184 847 1233 888 ab
1266 845 1315 888 iis

270 909 530 964 reposcerent
564 941 576 963 ‚
627 906 782 950 ferente
828 908 874 947 L-
907 903 1140 956 Calpurnio
1175 903 1313 946 Pisone

269 967 393 1010 Trib.
430 967 534 1022 pleb.
567 981 677 1008 anno
708 963 874 1006 DC1V.
908 963 952 1004 L.
987 962 1126 1004 Mario
1157 960 1310 1004 Censo-

270 1025 361 1066 rino
388 1055 400 1077 ‚
445 1026 511 1066 M.
535 1021 711 1065 .Manlio
743 1019 854 1063 Coss.
888 1021 970 1071 (a)
996 1021 1117 1062 Hanc
1150 1018 1313 1071 excepit

270 1081 334 1124 lex
368 1080 491 1132 Junia
518 1112 529 1131 ‚
582 1079 695 1131 cujus
730 1076 955 1120 Austorem
991 1076 1181 1125 Sigonius
1215 1075 1313 1118 facit

270 1140 336 1181 M.
379 1138 552 1188 Junium
598 1138 785 1180 Pennurn
818 1134 937 1176 Trib.
974 1134 1080 1186 pleb.
1116 1133 1268 1186 Lepido
1301 1164 1312 1186 ‚

268 1196 312 1238 ἃ
344 1195 482 1238 Oreste
515 1194 624 1237 Coff.
658 1208 768 1237 anno
800 1191 853 1235 A.
885 1195 938 1233 U·
960 1191 1309 1234 C.DCXXV11.

275 1254 365 1307 Qua
401 1250 486 1308 lege
521 1265 669 1306 praeter
701 1249 784 1293 litis
804 1249 1117 1292 aestimationem
1144 1280 1154 1300 ,
1185 1248 1310 1290 etiam

272 1309 447 1354 exilium
481 1310 558 1352 reis
590 1308 671 1351 fuit
702 1305 904 1357 adieetum
946 1324 954 1347 :
1001 1307 1106 1361 quod
1128 1319 1131 1322 ·
1153 1319 1308 1348 utrum-

267 1382 345 1422 que
392 1367 559 1421 pertulit
604 1367 657 1407 C.
692 1366 802 1407 Cato
833 1363 896 1405 vir
927 1363 1167 1405 Consularis
1201 1378 1310 1416 repe-

267 1423 491 1467 tundarum
534 1438 583 1466 ex
618 1419 868 1464 Macedonia
902 1421 1118 1462 damnatus
1143 1452 1151 1461 .
1200 1422 1216 1470 (
1248 1421 1312 1469 b)

267 1481 441 1524 Easdem
489 1495 630 1535 poenas
676 1479 877 1533 irrogavit
920 1478 963 1520 ὃς.
995 1476 1166 1519 Servilia
1198 1477 1265 1520 lex
1299 1509 1311 1528 ,

271 1539 365 1588 (c)
398 1537 511 1588 cujus
545 1537 659 1592 plura
693 1535 901 1587 supersunt
934 1534 1066 1589 capita
1099 1550 1147 1576 ex
1183 1534 1309 1576 veteri

269 1593 505 1646 fragmento
536 1606 651 1637 eruto
685 1609 706 1635 a
737 1591 910 1647 Sigonio
933 1623 944 1644 ‚
975 1607 994 1634 e
1029 1592 1135 1634 Petri
1168 1591 1310 1633 Eembi

269 1651 485 1694 doftiffimi
519 1652 783 1706 undequaque
817 1649 893 1692 viri
929 1648 1064 1692 museo
1092 1665 1101 1690 :
1148 1663 1235 1702 quae
1267 1648 1309 1691 in

272 1723 515 1763 perpetuum
559 1707 616 1759 jus
661 1721 744 1749 non
788 1705 1032 1750 transierunt
1068 1737 1081 1758 ‚
1126 1705 1231 1748 unde
1263 1705 1311 1747 ad

268 1767 393 1808 solam
438 1765 698 1820 antiquitatis
745 1764 940 1807 notitiam
977 1762 1223 1818 supersunt,
1267 1775 1311 1805 ut

269 1824 360 1865 satis
406 1822 524 1864 nobis
570 1822 614 1864 sit
660 1822 743 1864 haec
776 1818 949 1875 attigisse
976 1852 986 1863 .
1035 1819 1158 1863 Tulit
1189 1819 1232 1862 ὃς
1264 1819 1310 1863 de

269 1880 503 1936 repetundis
537 1880 601 1921 M.
637 1877 797 1921 Acilius
829 1878 1004 1920 Glabrio
1030 1909 1042 1927 ,
1074 1877 1264 1932 cavitque
1297 1908 1310 1930 ‚

275 1953 326 1980 ne
361 1949 448 1979 reus
473 1935 556 1986 ejus
579 1936 676 1991 legis
695 1947 763 1977 aut
782 1934 1075 1990 ampliaretur,
1107 1947 1176 1978 aut
1195 1950 1311 1977 corn-

270 1993 607 2050 perendinaretur
633 2024 644 2045 ‚
679 1992 756 2035 hoc
788 1993 841 2035 est
867 2023 879 2045 ‚
914 2008 963 2035 ne
995 1991 1224 2035 differretur
1247 1990 1305 2042 ju·

268 2052 422 2094 dicium
451 2082 460 2092 .
496 2049 768 2105 Ampliabant
799 2050 913 2093 enim
941 2049 1117 2102 judices,
1150 2064 1244 2091 cum
1267 2050 1309 2091 in

266 2109 432 2151 obscura
467 2108 580 2151 causa
614 2107 939 2162 pronunciarent
968 2108 1166 2162 amplius:
1201 2106 1309 2161 quod

269 2166 447 2221 amplius
490 2166 761 2220 requireretur
793 2164 840 2207 ad
872 2163 1263 2208 condemnationem
1297 2180 1309 2216 3

270 2223 697 2276 comperendinabant
730 2238 826 2264 vero
854 2254 866 2275 ‚
909 2221 1072 2277 quando
1095 2251 1108 2274 ‚
1143 2221 1310 2275 poscen-

270 2293 310 2323 te
345 2279 596 2331 accusatore,
631 2279 693 2321 vel
727 2277 958 2331 defensore,
990 2277 1186 2330 judicium
1216 2295 1309 2333 pro-

272 2337 481 2379 traherent
505 2367 517 2389 ,
554 2336 599 2379 de
633 2352 714 2391 quo
746 2336 831 2379 late
862 2337 1081 2380 Manutius
1103 2367 1112 2378 .
1143 2336 1210 2387 (d)
1241 2336 1310 2379 Est

269 2395 398 2438 etiam
430 2394 476 2438 de
509 2393 738 2448 repetundis
766 2394 808 2436 &
834 2392 897 2437 lex
924 2392 1124 2437 Cornelia
1150 2423 1161 2445 ,
1194 2409 1309 2436 nem-

272 2468 320 2505 pe
355 2451 435 2494 lata
468 2467 489 2494 a
523 2453 565 2493 L·
599 2450 710 2504 Sylla
744 2449 955 2494 Di&at0re
983 2481 995 2504 ‚
1039 2450 1107 2505 qui
1142 2463 1309 2505 poenam

271 2509 387 2551 auxit
420 2508 467 2551 ad
501 2507 834 2551 interdiCtionem
871 2523 985 2563 aquae
1015 2507 1057 2550 &
1094 2508 1227 2563 ignis,
1259 2524 1307 2551 ex

272 2581 397 2619 caque
443 2566 488 2608 de
533 2565 638 2608 hisce
681 2565 930 2609 criminibus
974 2564 1198 2616 judicatum
1232 2564 1310 2615 fuit

272 2623 390 2677 usquc
425 2623 470 2664 ad
507 2623 638 2679 legem
671 2622 826 2674 Juliam
851 2656 864 2677 ,
898 2623 941 2666 in
973 2637 1097 2678 quarn
1123 2653 1135 2676 ‚
1169 2635 1311 2678 praeter

1369 226 1410 255 ta
1440 213 1621 265 conjecit
1652 216 1784 267 Julius
1817 216 1952 259 Caesar
1978 219 2113 271 primo
2137 212 2367 274 Consulatu
2394 233 2405 259 ε

1365 271 1448 322 (e)
1481 273 1664 327 quaedam
1698 289 1794 317 vero
1824 290 1875 318 eir
1896 275 2113 326 ¹veteribus
2145 274 2433 327 immutavit3‘

1366 343 1490 383 quarn
1520 330 1636 373 nobis
1662 329 1796 387 legem
1825 331 1980 376 omissis
2004 331 2152 376 ceteris
2176 332 2409 377 Tribonia-

1368 400 1442 428 nus
1474 387 1740 440 transmitit„
1784 391 1875 433 Hac
1899 389 2025 445 igitur
2052 390 2141 446 lege
2169 401 2360 434 tenentur
2394 420 2408 444 ,

1366 442 1436 498 qui
1473 444 1668 501 quaestum
1706 444 1864 490 faciunt
1895 463 1945 492 ex
1973 447 2200 492 ministerio
2224 447 2268 490 δι
2294 460 2410 502 pote-

1368 503 1463 544 state
1497 501 1660 556 publica
1686 534 1702 557 ,
1748 517 1954 548 vertentes
1986 521 2078 549 eam
2110 505 2158 548 ad
2189 505 2411 548 arbitrium

1367 559 1633 614 largientium
1660 592 1672 613 ,
1705 562 2001 619 pecuniamque
2022 562 2295 618 accipientes,
2326 577 2411 617 quo

1367 617 1598 671 praebeant‚
1632 618 1695 662 vel
1728 619 1931 673 denegent
1951 620 2132 664 officium
2156 620 2295 663 suum.
2327 617 2409 672 (f)

1366 674 1522 718 Eadem
1568 674 1658 731 lege
1702 677 1972 730 prohibentur
2013 677 2057 720 δε
2088 678 2304 720 Senatores
2337 692 2411 719 na-

1366 731 1452 774 vim
1473 731 1632 776 'habere
1653 764 1662 775 .
1694 735 1778 789 (g)
1810 733 1889 785 (²⁶)
1924 734 1978 776 Et
2011 734 2209 789 quoniam
2236 733 2321 777 haec
2341 732 2422 778 lex·

1366 788 1556 843 prohibet
1591 789 1750 833 lucrum
1782 806 1831 834 ex
1867 789 2098 834 ministerio
2131 787 2294 846 publico
2315 821 2328 844 ,
2359 806 2409 834 ex

1363 862 1444 902 quo
1478 846 1704 902 plurimum
1737 847 1826 903 quis
1855 863 1941 890 rem
1963 862 2109 904 augere
2132 846 2254 904 poss'et
2283 847 2411 902 suam,

1362 915 1433 946 aut
1463 904 1641 947 aliorum
1669 936 1680 956 ‚
1727 904 1755 947 si
1796 920 1889 949 eam
1923 905 1966 947 in
2002 905 2169 960 publica
2201 904 2410 961 legatione

1364 974 1477 1004 curet
1503 975 1531 1002 τ’
1567 974 1777 1017 propterea
1821 964 2039 1007 commode
2084 978 2178 1007 curn
2211 962 2287 1006 hac
2321 962 2409 1018 lege

1363 1018 1639 1074 coniungetur
1687 1020 1728 1062 S.
1759 1020 1811 1062 C.
1855 1036 1937 1077 quo
1971 1020 2114 1078 Legati
2146 1032 2240 1063 ante
2276 1020 2410 1075 perfe-

1362 1076 1469 1119 S'tam
1507 1076 1759 1131 legationem
1790 1079 2007 1133 negociis,
2042 1078 2105 1121 vel
2142 1078 2312 1130 privatis
2347 1092 2410 1120 re-

1364 1135 1433 1177 bus
1465 1134 1661 1189 obstringi
1696 1147 1889 1178 vetantur
1915 1168 1924 1178 .
1976 1138 1993 1186 (
2025 1137 2090 1187 h)
2123 1134 2411 1178 M-inisteriutn

1361 1204 1499 1234 autem
1542 1192 1752 1246 publicum
1786 1186 1908 1249 ηεξατ.
1940 1192 2135 1244 Cujacius
2166 1194 2183 1245 (
2215 1194 2271 1243 i)
2303 1191 2411 1234 acci-

1363 1249 1557 1303 piendum
1590 1249 1636 1291 de
1663 1248 1800 1292 scribis
1821 1282 1832 1301 ‚
1866 1250 2090 1294 viatoribus
2119 1282 2129 1303 ,
2162 1262 2231 1293 aut
2260 1264 2410 1305 praeco-

1363 1307 1508 1358 nibus,
1529 1303 1670 1350 aliisve
1697 1306 1894 1350 ministris
1923 1308 2261 1364 magii'tratuurn3
2287 1306 2346 1350 sed
2361 1307 2410 1349 iis

1361 1363 1581 1407 convenire
1614 1365 1857 1419 comprobat
1881 1397 1892 1418 ‚
1928 1366 1997 1422 qui
2031 1381 2124 1408 cum
2150 1363 2236 1415 jure
2260 1365 2408 1406 Praeto-

1363 1421 1420 1462 rio
1441 1434 1555 1473 ,·aut
1587 1421 1805 1464 Consulari
1830 1423 2054 1465 mittuntur
2077 1423 2120 1464 in
2144 1421 2378 1476 provincias
2395 1451 2405 1461 .

1363 1478 1418 1520 Hi
1451 1477 1564 1520 enirn
1587 1493 1670 1520 non
1693 1478 1778 1521 suos
1800 1491 1964 1522 tanturn
1986 1511 1997 1530 ,
2033 1479 2093 1521 sed
2118 1478 2281 1531 sumum
2301 1493 2404 1533 quo-

1360 1551 1436 1590 que
1471 1549 1604 1577 mores
1636 1566 1648 1586 ‚
1693 1550 1840 1590 nempe
1877 1536 2105 1579 satellitum
2141 1566 2153 1588 ,
2198 1535 2404 1589 apparito-

1363 1607 1453 1634 rum
1491 1622 1502 1643 ‚
1547 1591 1751 1635 comitum
1795 1592 1838 1634 &
1885 1593 2084 1635 universae
2114 1591 2297 1635 cohortis
2331 1590 2405 1634 suae

1361 1648 1463 1691 faeta
1496 1648 1732 1701 praestabant
1763 1662 1885 1705 atque
1917 1649 2211 1693 accusabantur
2240 1648 2402 1703 publice

1362 1721 1429 1760 per
1461 1704 1640 1748 atstorern
1674 1708 1724 1749 ab
1758 1707 1840 1761 ipsa
1875 1707 2090 1759 provincia
2121 1706 2406 1749 constitutum.

1359 1765 1450 1817 (k)
1495 1762 1606 1806 Huic
1649 1764 1775 1807 etiam
1819 1761 1968 1815 judicio
2001 1762 2271 1814 subjiciuntur
2301 1761 2406 1814 judi-

1361 1835 1424 1863 ces
1470 1819 1636 1873 pedanei
1680 1822 1724 1864 ὅ(
1765 1822 1999 1878 quicunque
2051 1821 2093 1863 in
2126 1821 2223 1863 urbe
2255 1833 2324 1862 aut
2357 1819 2402 1861 in

1360 1876 1573 1932 provincia
1616 1876 1766 1928 judicia
1810 1878 1874 1921 sua
1901 1910 1913 1931 ‚
1957 1876 2020 1921 vel
2069 1877 2181 1920 suurn
2216 1877 2401 1919 testimo-

1358 1934 1477 1977 nium
1510 1933 1695 1978 vendunt
1725 1967 1738 1988 ‚
1785 1936 1840 1987 (l
1868 1937 1884 1985 )
1927 1934 1971 1978 ὃς
2014 1945 2215 1990 quotquot
2256 1934 2309 1976 ob
2339 1933 2407 1976 de-

1360 1991 1641 2034 nunciandum
1674 2024 1687 2045 ‚
1722 1991 1784 2035 vel
1822 2007 1903 2034 non
1937 1990 2269 2034 denunciandum
2302 1991 2404 2042 (**)

1359 2047 1639 2092 testimonium
1660 2049 1895 2104 accipiunt.
1929 2047 2238 2092 Testimonium
2261 2060 2400 2090 autem

1356 2106 1602 2149 denunciare
1623 2106 1822 2149 testificari
1846 2121 1928 2148 non
1950 2105 2175 2162 significat,
2211 2104 2269 2146 sed
2290 2104 2402 2148 diem

1358 2163 1525 2207 ferendo
1559 2163 1793 2207 testimonio
1825 2162 1958 2207 dicere
1998 2195 2009 2216 ‚
2054 2162 2132 2205 five
2183 2162 2403 2217 praestituta

1357 2221 1421 2264 die
1452 2222 1499 2264 ad
1535 2220 1746 2264 ferendum
1781 2221 2061 2264 testimonium
2093 2234 2263 2262 evocare
2302 2251 2313 2272 ‚
2356 2231 2401 2262 ut

1357 2277 1515 2333 optime
1548 2277 1713 2321 Budaeus
1744 2277 1970 2331 explicavit
1991 2308 2000 2318 .
2033 2278 2112 2329 (m)
2145 2279 2236 2319 Hac
2257 2276 2400 2320 eadem

1359 2335 1446 2390 lege
1477 2335 1698 2378 damnatur
1725 2365 1737 2387 ‚
1769 2333 1840 2389 qui
1874 2334 2051 2388 pretium
2084 2334 2285 2387 acceperit
2308 2367 2319 2388 ‚
2352 2348 2398 2378 ut

1359 2392 1539 2435 militem
1573 2391 1723 2447 legeret
1754 2403 1823 2433 aut
1855 2390 2038 2434 mitteret
2066 2422 2078 2442 ‚
2131 2391 2399 2436 sententiam-

1360 2465 1411 2492 ve
1443 2450 1487 2493 in
1519 2450 1670 2492 Senatu
1698 2480 1711 2502 ,
1741 2460 1811 2490 aut
1841 2447 2011 2491 consilio
2043 2447 2194 2492 diceret
2223 2482 2235 2503 ,
2280 2453 2296 2501 (
2331 2467 2355 2492 n
2380 2452 2398 2502 )

1359 2506 1420 2550 vel
1456 2505 1683 2559 accusaret,
1716 2517 1785 2548 aut
1808 2505 1858 2547 ab
1882 2504 2136 2548 accusatione
2167 2509 2396 2561 recederet3

1359 2565 1422 2607 vel
1454 2577 1499 2608 ut
1542 2563 1742 2606 arbitrum
1785 2562 1899 2605 daret
1930 2594 1941 2614 ‚
1974 2575 2043 2606 aut
2076 2576 2253 2608 mutaret
2280 2599 2290 2618 ,
2327 2579 2395 2609 aut

1357 2621 1405 2664 ad
1435 2619 1696 2672 judicandum
1730 2619 2028 2679 compelleret.
2064 2622 2170 2664 Item
2204 2623 2270 2679 qui
2307 2627 2396 2679 pre-

2337 2692 2395 2723 tio

273 2750 1184 2764 W————-—·————————-—-.n——-
1195 2753 1305 2762 ——
1364 2747 2394 2763 ——u—---——————-·.—————-

314 2814 320 2828 ‘
339 2809 371 2837 a?
401 2806 510 2839 sigon.
528 2805 755 2843 deiudic.1ib.
773 2816 803 2837 2.
823 2813 888 2846 rap.
907 2818 958 2846 ²7-

321 2851 372 2890 (ό)
401 2848 548 2886 Velleius
563 2850 620 2882 lib.
640 2861 669 2881 2.
689 2851 757 2883 Cic.
775 2853 809 2881 in
827 2854 906 2882 Vm.
922 2852 1026 2894 &pro
1048 2848 1150 2883 Balbo
1165 2870 1175 2881 .

319 2896 368 2932 (c)
393 2895 496 2927 Cicer.
515 2896 579 2927 eod.
597 2894 633 2926 Θ·
652 2895 725 2928 Liv.
741 2895 820 2936 epit.
837 2906 891 2935 70.

321 2941 374 2979 (A)
401 2939 589 2981 Dclrgibus
604 2962 612 2969 .

320 2986 366 3025 [e]
398 2986 503 3018 Cicer.
520 2986 553 3016 in
571 2985 680 3016 Varia.

320 3031 389 3069 cf]
420 3033 504 3060 1..1.
526 3031 589 3072 usq.
606 3029 648 3061 αδ
661 3042 692 3069 7.
711 3028 749 3061 Θ·
767 3030 828 3061 ult.
842 3026 882 3073 ff.
896 3029 938 3062 ad
951 3030 1061 3071 l-Jul.
1077 3035 1175 3069 repet.

320 3074 381 3115 (33
411 3077 445 3105 L.
476 3075 524 3105 hir
543 3096 551 3111 ,
580 3076 636 3116 qui
658 3075 693 3105 in
713 3074 773 3115 fin.
792 3072 828 3116 ff.
845 3074 881 3106 de
897 3085 1007 3106 vacat·
1024 3074 1062 3106 (9¹
1075 3076 1175 3114 excufi
1192 3086 1309 3107 muner.

321 3121 342 3159 <
355 3118 404 3156 ⁴⁸)
422 3122 472 3151 Ne
489 3119 543 3153 sub
561 3119 663 3153 specie
678 3127 870 3152 mercaturae
885 3118 1023 3162 praedam
1041 3119 1075 3151 in
1091 3119 1313 3161 provinciales

272 3161 468 3198 {xercerent
480 3186 489 3196 .
559 3166 617 3204 (b)
643 3167 680 3196 L.
696 3167 825 3209 legatus
842 3174 890 3198 12.
905 3162 946 3209 ff.
960 3164 998 3198 de
1016 3165 1173 3208 legation-

1403 2807 1482 2847 (i)
1510 2809 1547 2839 1..
1563 2806 1670 2846 7.αόΙῖ
1692 2819 1720 2846 9.
1738 2807 1813 2840 (51.
1840 2819 1865 2840 1.
1883 2806 1919 2850 ff
1938 2807 2006 2840 eod.

1402 2852 1464 2892 (k)
1488 2850 1598 2888 Cujac.
1614 2853 1650 2882 in
1665 2862 1764 2883 enarr.
1781 2855 1816 2885 C.
1831 2854 1887 2884 hoe
1901 2854 1958 2885 tir.

1403 2898 1479 2938 (l)
1505 2899 1541 2928 L.
1560 2906 1593 2934 3.
1612 2899 1646 2928 C.
1665 2896 1790 2928 botrie.

1406 2947 1416 2982 ι
1434 2943 1471 2962 ⁸⁴¹
1490 2942 1500 2978 J
1518 2939 1591 2981 ,Qui
1620 2940 1720 2973 etiam
1735 2940 1769 2972 in
1784 2940 1889 2981 legem
1904 2939 2054 2974 incidunt
2070 2939 2260 2976 Corneliam
2275 2939 2313 2972 de
2329 2939 2393 2973 fa!-

1358 2986 1397 3019 fis
1413 2989 1451 3020 L.
1471 2996 1499 3018 ι.
1520 2986 1537 3027 §
1565 2995 1596 3015 2.
1611 2988 1656 3017 D.
1672 2985 1710 3016 de
1721 2988 1791 3027 lege
1804 2987 1895 3018 Corn.
1911 2986 1950 3018 de
1964 2985 2052 3023 fallit
2070 3009 2077 3017 .
2105 2985 2180 3018 vid.
2210 2997 2273 3017 van
2302 2988 2390 3026 Byn·

1359 3030 1525 3065 kershoek
1546 3029 1618 3069 Obs.
1639 3032 1707 3062 III.
1724 3038 1790 3067 ear.
1811 3041 1863 3061 20.
1884 3031 1938 3063 ubi
1954 3029 2064 3074 &ipse
2087 3030 2215 3075 ple'nius
2229 3030 2388 3074 explicat,

1359 3075 1438 3120 quid
1454 3075 1493 3108 sit
1507 3074 1702 3108 denunciare
1717 3075 1940 3109 testimonium
1951 3096 1962 3108 ι

1406 3121 1479 3160 (m)
1506 3123 1546 3150 In
1566 3119 1713 3156 Pande&
1730 3122 1794 3152 vol.
1813 3131 1841 3151 2.

1415 3164 1491 3207 [n]
1520 3168 1556 3198 L·
1578 3163 1708 3208 6.&7.
1725 3163 1765 3210 ff.
1781 3167 1835 3199 hoc
1851 3163 1909 3198 tie.
