2524 3479
2123 121 2281 173 xxm

535 259 884 337 VIRI
982 241 1895 330 ILLUSTRIS

1163 416 1204 460 A

1264 414 1306 457 D

256 548 576 652 JANI
638 501 1414 634 VINCENTII
1474 519 2184 617 GRAVINAE

550 702 729 757 JCTt
788 711 872 743 ET
932 701 1513 741 ANTEci-:ssoizts
1573 680 1921 734 Romaim,

201 927 932 1036 ORIGINE
1012 807 1718 1027 RgiwANI
1810 901 2267 1026 JURIS

797 1097 1262 1157 LIBROS
1364 1090 1677 1146 TRES
1854 1153 1864 1160 ,γ

529 1222 1935 1314 CONSIDERATIONES.

727 1380 825 1424 Uod
868 1378 1114 1424 beneficium
1149 1377 1220 1421 tri-

735 1438 899 1482 buimus
924 1470 935 1491 ‚
982 1436 1217 1482 Humanio-

734 1553 1017 1608 scriptoribus,
1050 1554 1118 1610 qui
1153 1568 1215 1594 ru-

732 1611 825 1654 dem
860 1611 964 1654 Latii
994 1644 1005 1664 ,
1041 1612 1140 1666 quin
1175 1610 1215 1652 ἃ

727 1668 921 1722 Graeciae,
954 1684 1002 1711 ex
1036 1667 1213 1723 antiqui-

730 1740 812 1770 tate
845 1725 888 1768 in
924 1738 984 1769 tot
1007 1725 1216 1781 scriptores

730 1785 902 1839 dispersa
927 1816 939 1838 ‚
974 1800 1042 1839 per
1073 1784 1214 1827 omnia

729 1845 822 1885 vitae
872 1842 1062 1886 humanae
1105 1840 1213 1896 capi-

179 1913 222 1943 ta
252 1932 264 1954 ‚
307 1899 428 1956 plena
458 1934 470 1956 ,
513 1919 638 1959 eaque
671 1900 813 1947 ordine
846 1899 1060 1944 luculento
1081 1899 1230 1953 dispo.

178 1957 285 2021 fita?
319 1973 454 2003 rerum
490 1959 585 2003 serie
612 1993 623 2014 ‚
656 1961 890 2004 instruunt:
924 1958 1034 2000 idem
1068 1956 1213 2007 majori

179 2027 331 2059 merlto
364 2030 575 2080 acceptum
611 2018 743 2063 ferent
767 2016 864 2068 JCti
886 2048 897 2069 ‚
930 2014 1123 2071 quicquid
1145 2014 1206 2055 ha*

180 2073 321 2116 &enus
351 2075 610 2129 antiquitatis
630 2108 642 2129 ,
674 2077 723 2120 ad
748 2074 1132 2127 interpretationem
1161 2071 1210 2113 le-

183 2145 282 2185 gum
316 2133 601 2175 Romanarum
635 2134 684 2175 ab
715 2148 763 2176 eo
795 2130 969 2173 allatum
1001 2129 1053 2173 est
1081 2160 1092 2180 ‚
1125 2129 1212 2170 Vin-

1041 2185 1141 2242 quin
1173 2186 1215 2228 8(

181 2189 304 2229 centio
335 2189 526 2231 Gravinae
550 2220 561 2240 ‚
608 2192 801 2233 Romano
843 2188 953 2239 JCto
986 2204 995 2228 :

1271 1374 1330 1419 sed
1362 1372 1403 1414 &
1436 1372 1545 1428 ipse,
1578 1366 1772 1426 quicquid
1803 1364 1847 1408 in
1881 1361 2048 1407 historia
2071 1361 2188 1406 omni
2216 1362 2303 1406 Ro-

1269 1431 1382 1476 mani
1414 1430 1519 1483 Juris
1543 1461 1554 1483 ,
1588 1427 1636 1470 ad
1669 1423 1880 1477 hujusdem
1912 1420 2117 1474 rationes,
2149 1435 2197 1463 ex
2222 1434 2298 1463 an-

731 1512 821 1539 rum
852 1497 1076 1539 SeE'tatores
1111 1527 1123 1547 ‚
1155 1495 1218 1537 his
1269 1489 1458 1546 tiquitate
1486 1520 1499 1544 ‚
1542 1485 1722 1543 pertinet
1749 1514 1760 1535 ‚
1814 1478 2011 1524 distinctis
2053 1476 2251 1532 capitibus
2282 1506 2296 1530 ,

1266 1549 1371 1591 eruit
1391 1579 1402 1600 ‚
1435 1563 1481 1589 ac
1512 1543 1698 1587 ordinata
1730 1539 1821 1583 satis
1852 1534 2068 1593 disposuit.
2103 1534 2203 1577 Inde
2230 1548 2301 1577 ve-

1269 1623 1312 1649 ro
1355 1614 1628 1659 augmentum
1671 1597 1791 1654 pretii
1836 1595 1974 1652 legum
2008 1595 2300 1637 Romanarum

1264 1664 1307 1706 &
1340 1662 1469 1713 major
1500 1657 1726 1703 reverentia
1749 1652 1856 1707 Juris
1876 1685 1887 1707 ,
1921 1667 1991 1707 per
2010 1649 2177 1705 vestigia
2196 1662 2299 1704 gen-

1266 1723 1368 1763 tium
1415 1717 1798 1774 sapientiffimarum
1828 1708 1985 1754 dedufi’ci
2020 1739 2032 1763 ‚
2081 1706 2263 1761 exsurgit
2288 1734 2299 1747 .

1267 1778 1366 1820 Inde
1398 1776 1488 1820 usus
1520 1774 1603 1825 ejus
1635 1770 1798 1816 firmior
1828 1769 1872 1812 ἃ
1904 1766 2104 1820 uberior3
2136 1778 2221 1807 non
2255 1761 2302 1805 in

1266 1835 1351 1879 foro
1383 1835 1596 1877 dumtaxat
1620 1861 1633 1884 ‚
1677 1829 1739 1873 sed
1781 1842 1860 1883 qua
1894 1835 2003 1881 patet
2033 1836 2169 1866 rerum
2202 1834 2304 1875 prae-

1266 1892 1597 1936 stantiffimarum
1629 1885 1781 1931 notitia
1805 1916 1814 1927 .
1865 1883 1882 1934 (
1908 1883 1970 1935 *)
2002 1881 2071 1923 Ne
2104 1894 2153 1934 ue
2183 1876 2304 1920 enim

1265 1950 1450 1994 Gravina
1485 1960 1647 1991 tantum
1680 1944 1775 1988 scita
1805 1940 1985 1984 aliorum
2013 1936 2076 1981 col
2100 1934 2204 1995 igit3
2237 1932 2303 1976 sed

1264 2009 1305 2050 ὃς
1338 2006 1523 2050 ἀίΓῑὶηὲὶιι
1559 2004 1653 2047 serie
1684 2018 1731 2045 ea
1762 1997 1939 2053 disponit
1970 1996 2015 2039 δε
2044 1992 2258 2038 examinat
2289 2020 2301 2032 .

1267 2065 1468 2120 Equidem
1512 2061 1664 2114 Jacobo
1696 2056 1868 2108 Cujacio
1902 2054 1945 2098 in
1978 2053 2026 2096 12.
2058 2068 2093 2095 1.
2137 2050 2173 2105 §.
2207 2063 2301 2102 144.

1263 2121 1408 2166 'omnia
1441 2119 1628 2175 praeclara
1662 2114 1807 2160 tribuit
1832 2145 1845 2168 ‚
1890 2126 1977 2167 quae
2021 2109 2068 2153 ad
2101 2108 2302 2162 interpre-

1267 2180 1435 2222 tandum
1470 2178 1538 2229 Jus
1572 2179 1814 2219 Romanum
1847 2169 1978 2213 facere
2011 2165 2171 2223 possunt
2206 2181 2218 2218 3
2260 2173 2310 2206 ut

184 2243 408 2299 antiquarii
443 2245 513 2299 ipsi
545 2244 845 2298 Jurisconsultis
867 2277 878 2298 ‚
911 2245 955 2287 in
989 2243 1176 2287 Gravina
1203 2275 1215 2295 ,
1269 2251 1406 2280 tamen
1457 2235 1499 2278 &
1545 2232 1692 2277 Gallos
1724 2230 1827 2274 alios
1859 2227 2089 2289 deincepsy
2131 2223 2165 2277 §.
2209 2236 2303 2274 171.

184 2301 389 2344 debebunt
420 2302 551 2357 quod,
571 2320 670 2367 ‘quae
688 2304 856 2357 antiqua
884 2301 1048 2358 legum,
1080 2317 1128 2344 ex
1151 2300 1215 2342 in·
1262 2296 1376 2350 seqq.
1411 2291 1674 2336 commendet

186 2359 427 2424 terpretibus
450 2361 724 2405 anterioribus
744 2394 756 2414 ‚
792 2360 952 2415 sparsim
978 2377 1024 2403 ea
1051 2359 1126 2402 suis
1148 2359 1213 2400 do-

185 2416 331 2458 &rinls
357 2416 628 2462 inferentibus
648 2451 660 2474 ‚
691 2420 929 2474 depromere
949 2451 960 2472 ‚
1005 2417 1086 2459 fine
1113 2428 1214 2459 tem·

189 2488 300 2528 poris
322 2473 365 2516 δε
388 2473 539 2539 ‘laboris
562 2476 768 2533 dispendio
789 2509 801 2531 ,
835 2491 918 2518 non
948 2474 1103 2529 possent
1129 2504 1140 2525 ‚
1173 2488 1219 2515 ea
1270 2484 1345 2523 pue
1388 2465 1562 2509 veniunt
1597 2480 1609 2506 τ

191 2545 304 2594 ΠΡΥῙΕ
328 2531 492 2596 (ὶωᾶςῐη
524 2565 536 2586 ,
588 2549 669 2577 una
701 2549 826 2590 eaque
854 2532 1134 2588 pulcherrima
1162 2529 1219 2572 fa-
1269 2542 1318 2569 ex
1354 2522 1549 2579 Hispanis
1575 2553 1587 2575 ,

190 2600 278 2652 Εἰς,
311 2589 568 2643 conspicere,
600 2591 740 2635 datum
768 2591 836 2634 sit.
872 2591 964 2634 Nec
987 2589 1102 2633 enirn
1117 2588 1218 2630 Gra·
1273 2582 1406 2626 laudat
1432 2597 1444 2634 3
1487 2578 1555 2636 qui
1601 2594 1625 2634 p

191 2662 294 2711 ‘zm-za
326 2645 455 2689 solum
481 2648 633 2691 lumina
655 2681 666 2702 ‚
712 2651 729 2701 (
759 2661 803 2691 ut
828 2649 872 2690 L.
903 2663 932 2691 ι.
977 2646 1010 2700 §.
1038 2662 1108 2701 73.
1143 2645 1222 2688 tale
1273 2641 1388 2683 niota
1433 2635 1597 2680 subsidia
1640 2634 1800 2690 legibus
1832 2629 1971 2675 attulit
2009 2662 2021 2684 ‚

190 2703 287 2756 quid
316 2704 364 2747 de
394 2705 585 2748 Labeone
616 2708 829 2760 profitetur
849 2737 861 2757 ,
894 2706 911 2756 >
943 2705 1140 2760 capitibus
1172 2704 1225 2746 ad
1274 2696 1486 2741 immersus
1513 2711 1523 2735 ι
1569 2693 1617 2736 ad
1661 2692 1744 2734 haec
1778 2689 1903 2744 Jacob
1936 2686 2182 2731 Raevardum

1700 2321 1712 2340 ‚
1745 2300 1922 2343 quorum
1956 2297 2128 2326 nornine
2161 2282 2305 2324 franc.

1269 2356 1585 2396 Hottornannus
1623 2381 1636 2400 ,
1679 2348 1826 2389 Franc.
1874 2344 2090 2385 Duarenus
2123 2370 2135 2392 ‚
2180 2339 2304 2380 Barn-

1268 2409 1487 2453 Brissonius
1522 2406 1571 2450 ’δε
1614 2407 1757 2449 Franc.
1795 2398 2016 2444 Ealduinus
2043 2430 2057 2451 ‚
2097 2397 2132 2440 ei
2167 2394 2307 2451 praeci-

1658 2475 1750 2506 tum
1793 2459 1837 2502 δι
1881 2459 1985 2501 Ant.
2030 2453 2305 2509 Augustinum

1618 2521 1662 2564 ἃ.
1693 2535 1742 2562 ex
1776 2515 1892 2560 Italis
1922 2512 2056 2558 Andr.
2089 2510 2307 2556 Alciatum

1631 2578 1756 2620 rimus
1799 2574 1907 2618 inter
1949 2584 2108 2616 exteros
2155 2569 2308 2613 huma-

2071 2627 2160 2672 foro
2209 2625 2306 2670 licet

2211 2716 2222 2738 ‚
2263 2683 2308 2726 ὅτ.

183 2759 290 2816 sert,
323 2779 409 2806 cum
441 2762 639 2818 historiam
669 2764 743 2807 alii
775 2764 931 2807 abunde
962 2762 1224 2813 tradiderint,·
1274 2756 1398 2809 Jacob
1446 2749 1751 2797 Gothofredum
1783 2781 1797 2803 ,
1851 2746 2052 2804 praecipue
2093 2744 2141 2788 in
2183 2740 2314 2785 fonti-

1898 2805 1922 2848 d
1985 2819 2007 2846 z
2246 2799 2317 2841 bus

312 2945 1227 2961 --·—-——————-——ae-——
1284 2928 2090 2950 ————-.-———-———————.—-—
2104 2918 2317 2939 ᾖσι-ιζ’·-

229 3021 322 3071 tt)
352 3028 449 3066 ¹rno,
477 3030 533 3062 etfi
562 3029 611 3063 hae
637 3030 782 3065 iauditiae
810 3032 930 3065 inforo
944 3029 1149 3064 versantibus
1168 3024 1230 3058 mi-

204 3076 303 3116 n’me.
323 3070 500 3122 prodessent
529 3087 538 3114 ;
564 3083 677 3109 tamen
703 3078 756 3110 vel
782 3077 856 3111 ideo
881 3078 960 3116 juris
990 3075 1135 3108 studiofis
1163 3082 1228 3104 rna-

204 3121 269 3159 gf¹⁰
295 3121 328 3142 ’Π
354 3123 460 3164 ‚pret-¹0
489 3120 547 3151 effe
570 3119 726 3155 deberent
744 3145 755 3161 ‚
781 3122 868 3165 quod
894 3131 1000 3156 artem
1030 3120 1133 3162 ipsam
1170 3116 1229 3149 rni-

205 3165 249 3187 ris
276 3155 488 3195 suavitatibus
512 3163 696 3207 condiunt,
722 3167 934 3211 animumque
966 3163 1148 3208 iurisperiti
1174 3173 1231 3196 ve-

1280 3021 1452 3054 hementer
1478 3025 1599 3052 otnant
1625 3039 1633 3048 .
1660 3014 1784 3048 Maluit
1808 3022 1922 3048 tamen
1951 3010 2017 3054 ipse
2049 3007 2196 3044 Gravina
2221 3014 2311 3038 com-

1282 3066 1434 3100 mendare
1461 3066 1513 3098 sua
1540 3064 1581 3096 ab
1611 3061 1756 3096 utilitate
1774 3062 1810 3093 in
1824 3056 2063 3092 exercitatione
2081 3051 2196 3085 forensi
2213 3071 2222 3087 ‚
2250 3048 2308 3080 do-

1281 3113 1338 3152 10,
1366 3112 1425 3145 nisi
1452 3110 1624 3145 fallimur,
1654 3108 1765 3139 bono:
1792 3106 1868 3148 quia
1890 3125 1900 3142 ‚
1927 3102 1984 3145 qui
2011 3100 2093 3132 talia
2120 3097 2294 3140 promine-

1281 3165 1353 3193 rent
1369 3180 1380 3198 ,
1404 3166 1458 3192 eos
1484 3163 1594 3200 gratos
1616 3151 1790 3190 juvenibus
1817 3150 1876 3182 effe
1902 3144 2124 3188 intelligeret.
