2596 3479
560 112 689 175 ΕΤ
750 112 1920 173 SENATUSCONSULTIS.

295 250 336 295 C
395 250 435 295 A
497 249 528 295 P
585 250 629 291 U
687 249 733 291 T
850 250 1080 295 LXXVII.

470 338 537 383 De
566 336 667 393 Lege
697 336 909 380 Falcidia.

176 416 190 425 ’
230 424 315 468 Am
341 438 438 468 vero
459 422 678 476 Voconia,
713 434 758 466 ut
776 421 987 476 diximus,
1024 437 1109 467 non
1149 421 1209 465 sa·

259 482 309 524 tis
348 480 484 524 heredi
534 481 755 523 cavebatur
780 510 793 533 ‚
834 480 929 536 quia
965 480 1210 537 ,plerumque

169 537 453 592 multiplicato
477 552 650 580 nurnero
676 537 905 592 legatorum
931 569 944 591 ,
970 553 1094 582 omne
1129 537 1210 580 fere

171 593 333 638 lucrum
361 594 496 637 heredi
521 593 801 638 detraheretur
821 625 830 636 .
865 595 1079 650 Propterea
1111 609 1207 638 con-

169 650 305 695 filium
334 650 474 708 legum
500 653 629 695 Furiae
670 652 714 695 δε
740 652 942 696 Voconiae
971 654 989 704 (
1027 667 1078 697 ne
1103 650 1210 696 scili-

169 722 234 751 cet
279 711 476 765 parvitate
514 709 618 753 lucri
643 709 692 752 ab
723 709 936 754 heredibus
971 710 1210 752 testamenta

165 765 521 818 destituerentur)
571 766 746 810 minime
794 766 1053 810 succedebat.
1096 766 1210 810 Hinc

170 823 240 866 sub
284 824 466 881 Augusto
490 824 745 868 Triumviro
778 823 1031 879 Reipublicae
1061 823 1209 867 consti-

168 881 328 924 tuendae
349 913 361 935 ,
390 893 611 937 antequam
649 881 718 924 fibi
753 881 1015 924 tribunitiam
1044 880 1206 936 potesta-

168 948 253 980 tem
279 938 510 991 adjecisset,
530 941 575 981 L.
600 937 815 991 Antonio,
839 939 879 982 P.
905 938 1080 982 Servilio
1102 937 1205 980 Isau>

167 995 254 1038 rico
298 995 445 1038 iterum
484 996 593 1038 Coss.
629 997 684 1039 Α.
711 996 766 1037 U.
790 997 843 1038 C.
872 996 1102 1039 DCCXII.
1130 994 1211 1037 lata

168 1050 249 1094 fuit
273 1068 296 1096 a
321 1052 503 1096 Falcidio
522 1053 715 1096 Tribuno
747 1052 851 1107 pleb.
879 1052 942 1096 lex
964 1084 976 1107 ‚
1008 1068 1097 1109 quae
1120 1052 1208 1095 Fal-

169 1109 275 1152 cidia
297 1110 445 1153 dicitur
461 1141 472 1163 ‚
505 1126 583 1165 qua
609 1126 693 1153 non
714 1110 803 1166 plus
826 1110 1021 1154 dodrante
1043 1109 1208 1165 permis-

171 1165 258 1209 sum
300 1167 475 1210 testatori
516 1167 593 1211 suit
628 1167 800 1224 legando
834 1168 1072 1212 absumere:
1107 1166 1210 1210 faEia

168 1221 306 1267 heredi
335 1224 528 1268 facultate
561 1225 798 1268 detrahendi
825 1225 894 1268 sibi
919 1237 1105 1280 quartam
1139 1224 1206 1267 he-

169 1281 351 1325 reditatis
374 1294 530 1337 partem
551 1313 563 1335 ,
597 1283 622 1325 fi
662 1282 861 1327 hereditas
894 1283 1006 1337 supra
1036 1282 1208 1325 dodran-

166 1350 254 1382 tem
292 1338 435 1394 legatis
469 1352 760 1394 occuparetur.
812 1341 896 1392 (a)
933 1338 1210 1383 Gothofredus

168 1409 267 1438 vero
295 1410 407 1439 anno
433 1396 652 1451 superiori,
685 1410 726 1440 at
758 1395 978 1440 Balduinus
1003 1411 1114 1439 anno
1141 1411 1209 1450 po-

166 1451 328 1496 steriori
357 1467 504 1508 nempe
531 1453 719 1498 Calvino
741 1454 786 1497 &
811 1453 998 1497 Pollione
1021 1453 1131 1497 Coss.
1154 1453 1208 1495 la-

167 1520 255 1552 tam
283 1522 397 1565 putat
419 1541 429 1552 .
461 1511 527 1563 (b)
546 1511 605 1563 (⁴²)
631 1510 762 1562 Cujus
789 1510 890 1566 legis
918 1511 977 1554 vis
1000 1526 1049 1554 ex
1075 1511 1211 1554 intex-

167 1565 222 1609 tis
246 1581 267 1610 e
293 1582 334 1610 re
361 1579 456 1610 nata
482 1569 889 1623 interpretationibus
927 1568 1106 1623 porresta
1132 1567 1209 1610 fuit

167 1624 296 1667 etiam
333 1624 381 1667 ad
407 1625 691 1668 intestatorum
730 1626 1014 1678 successiones,
1046 1638 1209 1681 propter

168 1681 478 1725 fideicommissa
501 1697 549 1725 ex
578 1682 870 1727 constitutione
899 1682 984 1735 Pii,
1016 1683 1074 1733 (c)
1098 1682 1140 1725 ἃ
1165 1683 1209 1724 ad

166 1737 410 1783 donationes
435 1739 550 1782 causa
571 1740 716 1783 mortis
746 1756 794 1783 ex
820 1740 1112 1783 constitutione
1141 1740 1206 1782 Se-

170 1796 291 1849 veri3
323 1797 412 1847 (d)
442 1795 625 1853 itemque
658 1797 706 1840 ad
738 1797 979 1840 donationes
1012 1797 1119 1839 inter
1151 1796 1211 1839 vi-

169 1867 264 1895 rum
306 1853 350 1896 &
392 1868 592 1907 uxorem,
623 1869 711 1910 qua:
739 1868 871 1898 morte
898 1855 1210 1897 confirmantur.

170 1910 229 1962 (e)
260 1909 368 1964 Quia
398 1910 524 1953 etiam
561 1910 622 1955 his
659 1911 882 1954 rationibus
921 1911 1079 1954 heredis
1119 1926 1199 1966 por-

169 1965 230 2010 tio
255 1966 364 2010 infra
386 1967 574 2011 Falcidiae
597 1969 871 2025 quantitatem
903 1968 1102 2012 imminui
1141 1984 1206 2023 po-

170 2023 275 2066 tuit:
312 2023 401 2067 ideo
437 2023 591 2079 placuit
626 2026 672 2069 ad
705 2025 788 2070 haec
827 2026 916 2069 vim
944 2025 1044 2082 legis
1068 2038 1211 2069 exten-

171 2080 263 2124 dere
285 2112 294 2122 .
325 2082 427 2134 Quae
457 2081 651 2125 detraffio
685 2084 730 2126 fit
760 2083 868 2126 salvo
906 2082 990 2134 jure
1024 2083 1209 2137 publico.

170 2137 291 2180 Nam
321 2152 372 2180 ex
408 2139 561 2182 residuo
600 2140 721 2196 legati
745 2172 757 2192 ,
800 2141 976 2184 detratffh
1002 2141 1179 2184 Falcidia
1200 2172 1212 2193 ,

170 2193 467 2238 detrahendum
493 2196 569 2239 erit
599 2197 665 2250 id,
697 2197 803 2253 quod
834 2198 938 2241 forte
971 2213 1042 2252 per
1077 2197 1212 2255 legem

171 2250 343 2308 Papiam
388 2251 585 2309 legatario
627 2255 896 2311 denegaretur
930 2287 939 2298 .
980 2253 1061 2309 (s)
1096 2256 1212 2308 (¹⁴¹⁵)

1257 192 1523 237 Transfertur
1544 203 1681 233 autem
1708 187 1756 231 ad
1782 187 1924 230 fiscum
1952 183 2033 228 sine
2060 184 2145 229 ulla
2167 185 2304 228 detra-

1256 250 1391 294 &ione
1424 247 1645 301 Falcidiae,
1675 260 1726 290 ex
1758 246 1796 287 S.
1829 244 1882 287 C.
1918 241 2141 286 Planciano
2162 244 2296 297 ,('‘**)

1257 306 1450 363 quidquid
1501 317 1644 351 contra
1689 303 1824 360 legem
1858 299 2144 365 relinquitur,
2191 300 2302 363 clam

1258 365 1301 409 δι
1346 366 1388 408 in
1433 363 1615 408 fraudem
1666 361 1799 417 legis,
1839 359 1947 416 quod
1978 370 2155 402 taciturn
2189 358 2302 402 ndei-

1259 421 1518 465 commissum
1551 418 1778 475 appellatur
1798 450 1807 460 .
1852 418 2000 473 Neque
2025 415 2138 459 illius
2168 413 2301 458 detra·

1257 479 1405 523 &ionis
1439 477 1600 521 omissio
1637 476 1743 520 cedit
1785 475 1898 518 lucro
1933 472 2110 518 aliorum
2143 471 2299 529 legato-

1260 551 1380 589 rum,
1414 534 1475 579 sed
1520 533 1629 587 fisci,
1661 533 1710 576 ad
1742 547 1867 589 quem
1902 544 2049 588 quarta
2070 531 2121 574 ab
2151 529 2300 574 herede

1260 609 1343 636 non
1370 604 1526 636 retenta
1553 590 1728 646 pertinet
1752 606 1802 633 ex
1836 588 2136 633 consultatione
2152 589 2206 630 D.
2225 588 2300 630 Pii.

1258 652 1342 708 (g)
1367 649 1613 694 Excluditur
1648 648 1774 692 etiam
1806 648 1845 689 S.
1877 648 1933 690 C.
1958 646 2136 690 Falcidia
2161 648 2211 689 eit
2244 644 2303 688 le-

1259 721 1354 764 gato
1389 708 1488 751 servi
1511 739 1524 761 ‚
1555 720 1679 763 quem
1722 704 1810 761 quis
1861 715 2023 761 rogatus
2055 703 2180 747 fuerit
2210 719 2301 745 ma-

1259 766 1514 809 numittere:
1549 778 1722 820 eamque
1755 773 1919 806 tanturn
1953 761 2161 805 detrahere
2201 760 2303 804 lice-

1261 822 1318 866 bit
1355 838 1405 867 ex
1435 838 1484 866 eo
1506 853 1517 874 ‚
1560 821 1674 877 quod·
1706 819 1809 863 forte
1860 819 1930 874 ipsi
1967 820 2079 863 servo
2117 818 2303 874 legatum

1260 880 1404 924 fuerit.
1437 880 1523 933 (h)
1549 879 1742 921 Praeterea
1769 876 1890 921 refert
1916 875 2042 929 Caius
2060 907 2073 930 ‚
2105 876 2187 930 ipsa
2212 875 2299 930 lege

1260 937 1437 981 Falcidia
1470 936 1697 991 expressum
1733 935 1845 978 fuisse
1877 966 1889 988 ‚
1940 950 1992 978 ne
2033 948 2122 990 quae
2152 931 2303 976 mulie-

1260 995 1311 1037 ris
1336 995 1451 1038 causa
1473 1006 1583 1038 emta
1610 1006 1748 1048 parata
1774 992 1899 1035 essent
1920 1023 1933 1045 ,
1982 1003 2134 1047 quartae
2170 990 2305 1033 detra·

1258 1052 1439 1095 &tionem
1468 1063 1700 1107 paterentur
1730 1082 1739 1092 .
1770 1051 1827 1102 (i)
1857 1049 1963 1092 lllud
1991 1063 2153 1104 quoque
2182 1057 2304 1103 caput

1259 1109 1306 1152 ad
1345 1108 1476 1164 legem
1505 1107 1730 1151 Falcidiam
1776 1119 1939 1150 revocat
1971 1105 2192 1159 Cuiacius,
2223 1119 2307 1160 quo

1259 1182 1306 1208 ex
1334 1166 1426 1209 dote
1451 1165 1568 1209 uxori
1597 1163 1771 1220 relegata
1791 1163 2014 1207 Falcidiam
2032 1162 2188 1206 detrahi
2213 1177 2305 1216 pro-

1261 1223 1451 1276 hibetur,
1471 1239 1566 1266 cum
1594 1234 1737 1277 praeter
1763 1222 2051 1264 testamentum
2079 1220 2161 1263 alio
2175 1219 2304 1262 etiarn

1259 1295 1308 1324 ex
1353 1280 1438 1332 jure
1481 1279 1698 1333 debeatur,
1748 1281 1810 1330 (k)
1841 1293 2017 1335 cumque
2052 1277 2130 1320 hoc
2170 1275 2307 1330 jungit

1260 1337 1368 1380 aliud
1401 1350 1524 1391 caput
1546 1368 1558 1389 ,
1590 1351 1671 1392 quo
1702 1336 1934 1378 decernitur
1955 1367 1967 1389 ,
2000 1347 2044 1378 ut
2078 1334 2120 1376 in
2153 1334 2304 1376 ducen-

1260 1396 1308 1438 da
1341 1394 1499 1437 ratione
1533 1394 1632 1449 legis
1672 1392 1861 1436 Falcidiae
1888 1424 1899 1445 ‚
1945 1393 2053 1447 prius
2086 1391 2302 1434 deducatur

1260 1467 1310 1496 aes
1334 1452 1542 1495 alienum:
1568 1463 1778 1506 propterea
1804 1451 1913 1505 prius
1936 1449 2166 1493 deducenda
2186 1459 2306 1490 erant

1262 1509 1395 1564 precia
1425 1510 1632 1552 servorum
1657 1540 1668 1561 ,
1698 1508 1844 1564 quibus
1880 1506 2043 1550 libertas
2080 1518 2166 1550 erat
2207 1505 2302 1548 reli-

1259 1567 1323 1610 Sta
1346 1567 1444 1609 adeo
1476 1566 1629 1618 (*'‘**)
1662 1578 1704 1608 ut
1735 1564 1828 1607 inde
1857 1564 2156 1620 patrimonium
2192 1562 2309 1605 testa-

1262 1624 1363 1666 toris
1387 1622 1670 1666 minueretur.
1703 1623 1759 1674 (l)
1788 1624 1878 1665 Hac
1907 1633 2044 1667 autem
2072 1620 2158 1677 lege
2198 1619 2304 1673 lata,

1262 1682 1379 1725 Furia
1411 1682 1453 1724 ἃ
1480 1681 1671 1723 Voconia
1716 1679 1936 1723 siluerunt.
1971 1680 2043 1723 Per
2081 1679 2305 1722 Falcidiam

1261 1739 1373 1782 enim
1404 1737 1562 1793 plenius
1586 1739 1921 1783 testamentorum
1967 1736 2155 1780 firmitati
2189 1733 2308 1779 simul

1261 1797 1303 1839 ὃ(
1345 1794 1503 1838 heredis
1552 1794 1723 1838 utilitati
1771 1795 1996 1838 consulitur
2029 1810 2038 1836 ι
2091 1807 2304 1850 propterea

1264 1852 1464 1896 sublatum
1507 1867 1667 1908 quoque
1712 1851 1787 1895 fuit
1834 1852 1944 1896 sexus
1990 1852 2210 1896 discrimen
2246 1851 2306 1894 su-

1263 1910 1485 1965 perioribus
1517 1910 1731 1953 indusium
1764 1909 1948 1966 legibus.
1983 1911 2141 1953 Verum
2176 1908 2308 1952 Falci·

1261 1968 1336 2010 dice
1379 1967 1483 2010 vires
1526 1967 1630 2010 elisit
1674 1967 1856 2010 maxime
1900 1966 2184 2021 justinianus,
2220 1982 2309 2022 per·

1263 2024 1376 2069 missa
1418 2023 1621 2070 facultate,
1662 2024 1913 2067 testatoribus
1959 2024 2117 2067 utiliter
2170 2022 2312 2079 prohi-

1263 2081 1381 2126 bendi
1433 2080 1695 2125 Falcidiam:
1742 2097 1838 2124 curn
1882 2093 2001 2126 antea
2053 2080 2311 2132 hujuscemo-

1262 2141 1298 2183 di
1333 2138 1576 2193 voluntati,
1621 2138 1887 2194 quantumvis
1935 2139 2149 2193 expressae,
2194 2138 2310 2183 here-

1261 2200 1327 2241 des
1376 2196 1551 2240 minime
1596 2211 1735 2251 parere
1765 2210 2011 2252 cogerentur
2031 2230 2042 2239 .
2088 2199 2201 2250 (m)
2235 2198 2313 2241 His

1263 2254 1417 2312 legibus
1471 2266 1562 2310 apte
1615 2266 1860 2298 contexetur
1900 2254 2311 2299 Senatusconsultum

2204 2315 2313 2357 Tre—

175 2384 1212 2403 —————-—-—-——--
1273 2390 2316 2402 ——-—-——————-—————

218 2423 282 2463 (a)
310 2425 348 2457 L.
369 2423 449 2468 1.ff
466 2426 508 2458 aa·
521 2429 543 2459 Ι.
564 2429 656 2461 Pale.
671 2430 817 2461 Govean.
834 2426 916 2460 ibid.

222 2466 282 2508 (b)
305 2469 403 2501 Dion.
423 2469 482 2502 lib.
498 2474 555 2509 48.

220 2512 305 2552 ζ’)
330 2512 430 2550 cujus
456 2514 655 2548 sententiam
682 2524 798 2558 praeter
842 2516 939 2547 Dion.
970 2513 1090 2553 iuvant
1117 2516 1213 2549 Euse-

174 2555 248 2596 bius
276 2558 388 2590 Chron-
418 2571 507 2593 num.
538 2562 962 2594 MDCCCCLXXXVIII.
1003 2562 1032 2592 sc
1073 2561 1213 2594 Isidorus

172 2604 319 2643 Eumol.
338 2605 370 2635 V.
394 2612 442 2641 ις,

222 2647 282 2686 (d)
309 2648 344 2679 L.
359 2647 538 2691 filiusfam.
558 2648 595 2692 ff.
610 2651 654 2683 ad
666 2652 688 2683 l.
714 2651 843 2684 Falcia.

223 2693 287 2733 (d)
310 2694 346 2724 1..
368 2704 398 2725 2.
415 2699 450 2726 C.
468 2695 506 2727 de
521 2696 629 2728 donat.
649 2706 741 2729 mort.
759 2697 842 2736 caus:

223 2739 279 2779 (ei
306 2739 344 2771 L.
360 2750 430 2771 cum
447 2739 613 2781 hicssatus
643 2742 672 2784 §.
701 2741 804 2774 oratio
824 2738 900 2784 nff.
928 2740 967 2774 de
990 2740 1100 2775 donae.
1131 2741 1219 2774 incer

176 2782 288 2815 virum
303 2783 342 2816 (9‘
357 2794 481 2817 uxorem
496 2807 505 2817 .

222 2827 285 2870 (f)
309 2827 420 2866 euinc-
439 2833 473 2862 C.
489 2831 533 2863 ad
546 2832 607 2873 leg.
626 2831 754 2864 Falcid.

198 2913 208 2921 ,
224 2874 293 2912 (¹¹⁴¹
309 2874 328 2912 )
351 2875 452 2917 Pinge
479 2898 491 2915 ‚
514 2876 662 2919 legatum
687 2877 770 2910 orbo
796 2874 949 2909 relietum
985 2882 1056 2909 erat
1094 2874 1210 2907 duode-

179 2924 247 2966 cim
271 2939 280 2949 .
306 2919 528 2954 Detrahet-itur
551 2921 580 2954 ei
607 2920 751 2964 primum
774 2930 916 2964 quatuor
941 2943 952 2961 ,
979 2920 1132 2954 Falcidiae
1158 2931 1215 2953 no-

181 2969 293 2999 mine,
320 2962 396 2996 dein
420 2965 560 2999 totidem
576 2989 586 3008 ,
610 2976 651 3000 ex
678 2967 746 3009 lege
772 2970 870 3009 Papia
885 2990 894 2999 .

227 3006 315 3045 (⁸⁴¹⁸
329 3006 350 3045 )
372 3010 468 3050 Quod
506 3014 578 3046 S.C.
620 3013 773 3054 precipue
812 3014 851 3044 ad
891 3010 1087 3044 hereditates
1124 3009 1215 3044 fidei-

181 3051 415 3100 tpmmiffarias
440 3057 626 3096 pertinebat
641 3077 652 3095 ‚
679 3064 716 3090 ut
730 3063 870 3099 apparet
883 3067 925 3089 ex
942 3056 983 3089 iis
1008 3075 1018 3091 ς
1045 3065 1115 3098 quae
1131 3061 1210 3090 Gra-

182 3105 259 3127 vina
284 3095 438 3134 subiicit.
465 3106 537 3133 tum
574 3112 614 3134 ex
640 3104 677 3134 L.
697 3111 749 3142 59.
769 3104 801 3145 .§
823 3105 910 3134 1.D.
938 3102 981 3134 ad
1006 3103 1108 3143 legem
1135 3103 1210 3133 Fal-

1265 2425 1391 2460 scendis
1422 2425 1533 2459 liberis
1549 2448 1559 2461 ,
1584 2424 1624 2458 de
1648 2436 1714 2467 quo
1737 2425 1836 2467 supra
1861 2433 1928 2469 cap.
1946 2432 2000 2465 63.

1317 2471 1379 2513 (g)
1406 2475 1442 2504 L.
1456 2469 1621 2511 beneficiis
1643 2472 1670 2512 ς.
1692 2478 1842 2512 preterea
1851 2470 1892 2515 ff.
1913 2473 1956 2504 ad
1971 2471 2099 2504 Falcid.
2113 2473 2136 2506 1.
2153 2473 2241 2506 heres
2263 2482 2314 2506 ιι.

1260 2514 1299 2561 ff
1317 2518 1354 2547 de
1373 2518 1421 2548 his
1436 2538 1446 2555 ,
1471 2526 1536 2557 quae
1547 2525 1586 2548 ut
1599 2516 1727 2557 indign.

1308 2561 1366 2601 (h)
1394 2562 1428 2590 L.
1442 2559 1598 2600 fiservus
1614 2562 1638 2592 1.
1655 2558 1801 2603 planeff
1817 2560 1860 2592 ad
1881 2562 1904 2592 l.
1921 2561 2048 2593 Fascia.

1309 2606 1360 2644 (i)
1391 2608 1426 2637 L.
1439 2605 1499 2645 sed
1512 2604 1715 2646 ususfruffus
1735 2608 1785 2638 81⁴
1809 2608 1837 2649 §
1856 2616 1885 2636 2.
1906 2604 1942 2647 ff.
1960 2608 2001 2639 ad
2018 2609 2080 2649 leg.
2102 2608 2231 2641 Falcid.

1309 2651 1370 2691 (k)
1397 2653 1433 2682 L.
1445 2650 1503 2691 sea‘
1516 2649 1716 2693 ususfruffus
1729 2648 1765 2694 ff
1781 2654 1823 2684 ad
1835 2652 1858 2683 Ι.
1877 2653 2003 2685 Falcid.
2047 2651 2160 2690 Cujac.
2191 2657 2226 2687 C.
2243 2656 2309 2690 eod.

1263 2708 1298 2728 m
1317 2703 1364 2737 pr.

1308 2740 1448 2780 (uu)
1474 2743 1556 2782 Quae
1579 2737 1766 2773 deminutio
1792 2741 1991 2782 patrimonii
2033 2742 2198 2777 testatoris
2244 2756 2312 2778 nnn

1263 2793 1394 2818 tantum
1422 2785 1456 2818 in
1484 2786 1523 2817 iis
1551 2785 1650 2817 servis
1677 2785 1786 2818 locum
1811 2785 1954 2820 habebat
1995 2799 2004 2821 ε
2046 2788 2101 2831 qui
2145 2790 2311 2825 testatoris

1265 2830 1390 2873 proprii
1416 2829 1547 2863 fuerant
1576 2850 1587 2869 ‚
1614 2841 1727 2863 verum
1755 2830 1789 2862 in
1815 2831 1866 2865 his
1893 2843 2050 2876 quoque,
2077 2845 2161 2878 quos
2186 2835 2277 2869 heres
2294 2859 2303 2877 ‚

1263 2886 1337 2908 cum
1366 2875 1466 2908 alieni
1492 2876 1593 2908 essent
1610 2899 1621 2914 ,
1647 2876 1807 2909 redimere
1833 2878 1863 2910 &
1890 2878 2131 2913 manumittere
2174 2891 2307 2925 rogatus

1261 2921 1337 2954 esset
1354 2943 1364 2958 ,
1394 2922 1430 2953 L.
1449 2930 1501 2960 37.
1520 2923 1547 2963 §.
1573 2932 1597 2953 r.
1619 2924 1662 2953 D.
1680 2922 1722 2954 ad
1740 2922 1814 2960 Leg-
1835 2924 1964 2956 Falcid.

1305 2966 1358 3006 (l)
1385 2968 1422 2997 L·
1446 2965 1699 3015 i.§.h1eeverba
1728 2988 1739 3006 ,
1781 2967 1820 2998 ὢ*
1851 2969 1915 3011 seq.
1933 2967 2016 3011 ffiss‘
2031 2969 2082 3001 cui
2108 2971 2183 3012 plus
2209 2983 2306 3015 quam

1260 3016 1316 3053 per
1331 3011 1354 3043 1.
1371 3011 1498 3043 Falcid.
1515 3015 1626 3047 Cujac.
1645 3015 1679 3044 C.
1697 3014 1766 3045 adl
1795 3014 1886 3045 Fare.

1307 3055 1377 3095 (m)
1405 3058 1505 3088 amb.
1527 3059 1634 3089 conae.
1661 3067 1670 3088 r
1712 3064 1780 3099 cap.
1799 3068 1828 3088 2.
1845 3059 1882 3090 de
1899 3058 1996 3090 berea.
2015 3057 2053 3089 (5
2073 3061 2199 3092 Falcid.
2223 3065 2302 3095 Ant.

1262 3103 1345 3143 Aug.
1365 3102 1400 3132 in
1414 3100 1486 3132 libr.
1504 3101 1541 3132 de
1555 3103 1618 3145 leg.
1634 3103 1676 3136 ad
1695 3103 1774 3136 banc
1798 3104 1900 3144 legem
1915 3104 2005 3136 auth.
2016 3105 2074 3145 sed
2087 3117 2158 3139 sam
2174 3106 2306 3147 testarer

181 3140 304 3173 eidiam
331 3161 340 3179 ,
369 3143 539 3186 latumque
576 3145 709 3178 videtur
745 3147 862 3179 eodem
903 3146 998 3187 plane
1035 3154 1212 3187 tempore,
1260 3146 1532 3181 C.adl.Falcid.

182 3191 248 3227 quo
270 3185 380 3223 latum
403 3189 448 3224 est
472 3190 802 3226 senatusconsultum
828 3190 1043 3225 Plancianum
1055 3189 1094 3224 de
1110 3200 1217 3234 agno-
