2524 3479
195 171 413 212 xxmu
469 149 1201 208 CONSIDERATIONES
1225 151 1331 204 AD
1354 151 1488 206 Lm.
1513 152 1614 205 DE
1636 151 1838 206 ome.
1862 140 2019 225 JUR.

188 233 255 286 qui
275 230 498 282 orbitates,
530 229 572 271 in
599 228 966 279 filiisviventium‚
997 225 1232 282 parentibus

189 287 408 340 infligant.
439 287 488 328 Si
511 289 604 339 quis
624 300 753 327 tamen
775 284 999 336 huiusmodi
1016 280 1232 335 reus-fuerit

188 346 342 386 oblatus
355 375 367 396 ‚
402 343 653 397 posteaquam
670 346 779 396 super
803 340 1007 391 erimine(
1025 339 1132 382 illius
1147 338 1231 392 spe-

188 401 295 453 cici,
315 403 331 451 )
352 401 550 442 claruerit:
568 401 685 454 (quae
707 414 784 441 vox
807 413 888 440 non
905 409 1059 452 poterat
1075 395 1224 449 simpli·

190 459 290 500 citer
303 456 427 510 accipi
447 488 458 507 ,
492 471 560 509 pro
577 452 785 510 constiterit
802 487 814 507 ‚
839 455 941 508 quod
960 452 1042 501 eius
1060 468 1144 494 reus
1161 451 1230 494 ille

190 513 265 565 sit3
298 528 341 557 ut
367 529 439 555 nec
452 514 621 564 patuerit
640 545 650 565 ,
686 512 1088 554 illainCod.'I'l>eod.
1122 508 1230 563 Quid

188 572 301 613 enim
319 570 477 612 interest
492 602 503 622 ‚
537 569 613 612 five
631 584 741 611 reum
756 584 875 624 quem
892 566 964 608 esse
983 578 1131 621 pateat,
1148 566 1228 620 pri-—

191 628 357 681 usquam
375 627 592 678 offeratur,
625 626 702 668 sive
729 626 808 678 post
835 624 1086 667 oblationem
1102 623 1227 665 confi-

194 697 322 726 teatur
348 684 502 725 crimen
521 715 530 731 ,
563 696 629 726 aut
657 684 702 724 de
729 698 775 724 eo
807 680 1135 730 convincatur.)
1171 681 1231 720 Ita

191 757 288 782 vcro
319 740 472 781 servum
501 754 567 782 aut
597 739 834 781 libertinum
864 737 992 780 bestiis
1021 735 1228 786 subjicien-

191 797 287 838 dum
307 813 318 842 ς
342 797 567 850 ingenuum
585 812 680 838 vero
693 795 825 850 gladio
841 793 1158 837 consumendum
1176 792 1226 833 es-

193 856 228 895 le
246 885 253 894 .
269 855 321 895 Et
340 854 423 894 sanc
443 853 572 903 Julius
588 853 733 895 Clarus
749 884 760 900 ‚
775 851 815 893 in
834 851 964 893 Ρνιιὲἶ.
979 847 1232 902 Crim.§.fin.

192 909 319 962 qursl.
345 913 412 951 68.
444 910 544 962 vers.
577 910 795 963 plagiarius
821 939 832 959 ,
866 919 1096 957 memorat,
1127 905 1231 960 quod

191 966 341 1015 hodie,
378 966 493 1019 plane
518 966 561 1007 ad
593 966 745 1008 sensum
765 965 886 1017 legis,
918 978 1037 1019 quem
1067 962 1226 1015 praebui-

192 1038 284 1065 mus
300 1055 310 1074 ‚
326 1022 444 1077 gladii
462 1037 583 1076 poena
599 1024 638 1065 in
654 1038 719 1065 eos
732 1034 978 1070 exerceatur,
993 1019 1060 1072 qui
1076 1018 1232 1061 crimen

193 1079 274 1122 hoc
300 1081 560 1122 committere
576 1078 886 1131 consueverint3
915 1090 958 1119 ut
972 1077 1068 1118 adeo
1081 1074 1235 1130 exposi-

195 1127 511 1187 tiot'iemillam‚
544 1136 691 1179 &vera
720 1133 1012 1189 interpretandi
1032 1134 1160 1183 ratio,
1193 1131 1235 1173 &

195 1192 274 1244 ipsa
318 1192 570 1234 observantia
602 1226 613 1245 ‚
657 1192 811 1235 affatim
856 1191 1127 1234 confirment.
1157 1189 1237 1241 (²⁶)

195 1249 363 1290 Diceres
389 1281 400 1300 ‚
434 1249 550 1292 toties
577 1251 756 1292 aberrare
784 1249 1046 1303 interpretes:
1081 1246 1237 1300 quoties

199 1320 345 1347 manus
362 1305 562 1347 violentas
586 1306 719 1349 textui
751 1305 960 1355 inferunt3
992 1317 1061 1345 aut
1082 1303 1127 1343 de
1141 1317 1235 1344 con·

199 1362 410 1404 ciliatione
427 1363 753 1405 antinomiarum
772 1394 782 1415 ‚
799 1377 884 1417 quae
905 1372 1117 1414 apparent,
1134 1357 1233 1400 solli-

199 1416 272 1460 citi
309 1433 391 1459 non
424 1418 537 1460 sunt.
570 1421 625 1461 Et
659 1435 757 1460 num
791 1433 887 1471 ergo
919 1417 1041 1460 causae
1061 1415 1155 1469 quid
1170 1415 1240 1457 ba-

199 1474 286 1515 buit
319 1475 504 1517 Gravina
530 1480 552 1515 ?
583 1488 626 1518 ut
659 1476 725 1518 ista
747 1475 834 1517 loca
862 1506 872 1526 ,
905 1488 991 1529 quae
1023 1487 1133 1513 nunc
1167 1487 1238 1513 nos

197 1529 480 1582 lustravimus,
512 1532 555 1573 &
589 1532 666 1582 ipse
686 1564 697 1584 ‚
727 1548 798 1574 ceu
833 1545 965 1572 naevos
985 1527 1137 1572 venusti
1153 1544 1239 1570 cor·

198 1587 307 1642 poris
333 1618 345 1636 ,
395 1587 513 1630 unice
547 1587 705 1631 fastidio
738 1588 852 1630 duxit
881 1619 892 1637 ‚
926 1602 998 1640 pro
1029 1585 1241 1640 desperatis

198 1643 464 1699 agnosceret,
496 1661 541 1687 ac
574 1646 660 1701 plus
694 1645 760 1688 suo
792 1644 991 1701 Cuiacio,
1022 1642 1111 1684 viro
1136 1654 1241 1684 cete-

197 1699 346 1755 roquin
383 1717 559 1755 magno,
592 1703 634 1745 &
665 1703 711 1745 de
744 1698 1061 1755 Jurisprudentia
1083 1700 1236 1740 Roma-

200 1772 254 1799 na
299 1757 592 1801 immortaliter
635 1758 783 1801 merito
810 1790 821 1811 ‚
865 1771 987 1812 quarn
1033 1756 1132 1807 suae,
1163 1770 1242 1809 qua

198 1812 364 1865 defungi
397 1828 555 1869 poterat
589 1816 816 1868 industriae,
847 1813 1048 1856 deferret.

260 1870 376 1912 Alias
407 1871 627 1926 diligentiae
657 1871 790 1926 operis
815 1903 826 1923 ‚
870 1870 975 1926 quod
1009 1867 1138 1910 multa
1170 1867 1242 1911 flo-

201 1940 275 1983 ret¹
311 1927 544 1981 eloquentia
577 1960 588 1981 ‚
637 1930 753 1972 decus
805 1928 950 1983 ingens
997 1925 1242 1968 accessurum

202 1982 307 2026 foret
334 2015 346 2036 ,
379 1983 403 2026 fi
439 2000 546 2027 nunc
573 2017 584 2035 ‚
616 1987 683 2029 ubi
717 1984 942 2028 absolutum
977 1982 1030 2025 est
1054 2013 1066 2032 ‚
1099 1981 1243 2023 melio-

199 2040 234 2082 ri
269 2039 462 2083 methodo
493 2042 646 2097 disponi
682 2042 804 2096 posset
831 2072 840 2081 .
889 2039 1004 2094 Quin
1036 2039 1078 2080 δι
1111 2037 1242 2092 singu·

203 2096 240 2139 la
284 2096 465 2152 quaedam
511 2100 597 2140 sunt
626 2131 637 2149 ,
693 2099 871 2141 inaniter
916 2095 1082 2149 repetita
1114 2125 1125 2141 ,
1175 2107 1245 2136 aut

203 2153 314 2196 male
345 2153 543 2198 collocata
573 2187 580 2196 .
625 2156 691 2197 Sic
723 2156 834 2198 enim
869 2153 1019 2196 vellem
1053 2183 1064 2201 ,
1096 2151 1240 2212 Gravi-

158 2248 160 2250 .
202 2225 330 2262 nam,
360 2212 522 2264 quando
555 2211 596 2253 in
629 2214 718 2254 Lib.
748 2213 823 2254 ΙΙΙ.
840 2222 922 2264 cap.
943 2208 1094 2250 112.de
1118 2209 1160 2248 L.
1178 2209 1246 2248 Li-

205 2266 317 2309 cinia
360 2267 504 2309 trafiat
529 2299 541 2319 ‚
587 2269 757 2310 eandem
802 2268 930 2321 legem
965 2265 1007 2307 in
1041 2264 1152 2324 suurn
1182 2262 1260 2325 ,lo-⁵

206 2338 302 2365 curn
338 2354 350 2376 ,
393 2324 461 2366 ubi
503 2324 548 2366 de
591 2323 839 2366 alienatione
883 2320 1066 2364 mutandi
1110 2319 1245 2370 iudicii

199 2380 322 2422 ,causa
364 2380 498 2435 agitur
530 2412 541 2433 ‚
593 2382 654 2423 seu
686 2381 732 2423 de
767 2381 807 2422 in
843 2379 1118 2434 potentiorem
1150 2375 1247 2418 alie-

209 2436 377 2478 natione
404 2468 415 2488 ,
465 2436 755 2491 transposuisset
788 2453 796 2477 :
848 2452 940 2479 curn
989 2433 1072 2483 ejus
1103 2432 1246 2474 doc'tri-

1280 224 1417 269 locum
1447 225 1584 269 referri
1614 227 1858 269 debuissent:
1893 243 1989 270 cum
2016 226 2061 271 in
2087 243 2134 272 ea
2157 243 2199 273 re
2222 227 2325 274 lusui

1280 284 1348 325 vix
1381 282 1600 337 quicquam
1634 283 1930 339 indulgendum
1964 283 2032 333 sit,
2063 286 2196 339 quod,
2229 301 2326 330 cum

1278 340 1422 380 omnia
1446 339 1492 381 ad
1514 339 1637 382 finem
1665 354 1836 396 vergant
1856 341 1899 382 ἃ
1923 339 2167 394 interitum,
2196 343 2326 387 etiam

1280 394 1496 439 hominem
1519 411 1567 438 eo
1592 397 1730 439 deduci
1753 409 1935 449 oporteat
1952 428 1961 438 .
1993 398 2072 448 (⁴¹⁵)
2094 398 2148 440 Et
2165 398 2298 441 nescio
2314 429 2327 454 ,

1279 466 1331 492 an
1347 451 1450 494 reste
1466 451 1572 495 idem
1588 454 1627 494 d.
1641 454 1728 496 Lib.
1748 455 1822 496 III.
1838 464 1920 505 cap.
1948 456 2194 508 111,Legem
2213 455 2323 498 Rho.

1279 508 1416 560 diam,
1447 507 1555 551 inter
1584 509 1688 565 leges
1715 526 1804 560 eas,
1837 525 1923 563 quae
1943 510 2140 552 damnum
2161 511 2325 555 resarci-

1280 577 1355 606 unt
1374 596 1386 617 ‚
1419 565 1641 620 redegerit3
1677 567 1718 609 δ(
1744 582 1826 609 non
1857 566 2054 608 reRiusad
2076 568 2325 621 negotiatio·

1283 637 1375 664 nem
1394 652 1405 672 ‚
1439 621 1500 664 seu
1528 623 1775 665 consortium
1794 654 1806 674 ‚
1838 638 1926 664 eam
1955 623 2177 666 retulisset:
2215 624 2323 679 quod

1282 678 1322 720 in
1342 677 1547 721 Pandeuis
1563 679 1711 722 facium
1727 680 1802 723 est.
1838 681 1982 734 Neque
1995 679 2107 722 enim
2123 679 2325 724 damnum

1282 735 1348 777 hic
1379 736 1457 777 dici
1492 738 1614 788 potest
1648 737 1751 788 hoc,
1787 736 1961 790 respes’tu
1979 735 2185 790 aliorum,
2216 738 2324 792 quod

1282 792 1369 834 casu
1402 791 1550 835 accidit
1579 825 1589 835 .
1636 793 1748 835 Alias
1779 792 2022 835 imminutio
2053 793 2127 835 illa
2158 809 2178 834 a
2210 793 2327 836 causa

1283 849 1407 903 repeti
1444 848 1604 904 ipsoque
1637 849 1868 892 infortunio
1899 851 2083 892 deberet:
2120 865 2214 892 cum
2235 849 2328 904 qui-

1281 905 1372 947 dem
1404 905 1600 948 damnum
1634 907 1691 950 ita
1721 923 1742 948 a
1777 906 1889 950 sociis
1910 938 1921 959 ,
1953 919 2022 949 aut
2055 906 2282 949 ve&0ribus
2314 936 2328 960 ,

1282 962 1323 1004 ὅ(
1348 962 1466 1005 ‘inter
1497 978 1590 1015 eos,
1622 962 1883 1017 resarciatur,
1915 976 1960 1006 ut
1993 979 2059 1017 per
2073 963 2328 1007 consortium

1286 1019 1322 1059 id
1354 1034 1402 1061 ex
1436 1034 1549 1074 aequo
1579 1050 1590 1070 ‚
1634 1020 1679 1061 ad
1712 1035 1855 1063 omnes
1889 1020 2110 1073 perdu&o‚
2146 1021 2328 1063 restitua-

1284 1090 1386 1117 tur:
1436 1075 1629 1130 siquidem
1674 1075 1735 1117 illi
1781 1078 1833 1118 ob
1873 1075 2024 1126 jactum
2062 1076 2196 1128 socii3
2241 1093 2326 1120 non

1286 1145 1384 1173 item
1428 1147 1475 1174 ex
1522 1131 1673 1174 damno
1704 1133 1797 1174 dato
1827 1164 1839 1185 ,
1883 1144 2075 1174 tenentur
2109 1164 2118 1173 .
2169 1134 2326 1188 Utique

1291 1189 1361 1238 1.)
1395 1187 1538 1230 smavis
1574 1189 1806 1243 tempestate
1841 1200 1975 1241 pereat
2000 1221 2012 1242 ‚
2046 1188 2158 1231 nulla
2188 1189 2241 1232 est
2274 1191 2327 1232 ob

1286 1243 1433 1294 jactum
1469 1246 1753 1287 contributio:
1807 1248 1862 1288 Et
1907 1245 1930 1287 si
1966 1260 2117 1288 merces
2148 1247 2329 1300 quoedam

1290 1301 1564 1355 recipiantur,
1596 1318 1618 1343 a
1652 1301 1784 1354 sorte,
1819 1302 1880 1344 vel
1915 1302 2105 1344 industria
2137 1303 2331 1346 domino·

1290 1374 1406 1409 rum,
1441 1359 1600 1401 servatce
1632 1358 1704 1400 esse
1738 1358 1975 1400 censentur.
2010 1360 2219 1408 2.)etiam
2237 1375 2329 1414 por·

1289 1414 1346 1456 tio
1375 1413 1567 1465 jafiarum
1601 1415 1800 1457 mercium
1837 1415 1876 1457 in
1893 1415 2243 1458 contributionem
2263 1432 2330 1460 ve-

1291 1470 1377 1513 nire
1409 1472 1537 1514 debet.
1563 1474 1633 1525 3.)
1665 1472 1837 1526 Oportet
1871 1471 2034 1526 quidem
2066 1487 2159 1514 eum
2176 1473 2348 1518 contri-2

1292 1528 1409 1570 buere
1433 1559 1444 1580 ‚
1477 1544 1570 1570 cum
1603 1528 1799 1570 damnum
1835 1527 1999 1570 illatum
2034 1543 2117 1569 non
2150 1529 2230 1580 est,
2264 1530 2331 1572 in-

1289 1585 1413 1637 deque
1445 1585 1480 1626 ei
1516 1581 1647 1638 potius
1678 1584 1874 1628 damnum
1907 1585 1951 1627 fit
1979 1616 1990 1637 ,
2034 1597 2078 1627 ut
2109 1584 2179 1628 alii
2216 1586 2330 1629 suum

1291 1653 1495 1693 reparetur
1531 1657 1542 1693 3
1576 1656 1649 1683 nec
1681 1652 1818 1683 tamen
1851 1658 1893 1694 4.
1927 1643 1944 1692 )
1975 1653 2106 1683 toturn
2140 1642 2332 1697 cuiquam

1292 1695 1500 1740 resarcitur
1542 1697 1779 1740 damnum.
1833 1696 1947 1752 Quin
1989 1698 2124 1752 potius
2171 1714 2206 1753 5,
2239 1699 2256 1749 )
2287 1714 2334 1742 ea

1290 1754 1540 1797 contributio
1567 1786 1578 1805 ‚
1610 1754 1806 1808 impendii
1837 1787 1849 1807 ,
1883 1754 1924 1797 in
1959 1769 2017 1797 res
2048 1753 2224 1798 aliorum
2258 1755 2335 1798 ser-

1291 1813 1440 1853 vandas
1465 1843 1476 1862 ‚
1518 1812 1698 1867 qua’dam
1744 1812 1796 1853 est
1828 1811 2063 1866 reparati03
2106 1827 2187 1867 quo
2219 1812 2336 1866 pa&o

1292 1883 1375 1910 non
1409 1869 1677 1910 resarciuntur
1706 1868 1854 1910 damna
1885 1899 1896 1920 ‚
1943 1868 2001 1910 uti
2037 1884 2110 1911 nec
2142 1868 2214 1910 tali
2246 1885 2337 1911 mo-

1290 1926 1340 1967 do
1374 1925 1479 1967 inter
1511 1923 1637 1968 socios
1669 1925 1880 1979 impendia
1912 1925 2174 1968 restituuntur
2204 1940 2216 1976 3
2264 1925 2336 1982 qui

1291 1982 1457 2036 quidem
1515 1981 1582 2023 sibi
1628 1981 1915 2037 conventione
1966 1981 2144 2024 obstricti
2202 1981 2292 2024 sunt
2324 2012 2335 2024 .

1293 2041 1379 2089 6.)
1424 2038 1657 2093 Naufragio
1701 2037 1807 2081 faE‘to
1840 2070 1852 2090 ‚
1911 2038 2146 2080 conservata
2175 2068 2186 2090 ‚
2238 2053 2336 2082 cum

1291 2095 1492 2138 mercibus
1526 2111 1607 2136 non
1646 2095 1758 2145 jaffis
1781 2126 1794 2146 ‚
1826 2095 1966 2150 scapha
1991 2125 2003 2145 ‚
2037 2093 2150 2137 nulla
2183 2094 2336 2149 scapha:

1295 2152 1395 2194 ratio
1427 2151 1623 2204 habetur,
1656 2154 1681 2193 l.
1707 2168 1745 2204 4.
1774 2152 1827 2193 ad
1854 2152 1900 2193 L.
1930 2151 2061 2193 Rhod.
2095 2150 2228 2206 Igitur
2260 2153 2335 2204 7.)

1294 2224 1375 2250 non
1410 2207 1482 2249 nisi
1515 2209 1697 2250 adversus
1740 2208 1976 2263 magistrum
2002 2238 2014 2258 ‚
2056 2207 2103 2250 ad
2146 2207 2337 2250 detinen-

1293 2266 1388 2307 dum
1424 2280 1574 2306 merces
1601 2296 1612 2312 ,
1655 2264 1759 2306 aetio
1789 2266 1876 2306 est:
1909 2279 2035 2313 cum,
2067 2263 2093 2305 fi
2125 2263 2340 2317 negotium

1294 2322 1489 2364 directum
1522 2321 1568 2362 de
1600 2321 1752 2362 damno
1782 2321 1874 2362 esset
1901 2351 1913 2370 ,
1947 2319 2125 2363 vezstores
2155 2319 2339 2364 invicem

1295 2379 1341 2421 de
1372 2393 1420 2420 eo
1453 2377 1558 2419 inter
1591 2377 1624 2420 se
1657 2391 1772 2428 agere
1815 2375 2050 2429 oporteret.

1355 2436 1456 2489 Qiae
1487 2434 1649 2487 quidem
1683 2432 1823 2475 omnia
1850 2448 1863 2483 ς
1894 2431 1937 2474 ὅ(
1968 2432 2165 2475 Gravinae
2195 2465 2207 2487 ‚
2238 2432 2342 2476 Cla-

208 2508 290 2542 na,
321 2509 343 2534 a
375 2494 499 2536 citato
533 2493 623 2537 loco
644 2526 656 2547 ,
689 2495 849 2548 penitus
880 2492 1013 2535 aliena
1045 2490 1113 2531 sit.
1148 2490 1249 2531 Non
1299 2492 1438 2534 riffimi
1473 2491 1564 2532 Viri
1592 2521 1603 2540 ,
1654 2488 1876 2544 integritati
1919 2505 1964 2531 ac
1997 2490 2217 2543 prudentiae
2241 2521 2254 2542 ‚
2296 2491 2342 2534 &

207 2550 352 2591 minus
383 2565 454 2603 ea,
486 2566 574 2606 quae
604 2551 647 2592 in
680 2551 761 2593 eod.
791 2551 913 2598 libro,
945 2559 1027 2603 cap.
1047 2547 1132 2601 seq.
1159 2561 1249 2601 1¹3·
1299 2547 1537 2604 quorumvis
1579 2546 1737 2598 Judicio
1774 2577 1786 2598 ,
1828 2545 1896 2601 qui
1940 2545 2127 2588 idoneam
2178 2546 2343 2598 Juribus

211 2605 260 2648 de
294 2604 491 2662 religione
526 2607 829 2663 sepulchrorum
862 2606 982 2649 habet
1004 2637 1016 2659 ‚
1061 2605 1104 2647 in
1137 2604 1249 2646 suurn
1299 2604 1461 2649 tuendis
1491 2619 1656 2660 operam
1689 2603 1871 2659 praestant
1903 2633 1916 2656 ,
1964 2603 2147 2646 submissa
2181 2604 2297 2647 sunto
2329 2634 2339 2647 .

2145 2717 2344 2761 INDEX

201 2844 437 2865 ,εἱσι-μ...-
454 2847 1256 2860 ——-—-——-——-————.—-—-————
1305 2843 2345 2866 ——‹——————1————-—-—

261 2879 318 2916 ζ’)
345 2880 515 2919 Εκροῖἰιῐο
548 2901 557 2919 ,
598 2889 669 2915 (με
694 2878 745 2910 hic
770 2888 902 2920 paratur
930 2901 939 2909 ,

219 2922 293 2963 9,αὲ
319 2924 442 2963 testam.
465 2925 530 2964 fac.
561 2922 636 2965 poff.
671 2926 705 2954 L.
744 2933 791 2953 xi.
810 2930 835 2955 ὲ.
855 2933 878 2952 τ
901 2925 944 2953 D.
974 2923 1011 2952 de
1031 2921 1140 2959 Arcus.
1170 2920 1207 2951 Θ·
1225 2922 1259 2952 in

212 2968 329 3007 script.
363 2969 402 3000 (9·
428 2972 463 3000 L.
486 2971 536 3000 ult
565 2972 597 2999 c.
628 2969 670 2999 ad
699 2971 735 2999 L·
760 2966 894 2997 Fabiam
921 2968 955 2997 de
981 2968 1124 3004 Plaqvar.
1153 2965 1258 3001 prima
1310 2966 1452 2998 nominis
1492 2967 1655 2998 rationem
1706 2966 1865 3007 praecipue
1901 2963 2026 2998 secutus
2063 2966 2102 2997 sit

1151 3009 1201 3041 sed
1239 3009 1258 3040 si

221 3055 365 3096 penitius
403 3059 550 3089 animum
586 3056 736 3088 advertas
764 3077 774 3093 ,
827 3056 937 3087 omn'a
976 3054 1071 3093 plena
1109 3053 1168 3085 effe
1207 3053 1255 3084 vi-

221 3097 315 3132 deb-s
349 3112 541 3134 aranearum
570 3123 578 3132 .
629 3102 709 3133 Sunt
749 3100 838 3132 enim
885 3098 1106 3130 distinctiones
1129 3118 1139 3134 ‚
1189 3099 1261 3140 qui—

225 3141 286 3174 bus
334 3155 383 3176 res
430 3146 601 3179 conficitur
632 3167 641 3181 ,
693 3154 805 3176 ornnes
855 3142 1124 3177 commentitiae.
1180 3153 1260 3184 qua·

217 3010 301 3043 facie
342 3011 458 3046 habere
497 3012 621 3054 aliquid
678 3011 814 3043 videtur
865 3013 897 3042 in
950 3009 1108 3042 recessu:

968 2879 1004 2908 L.
1033 2887 1083 2907 πο.
1118 2877 1143 2914 ς.
1164 2887 1189 2915 5.
1216 2873 1253 2918 ff·
1307 2889 1365 2911 nec
1393 2879 1471 2909 vola
1497 2878 1655 2918 reperitur
1683 2888 1738 2908 nec
1764 2877 1931 2919 vestigium
1951 2900 1958 2908 .

1352 2921 1420 2958 Π)
1460 2924 1532 2953 imo
1559 2945 1568 2957 ,
1619 2932 1719 2964 quum
1756 2921 1871 2969 auctor
1908 2921 1941 2953 in
1979 2919 2185 2960 exponendis
2222 2920 2349 2961 legibus

2128 2988 2138 3003 ,
2178 2965 2204 2995 8:
2244 2965 2349 3004 julias

1309 3021 1423 3043 omnes
1454 3034 1460 3039 .
1502 3012 1672 3044 Cornelias
1711 3021 1825 3042 omnes
1851 3033 1860 3049 ‚
1898 3011 1928 3042 ὃ.
1965 3011 2105 3051 reliquas
2142 3010 2175 3040 in
2217 3020 2279 3040 una
2302 3008 2350 3041 se-

1314 3056 1361 3088 rie
1409 3056 1594 3096 exposuerit
1625 3065 1632 3085 :
1682 3059 1718 3087 1.
1769 3054 1932 3087 Licin³am
1983 3055 2082 3087 solam
2107 3054 2240 3096 ‘alieno
2278 3054 2351 3085 ioco

1318 3097 1453 3141 positam
1483 3122 1492 3134 ,
1540 3099 1604 3134 iure
1639 3102 1730 3141 queri
1770 3110 1835 3132 non
1872 3099 2035 3142 postumus
2065 3121 2076 3138 ,
2109 3109 2168 3132 nec
2205 3097 2352 3137 indigna-

1324 3145 1349 3176 ri
1366 3164 1377 3179 ,
1416 3142 1500 3186 quod
1527 3143 1563 3176 de
1589 3143 1766 3185 sepulchris
1791 3142 1863 3179 ideo
1888 3144 2008 3179 ultimo
2032 3143 2107 3178 loco
2127 3143 2253 3188 egerit,
2275 3142 2354 3184 quia

224 3198 300 3222 rum
336 3189 371 3222 in
408 3191 485 3234 ipfiz
525 3188 649 3234 legibus
678 3211 690 3231 ,
740 3197 855 3232 utpote
881 3188 1047 3223 sententiae
1071 3188 1229 3230 generalis
1254 3206 1266 3225 ‚
1325 3198 1414 3222 mors
1451 3188 1562 3222 omnia
1600 3189 1695 3222 finit.
