2524 3479
166 143 276 179 xxx
631 124 1213 182 CONSIDE

165 202 359 245 ventione
385 231 398 254 ,
433 200 576 257 suaque
610 201 827 246 voluntate
857 233 868 255 ‚
903 200 1058 245 teneri.
1093 200 1208 245 Sicut

164 272 303 302 autem
335 257 590 302 diffitendum
624 276 709 303 non
741 260 794 303 est
815 291 827 313 ,
862 259 1125 302 incommoda
1157 259 1206 303 il-

170 315 235 371 la,
268 331 356 373 quae
380 317 483 361 citra
508 316 740 361 societatem
767 318 935 361 civilem
966 330 1096 360 averti
1125 331 1237 360 non.
1257 319 1521 362 recedentibus
1541 319 1604 375 §§.

1277 127 1941 183 RATIONES

1319 203 1540 248 Diversum
1563 205 1725 260 penitus
1743 203 1793 247 ab
1806 203 1885 246 hoc
1897 202 1951 247 est
1964 200 2140 249 alterurn
2156 235 2170 260 ,
2189 210 2297 263 quod

1257 258 1362 304 ille
1353 261 1530 315 imperio
1553 264 1724 317 quaerit,
1758 260 2103 324 fundamentum,
2135 264 2304 310 (inan-

1630 294 1741 363 istiu's
1765 319 1883 361 Libri
1893 349 1909 383 ,
1941 318 2020 361 &
2010 334 2057 361 in
2079 320 2199 364 Libro
2216 325 2296 368 III.

172 386 362 429 poterant
393 406 406 428 ,
457 386 624 418 externe
661 375 850 418 homines
893 375 941 417 ad
979 375 1209 417 coeundum
1255 386 1339 429 cap.
1377 390 1414 430 3.
1451 375 1564 432 seqq
1593 376 1802 432 >quando
1827 376 1935 419 idm
1963 377 2121 422 ratione
2147 381 2303 424 consti-

168 431 405 488 impuliffe:
428 448 524 475 nam
553 432 714 476 interne
742 432 890 497 cupido
916 431 1142 486 societatis,
1165 432 1209 474 si-

170 505 220 534 ve
246 489 475 543 socialius,
509 489 700 534 homines
729 491 776 533 ad
801 489 988 534 civitates
1014 489 1210 533 ineundas

171 547 404 591 commovit
436 565 444 588 :
491 563 674 604 quamq
653 548 817 603 quidem
854 548 961 591 male
989 547 1208 590 Pufendor-

170 605 278 659 fius,
310 605 450 649 eadem
477 606 599 648 castra
625 605 818 649 Hobbesii
844 604 946 648 velit
972 603 1077 648 nolit
1104 605 1210 648 secu-

171 675 261 716 tuS,
294 674 384 706 utut
409 661 549 706 falsam
577 662 659 713 ejus
683 663 761 706 esse
788 662 1047 717 hypothesim
1066 662 1209 718 largia-

171 732 264 773 tur,
296 723 360 776 (q
367 735 459 763 uam
487 732 627 763 tamen
657 719 727 764 ille
752 720 818 763 suo
845 720 1056 763 substruit
1046 735 1122 770 juri
1140 734 1210 761 na-

173 736 360 828 turali)q
361 776 403 819 in
431 776 742 821 sociabilitatem
771 776 1013 831 transfudit,
1037 792 1108 819 ceu
1122 792 1209 831 qui

171 835 265 878 dem
290 835 337 878 ad
363 834 434 877 has
457 834 591 878 causas
618 834 877 890 impellentes
904 834 1127 890 susceptum
1144 849 1210 887 pa-

171 892 310 941 &urm
346 891 643 947 primigenium
669 892 952 948 appellamus·
943 924 955 945 ,
987 907 1067 947 quo
1094 906 1209 934 nem-

172 965 221 1005 pe
251 949 458 993 societates
492 949 634 993 civiles
666 981 677 1003 ‚
727 964 776 993 ex
813 949 997 1004 pluribus
1037 947 1211 991 familiis

171 1006 361 1063 pagisque
384 1039 395 1060 ‚
430 1006 610 1061 primum
637 1007 860 1050 coaluere·
851 1039 863 1059 ,
911 1006 955 1049 &
986 1004 1134 1049 dehinc
1163 1005 1210 1048 ad

169 1064 349 1109 alterum
375 1065 536 1119 paE'tum
554 1097 564 1116 ‚
592 1064 700 1119 prius
725 1064 823 1107 istud
846 1063 1080 1119 subsequens
1099 1096 1110 1117 ‚
1131 1079 1211 1119 quo

171 1122 304 1166 ordo
297 1138 337 1164 in
367 1121 620 1164 societatibus
645 1121 725 1164 istis
753 1154 765 1174 ‚
799 1121 879 1164 sola
904 1121 1100 1164 ha&enus
1126 1137 1211 1163 rna-

171 1180 411 1235 gistratuurn
439 1178 659 1222 direc'tione
681 1211 692 1232 ,
724 1179 932 1234 dispositus
957 1179 1005 1221 ad
1030 1177 1214 1229 majesta-

174 1251 258 1280 tem
281 1267 294 1290 ,
328 1237 390 1280 seu
417 1235 636 1291 perfecf‘tam
653 1237 980 1291 rempublicam,
1013 1237 1211 1291 redigere·

172 1308 274 1347 tur,
309 1293 581 1348 processerunt
604 1325 612 1335 .
647 1295 710 1336 Ita
743 1293 858 1337 nulla
879 1295 1039 1349 penitus
1059 1294 1122 1337 his
1144 1309 1207 1348 pa-

174 1351 250 1395 &is
282 1349 423 1394 inesset
456 1350 673 1394 validitas·
665 1383 676 1403 ,
721 1350 796 1394 nisi
827 1367 872 1394 ea
905 1351 1112 1406 superno,
1143 1366 1209 1393 eo-

176 1424 255 1465 que
289 1407 467 1450 naturali
498 1407 583 1459 jure
616 1408 930 1452 continerentur
958 1426 967 1450 :
1022 1408 1135 1451 velut
1166 1423 1212 1450 ea

172 1466 316 1509 omnia
336 1497 347 1517 ‚
380 1481 468 1521 quae
491 1465 745 1520 imperium,
779 1466 856 1509 sive
878 1466 1213 1522 magistraticum,

176 1524 256 1568 sive
279 1522 327 1566 ad
355 1523 603 1574 majestatem
625 1523 896 1588 compositum
915 1523 959 1566 δι
979 1522 1096 1574 hujus
1114 1538 1212 1578 quo-

177 1595 254 1637 que
288 1580 647 1623 inviolabilitatem
665 1612 677 1633 ,
698 1582 877 1624 attinent
893 1612 905 1635 ,
935 1596 1015 1623 una
1037 1596 1131 1623 cum
1153 1591 1210 1621 to-

175 1652 215 1681 ta
249 1650 401 1680 naturae
431 1637 476 1680 δε
506 1637 683 1681 aliorum
717 1637 868 1689 jurium
901 1638 1060 1693 origine
1091 1637 1133 1680 δε
1155 1637 1213 1678 vi-

178 1711 274 1749 gore
296 1727 308 1747 ‚
342 1694 384 1737 in
416 1696 724 1738 Commentariis
754 1697 804 1738 ab
839 1695 996 1739 Huberi
1024 1694 1150 1738 libros
1168 1694 1214 1736 de

170 1755 268 1806 Jure
299 1753 503 1796 Civitatis
526 1785 538 1806 ,
586 1752 705 1807 plena
737 1769 863 1797 manu
890 1784 902 1806 ,
932 1752 1172 1795 deduximus
1206 1781 1214 1791 .

178 1810 366 1852 Gravina
396 1822 534 1853 autem
567 1841 579 1862 ,
626 1825 697 1864 pro
730 1809 813 1860 jure
848 1842 861 1863 ,
912 1809 1066 1852 faffitum
1099 1808 1216 1852 nobis

179 1866 392 1909 venditat:
427 1867 470 1910 δι
503 1865 760 1911 voluntatem
794 1867 935 1923 populi
968 1867 1128 1919 talem,
1162 1866 1213 1909 ci-

178 1924 308 1968 vilem
340 1923 412 1967 esse
444 1925 667 1968 efficienter
692 1956 704 1978 ,
749 1937 898 1980 putat·
888 1957 901 1978 ,
947 1940 1035 1981 quse
1074 1937 1216 1967 tamen

181 1981 395 2025 civitatem
431 1983 547 2026 unice
575 2014 585 2033 ,
631 1998 701 2025 ceu
733 1982 937 2034 objectum
965 2014 977 2036 ‚
1021 1981 1213 2043 respicit:

182 2039 262 2094 ipsa
296 2054 392 2081 vero
427 2054 509 2081 non
542 2039 745 2093 aliunde,
777 2056 899 2102 quam
933 2055 954 2082 a
986 2052 1138 2082 naturae
1159 2055 1213 2089 Ju-

184 2112 259 2149 re,
293 2094 507 2139 vinculum
541 2097 693 2140 habet·
685 2129 696 2148 ‚
738 2098 845 2152 quod
878 2112 960 2147 yam
990 2110 1084 2140 ante
1117 2095 1211 2139 civi·

185 2166 314 2196 tatem
347 2154 556 2196 conditam
593 2154 787 2197 habuerat
814 2187 823 2196 .
857 2155 959 2196 Non
993 2155 1118 2197 etiam
1152 2152 1219 2196 ille

185 2210 395 2264 distinguit
438 2211 602 2266 passum
649 2211 745 2253 istud
779 2210 994 2266 geminum
1033 2242 1042 2252 .
1095 2211 1221 2262 Imo,

185 2267 346 2323 quando
379 2267 608 2310 naturalem
641 2267 878 2311 facultatem
910 2268 984 2312 esse
1016 2266 1112 2324 quid
1146 2267 1220 2309 mi-

118 2358 123 2363 ι
187 2325 334 2378 litare,
366 2325 458 2378 ait,
492 2324 534 2367 δε
565 2340 662 2369 vero
695 2337 837 2368 natura
860 2357 872 2378 ,
905 2325 969 2368 vel
999 2324 1131 2380 potius
1152 2340 1213 2367 na·

189 2381 311 2425 turali
345 2381 416 2425 illa
448 2381 639 2427 facultate
672 2414 683 2435 ,
726 2382 801 2427 niti
836 2382 924 2426 vult
956 2382 1178 2435 imperium
1212 2398 1220 2423 :

188 2454 274 2482 non
320 2438 442 2494 posset
474 2439 574 2482 illud
605 2439 818 2483 voluntate
851 2439 990 2496 populi
1023 2438 1180 2482 fundari
1214 2471 1224 2492 ,

189 2511 285 2541 cum
318 2509 471 2540 natura>
502 2497 572 2539 illa
606 2497 776 2541 facultas
811 2498 987 2552 superior
1021 2498 1064 2539 sit
1095 2497 1137 2539 ὃς
1159 2512 1206 2538 va

194 2553 315 2596 lidior
345 2569 421 2607 eo,
452 2555 557 2610 quod
592 2554 715 2598 civile
747 2556 830 2599 est:
866 2567 933 2598 aut
967 2554 992 2598 si
1015 2553 1226 2597 voluntate

191 2610 333 2667 populi
366 2610 602 2655 fundaretur
628 2645 640 2664 ,
685 2613 835 2656 necesse
868 2613 1004 2663 foret,
1004 2634 1009 2638 ·
1039 2611 1224 2655 validita-

193 2682 282 2711 tem
315 2667 540 2711 voluntatis
572 2668 684 2713 illius
716 2702 728 2722 ‚
773 2686 856 2713 non
888 2687 910 2713 a
941 2670 981 2712 vi
1015 2669 1184 2713 militari
1217 2702 1229 2723 ,

194 2728 212 2778 (
244 2740 368 2781 quam
399 2726 442 2768 &
475 2726 644 2782 populus
679 2728 902 2771 subvertere
934 2727 1088 2783 posset,
1122 2727 1232 2776 )ve-

1258 432 1373 475 tuit·
1364 464 1376 486 ,
1409 432 1481 476 nisi
1502 435 1634 478 dicere
1653 433 1862 487 velimus,
1895 434 2126 478 Gravinam
2148 437 2301 480 voluis-

1259 490 1293 532 se
1328 490 1480 534 rationi
1518 493 1693 535 tribuere
1730 489 1954 546 imperium
1993 522 2005 543 ,
2058 491 2084 534 fi
2117 492 2303 538 humana

1258 547 1447 591 conditio
1473 548 1510 591 id
1530 549 1662 603 ipsum
1683 548 1900 612 admittere
1920 547 2132 591 voluisset:
2166 551 2210 594 δι
2232 567 2303 595 ve-

1259 621 1303 648 ro
1325 637 1337 659 ,
1383 621 1479 650 curn
1510 607 1589 649 tale
1622 605 1842 670 imperium
1871 604 2009 648 locum
2035 605 2182 651 habere
2217 623 2303 651 non

1259 664 1471 718 potuerit,
1502 664 1666 719 imperii
1694 663 1898 705 rationem
1925 662 2134 716 superstrui
2157 677 2303 720 poten-

1259 719 1325 763 tiae
1349 721 1593 776 oportuisse.
1617 723 1667 763 In
1690 735 1769 775 qua
1794 718 2180 774 contemplatione,
2204 722 2304 766 sicut

1261 777 1369 820 varia
1393 778 1436 820 &
1462 778 1687 833 pugnantia
1713 776 1876 829 multa,
1909 775 2085 818 miscet:
2121 776 2178 820 ita
2211 794 2304 833 pre-

1259 835 1364 878 tium
1391 850 1522 889 operae
1546 835 1669 878 fuerit
1691 867 1702 887 ,
1738 849 1822 876 non
1847 847 1894 876 ea
1920 833 2048 875 solum
2082 865 2094 887 ‚
2139 850 2227 891 quae
2256 851 2306 879 m

1259 891 1342 935 illis
1366 893 1482 935 Libri
1498 894 1574 935 ΙῙῙ.
1603 908 1674 947 cap
1679 892 1802 934 itibus
1827 889 2023 933 doetrinae
2047 906 2152 934 verte
2175 892 2309 936 offen-

1258 949 1395 993 diculo
1414 949 1488 992 esse
1511 948 1669 1003 possunt
1693 948 1896 1004 expender
1899 963 1950 989 e
1942 980 1952 998 ,
1987 963 2130 993 verum
2150 950 2305 1002 etiam,

1260 1022 1348 1062 quae
1387 1007 1431 1049 in
1455 1007 1545 1049 Lib·
1547 1023 1575 1048 ·o
1602 1008 1634 1049 Ι.
1678 1007 1724 1048 de
1749 1006 1824 1048 hac
1851 1021 1890 1047 re
1916 1006 1953 1047 d·
1961 1021 2049 1049 cere
2074 1023 2305 1061 occupave-

1261 1078 1357 1118 rat,
1387 1062 1585 1106 distinctis
1616 1061 1882 1118 paragraphis
1907 1061 2100 1105 lustrare.
2135 1065 2191 1106 Et
2212 1064 2305 1121 qui-

1259 1122 1352 1164 dem
1375 1113 1524 1164 Lz'b.1.
1560 1121 1596 1175 ᾗ.
1629 1134 1663 1174 5.
1687 1128 1724 1161 o.
1744 1134 1784 1172 7.
1817 1130 2053 1162 extremum
2078 1120 2121 1163 in
2144 1121 2220 1164 hac
2241 1137 2307 1166 νι-

1261 1191 1300 1222 ta
1334 1179 1490 1221 bonurn
1515 1176 1730 1221 constituit
1753 1175 2102 1231 tranquillitatem
2128 1178 2260 1221 animi
2289 1196 2302 1221 :

1261 1236 1367 1292 quod
1393 1249 1534 1279 tamen
1559 1236 1600 1278 &
1629 1249 1833 1289 paganum
1859 1234 1912 1276 est
1937 1233 1980 1276 δε
2005 1249 2087 1276 non
2115 1235 2188 1278 nisi
2213 1234 2308 1283 feli-

1261 1294 1376 1337 citati
1404 1294 1594 1336 humanae
1615 1290 1937 1334 consectarium.
1961 1291 2079 1334 Illius
2101 1292 2197 1335 boni
2213 1293 2309 1336 fon-

1262 1364 1346 1394 ten
1373 1350 1494 1394 habet
1519 1349 1732 1392 scientiam
1760 1363 1896 1392 rerum
1931 1380 1943 1400 ‚
1994 1364 2083 1412 quae
2112 1381 2124 1402 ,
2167 1350 2304 1394 exsors

1264 1407 1466 1460 sensibus,
1497 1408 1545 1450 ad
1573 1406 1699 1449 solam
1725 1418 1910 1449 mentem
1938 1420 2170 1459 pertineat.
2193 1407 2304 1463 quod

1262 1477 1402 1515 tamen
1427 1466 1583 1507 bonurn
1607 1479 1696 1519 quis
1727 1496 1740 1518 ,
1791 1479 1875 1505 non
1908 1463 1980 1505 nisi
2013 1465 2305 1519 contemplati-

1263 1538 1360 1565 vum
1383 1554 1394 1575 ,
1429 1522 1575 1565 habere
1602 1521 1753 1576 potest.
1785 1522 1878 1572 Jam
1907 1536 2002 1563 vero
2026 1538 2068 1563 m
2096 1522 2131 1576 §.
2156 1526 2192 1564 8.
2216 1537 2306 1566 rur-

1266 1581 1324 1623 sus
1346 1581 1393 1621 ad
1420 1594 1574 1623 naturae
1597 1578 1657 1630 jus
1675 1610 1689 1631 ‚
1720 1577 1852 1620 multa
1884 1577 2038 1621 scilicet
2062 1594 2198 1622 rerum
2223 1580 2306 1623 dis-

1262 1637 1473 1690 junS‘tione
1500 1636 1588 1679 imo
1615 1636 1931 1678 conturbatione
1951 1668 1963 1687 ,
1996 1635 2169 1679 desultat
2195 1653 2207 1690 3
2252 1636 2309 1680 il-

1267 1695 1410 1750 ludque
1439 1695 1482 1738 in
1507 1693 1714 1737 honestate
1740 1692 1949 1736 constituit
1982 1724 1994 1744 ,
2037 1709 2125 1750 quae
2154 1693 2308 1738 soboles

1267 1766 1442 1796 rationis
1486 1751 1533 1795 sit
1568 1765 1689 1807 atque
1725 1767 1748 1792 a
1786 1751 1953 1794 scientia
1982 1751 2257 1805 proficiscatur
2290 1767 2304 1794 t

1267 1810 1496 1865 priusquam
1532 1809 1595 1851 sci¹
1588 1810 1683 1851 ,icet
1715 1807 1783 1850 ille
1817 1808 1876 1858 jus
1911 1810 1961 1851 ab
1991 1808 2307 1865 amph1·)ologia

1269 1867 1500 1910 liberailet.
1534 1867 1624 1908 Nec
1654 1881 1747 1916 vero
1770 1866 1903 1917 dicit,
1937 1881 2018 1920 quo
2053 1866 2168 1917 pach
2196 1866 2235 1909 id
2263 1881 2308 1909 in

1269 1924 1476 1968 honestare
1508 1923 1718 1974 consistat3
1751 1923 1794 1965 ὃς
1824 1938 2012 1987 quaenam
2034 1922 2104 1965 illa
2125 1922 2310 1966 honestas

1271 1982 1314 2024 fit
1335 2015 1347 2035 ,
1392 1996 1550 2037 quoque
1576 1980 1646 2023 illa
1671 1982 1808 2024 tendat
1841 1997 1851 2022 t
1904 1996 2004 2036 quin
2039 1995 2112 2024 nec
2139 1980 2309 2024 scientia

1269 2040 1337 2082 hic
1370 2040 1543 2082 sufficere
1574 2038 1699 2093 pote}
1720 2070 1730 2089 ,
1766 2037 1831 2080 ubi
1865 2037 2078 2081 facultates
2099 2037 2302 2081 humanas

1268 2112 1412 2140 ornnes
1433 2097 1481 2138 ad
1501 2095 1706 2151 agendum
1728 2110 1966 2138 concurrere
1985 2107 2171 2149 oportet.
2207 2097 2311 2138 Non

1269 2155 1392 2196 etiam
1426 2153 1459 2198 Q.
1482 2167 1520 2206 9.
1553 2153 1742 2195 evintere
1776 2152 1902 2205 potest
1927 2184 1939 2204 ,
1982 2153 2088 2207 quod
2122 2152 2308 2196 constans

1274 2211 1316 2252 sit
1340 2209 1510 2253 rationis
1533 2209 1780 2260 consilium,
1814 2225 1863 2251 ex
1883 2225 1964 2258 eo
1985 2210 2092 2264 quod
2114 2209 2185 2251 illa
2208 2209 2314 2252 sesn-

1273 2283 1340 2322 per
1372 2267 1467 2309 bmi
1492 2267 1618 2318 specie
1645 2278 1864 2307 teneatur:
1913 2241 2098 2308 su'bdusta
2126 2265 2208 2308 fere
2235 2281 2310 2308 vo-

1274 2325 1462 2376 luntate3
1493 2323 1590 2365 dum
1625 2337 1708 2364 non
1743 2322 1815 2363 nisi
1847 2321 1893 2363 de
1918 2321 2085 2364 scientia
2106 2322 2306 2377 loquitir:

1274 2383 1314 2425 8<
1358 2394 1496 2424 tamen
1531 2379 1762 2422 ίηῑείἰεξὶις
1794 2390 1835 2421 ιι
1843 2377 1934 2433 ique
1969 2378 2065 2421 boni
2100 2394 2184 2421 non
2215 2379 2306 2432 est3

1275 2439 1408 2503 saltim
1442 2436 1554 2480 nulla
1585 2436 1669 2487 ejus
1703 2451 1770 2492 per
1803 2435 1933 2490 ipsum
1953 2435 2126 2484 eleff‘tio
2161 2435 2222 2479 sed
2244 2452 2314 2480 ve-

1275 2497 1307 2539 ri
1344 2499 1379 2536 ²<12
1415 2495 1531 2538 falsi·
1569 2495 1664 2537 boni
1698 2509 1794 2536 vero
1817 2492 1961 2536 eleffio
1983 2493 2029 2535 ad
2052 2492 2315 2538 voluntatem

1277 2554 1484 2609 pertinet.
1521 2554 1767 2606 Quanquam
1799 2551 1928 2594 rursus
1962 2551 2167 2594 rationem
2197 2551 2315 2594 sensi-

1277 2614 1349 2655 bus
1379 2622 1560 2666 opponat
1592 2626 1600 2651 ε
1648 2609 1689 2652 &
1723 2608 1773 2651 fic
1804 2608 1914 2651 varie
1948 2607 2139 2651 volvatur
2166 2640 2174 2650 .
2221 2609 2316 2651 Nec

1279 2685 1374 2712 vero
1407 2679 1564 2719 poterat
1598 2666 1667 2710 ille
1701 2665 1906 2709 ullatenus
1938 2664 2003 2708 vel
2039 2665 2214 2709 scientiae
2247 2664 2314 2708 vel

1279 2725 1476 2770 hmestati
1510 2724 1682 2768 insistere
1715 2755 1726 2776 ,
1776 2723 1882 2780 quod
1925 2738 1990 2766 eas
2020 2723 2068 2765 ad
2099 2722 2312 2766 essentiam

197 2798 291 2826 rum
323 2798 371 2826 ex
405 2783 489 2835 jure
523 2785 716 2838 superno,
750 2797 915 2839 petere,
948 2785 990 2827 δι
1025 2784 1074 2828 fic
1106 2784 1233 2836 adjus
1283 2785 1467 2827 divinam
1503 2813 1514 2836 ,
1560 2780 1624 2824 vel
1659 2780 1793 2835 legem
1825 2792 2020 2823 aeternam
2047 2780 2124 2822 Dei
2150 2783 2165 2833 (
2195 2795 2321 2835 quam

198 2856 380 2893 verum,
415 2842 478 2884 seu
509 2855 661 2884 naturae
694 2842 859 2897 legem,

893 2842 1052 2885 redire.
1086 2843 1234 2906 Neque
1283 2841 1348 2885 lex
1374 2853 1557 2893 naturae,
1591 2838 1755 2881 homini
1776 2851 1981 2892 connata
2015 2836 2162 2891 refert,
2196 2838 2319 2888 )non

201 2913 298 2941 vero
331 2898 518 2952 vioorem
553 2899 714 2953 pacc’tum
748 2899 873 2952 illud,
904 2915 954 2943 ex
986 2899 1071 2950 jure
1089 2899 1237 2943 civita-
1284 2915 1386 2955 exeg
1391 2897 1499 2942 isset.

201 2956 286 3008 εἰς,
319 2957 336 3008 (
368 2972 454 3009 quae
488 2973 556 3011 per
587 2955 626 2998 id
660 2956 788 3010 ipsum
823 2956 1041 3000 constituta
1072 2956 1126 2999 est
1163 2988 1176 3009 ,
1219 2957 1236 3008 >

200 3013 264 3057 sed
295 3028 343 3056 ex
377 3015 471 3065 Jure
502 3027 616 3057 extra
648 3014 691 3056 ὃς
722 3026 816 3057 ante
843 3014 1082 3065 civitatem,
1117 3012 1235 3057 habe-

203 3086 278 3124 re,
310 3070 499 3127 idemque
536 3071 715 3115 securum
749 3071 908 3114 reddere
941 3045 1239 3125 magisiraturn,
1287 3072 1330 3115 8(
1364 3084 1505 3114 natura
1538 3069 1750 3112 dominis:

1344 2915 1469 2999 Pgorro
1499 2956 1687 3010 cap.111.
1722 2955 1839 2998 Libri
1861 2970 1899 3011 3.
1933 2953 2140 2998 existimat
2171 2953 2325 2998 Gravi-

1287 3030 1339 3057 na
1364 3046 1376 3068 ,
1408 3013 1616 3057 consistere
1651 3012 1835 3068 regimen
1857 3044 1869 3065 ,
1904 3012 1947 3055 in
1982 3024 2126 3056 natura
2160 3010 2280 3055 servis
2307 3043 2321 3066 ,

1800 3069 2024 3125 sapientem
2070 3068 2275 3113 dominari
2308 3098 2320 3115 ι

203 3140 248 3173 ut
280 3127 356 3182 &,
389 3127 582 3184 peculiari
609 3128 743 3172 adhuc
767 3128 982 3173 accedente
1003 3129 1242 3173 firmamen-
1290 3128 1392 3174 Inde
1421 3126 1640 3173 mulierem
1673 3125 1815 3172 subesse
1849 3127 1936 3171 viro
1962 3159 1974 3182 ,
2007 3127 2049 3171 &
2082 3125 2317 3188 parentibus

213 3197 255 3229 to
285 3217 297 3239 ,
330 3186 580 3240 majestatem
612 3197 796 3242 oportet.

2232 3180 2334 3224 libe·-
