<?xml version="1.0" encoding="UTF-8"?>
<!DOCTYPE html PUBLIC "-//W3C//DTD XHTML 1.0 Transitional//EN"
    "http://www.w3.org/TR/xhtml1/DTD/xhtml1-transitional.dtd">
<html xmlns="http://www.w3.org/1999/xhtml" xml:lang="en" lang="en">
 <head>
  <title>
</title>
<meta http-equiv="Content-Type" content="text/html;charset=utf-8" />
  <meta name='ocr-system' content='tesseract 3.04.00' />
  <meta name='ocr-capabilities' content='ocr_page ocr_carea ocr_par ocr_line ocrx_word'/>
</head>
<body>
  <div class='ocr_page' id='page_1' title='image "./janivincentiigra01gravuoft_0097.png"; bbox 0 0 2524 3479; ppageno 0'>
   <div class='ocr_carea' id='block_1_1' title="bbox 705 118 1202 193">
    <p class='ocr_par' dir='ltr' id='par_1_1' title="bbox 705 118 1202 193">
     <span class='ocr_line' id='line_1_1' title="bbox 705 118 1202 193; baseline 0 -21"><span class='ocrx_word' id='word_1_1' title='bbox 705 118 1072 193; x_wconf 82' lang='lat' dir='ltr'>JURts</span> <span class='ocrx_word' id='word_1_2' title='bbox 1153 119 1202 172; x_wconf 84' lang='lat' dir='ltr'>c</span> 
     </span>
    </p>
   </div>
   <div class='ocr_carea' id='block_1_2' title="bbox 178 192 1199 887">
    <p class='ocr_par' dir='ltr' id='par_1_2' title="bbox 178 192 1199 887">
     <span class='ocr_line' id='line_1_2' title="bbox 184 192 1199 247; baseline -0.006 -4"><span class='ocrx_word' id='word_1_3' title='bbox 184 197 370 244; x_wconf 85' lang='lat' dir='ltr'>mobrern</span> <span class='ocrx_word' id='word_1_4' title='bbox 398 193 461 240; x_wconf 89' lang='lat' dir='ltr'>illi</span> <span class='ocrx_word' id='word_1_5' title='bbox 489 193 640 239; x_wconf 87' lang='lat' dir='ltr'>multas</span> <span class='ocrx_word' id='word_1_6' title='bbox 666 193 765 247; x_wconf 83' lang='lat' dir='ltr'>juris</span> <span class='ocrx_word' id='word_1_7' title='bbox 796 193 1090 238; x_wconf 83' lang='lat' dir='ltr'>controversias</span> <span class='ocrx_word' id='word_1_8' title='bbox 1116 192 1199 246; x_wconf 87' lang='lat' dir='ltr'>ejus</span> 
     </span>
     <span class='ocr_line' id='line_1_3' title="bbox 182 253 1198 304; baseline -0.002 -6"><span class='ocrx_word' id='word_1_9' title='bbox 182 255 327 299; x_wconf 84' lang='lat' dir='ltr'>scholae</span> <span class='ocrx_word' id='word_1_10' title='bbox 355 254 563 299; x_wconf 83' lang='lat' dir='ltr'>severitate</span> <span class='ocrx_word' id='word_1_11' title='bbox 588 254 835 296; x_wconf 84' lang='lat' dir='ltr'>definierunt</span> <span class='ocrx_word' id='word_1_12' title='bbox 857 269 866 293; x_wconf 73' lang='grc' dir='ltr'><strong>ε</strong></span> <span class='ocrx_word' id='word_1_13' title='bbox 901 253 989 304; x_wconf 79' lang='lat' dir='ltr'>(a)</span> <span class='ocrx_word' id='word_1_14' title='bbox 1011 268 1106 296; x_wconf 92' lang='lat' dir='ltr'>cum</span> <span class='ocrx_word' id='word_1_15' title='bbox 1128 253 1198 304; x_wconf 87' lang='lat' dir='ltr'>Ju-</span> 
     </span>
     <span class='ocr_line' id='line_1_4' title="bbox 185 310 1197 370; baseline -0.003 -14"><span class='ocrx_word' id='word_1_16' title='bbox 185 313 345 365; x_wconf 84' lang='lat' dir='ltr'>lianus,</span> <span class='ocrx_word' id='word_1_17' title='bbox 378 314 446 370; x_wconf 91' lang='lat' dir='ltr'>qui</span> <span class='ocrx_word' id='word_1_18' title='bbox 474 329 522 357; x_wconf 88' lang='lat' dir='ltr'>ex</span> <span class='ocrx_word' id='word_1_19' title='bbox 549 311 676 354; x_wconf 87' lang='lat' dir='ltr'>altera</span> <span class='ocrx_word' id='word_1_20' title='bbox 704 310 862 354; x_wconf 88' lang='lat' dir='ltr'>familia</span> <span class='ocrx_word' id='word_1_21' title='bbox 888 324 972 353; x_wconf 89' lang='lat' dir='ltr'>erat</span> <span class='ocrx_word' id='word_1_22' title='bbox 993 343 1004 362; x_wconf 77' lang='lat'>3</span> <span class='ocrx_word' id='word_1_23' title='bbox 1040 311 1197 354; x_wconf 87' lang='lat' dir='ltr'>subtili-</span> 
     </span>
     <span class='ocr_line' id='line_1_5' title="bbox 182 368 1199 425; baseline -0.003 -11"><span class='ocrx_word' id='word_1_24' title='bbox 182 384 290 414; x_wconf 82' lang='lat' dir='ltr'>tates</span> <span class='ocrx_word' id='word_1_25' title='bbox 322 370 412 414; x_wconf 82' lang='lat' dir='ltr'>illas</span> <span class='ocrx_word' id='word_1_26' title='bbox 437 371 534 423; x_wconf 83' lang='lat' dir='ltr'>juris</span> <span class='ocrx_word' id='word_1_27' title='bbox 554 402 567 423; x_wconf 77' lang='lat'>3</span> <span class='ocrx_word' id='word_1_28' title='bbox 599 383 720 425; x_wconf 87' lang='lat' dir='ltr'>atque</span> <span class='ocrx_word' id='word_1_29' title='bbox 753 369 927 412; x_wconf 86' lang='lat' dir='ltr'>nimiam</span> <span class='ocrx_word' id='word_1_30' title='bbox 964 368 1199 423; x_wconf 73' lang='lat' dir='ltr'>scrupulosi-</span> 
     </span>
     <span class='ocr_line' id='line_1_6' title="bbox 181 427 1193 483; baseline -0.003 -10"><span class='ocrx_word' id='word_1_31' title='bbox 181 429 549 483; x_wconf 20' lang='lat' dir='ltr'>tatemwintrepide</span> <span class='ocrx_word' id='word_1_32' title='bbox 578 427 839 470; x_wconf 67' lang='lat' dir='ltr'>contemserit</span> <span class='ocrx_word' id='word_1_33' title='bbox 863 458 874 470; x_wconf 83' lang='lat'>.</span> <span class='ocrx_word' id='word_1_34' title='bbox 921 427 1193 470; x_wconf 75' lang='lat' dir='ltr'>Consuetudi-</span> 
     </span>
     <span class='ocr_line' id='line_1_7' title="bbox 179 484 1197 543; baseline -0.001 -13"><span class='ocrx_word' id='word_1_35' title='bbox 179 501 234 530; x_wconf 87' lang='lat' dir='ltr'>ne</span> <span class='ocrx_word' id='word_1_36' title='bbox 261 488 385 543; x_wconf 81' lang='lat' dir='ltr'>igitur</span> <span class='ocrx_word' id='word_1_37' title='bbox 410 485 642 528; x_wconf 88' lang='lat' dir='ltr'>Stoicorum</span> <span class='ocrx_word' id='word_1_38' title='bbox 669 484 904 529; x_wconf 80' lang='lat' dir='ltr'>Proculiani</span> <span class='ocrx_word' id='word_1_39' title='bbox 930 484 1110 528; x_wconf 80' lang='lat' dir='ltr'>maxime</span> <span class='ocrx_word' id='word_1_40' title='bbox 1130 502 1197 529; x_wconf 90' lang='lat' dir='ltr'>oc-</span> 
     </span>
     <span class='ocr_line' id='line_1_8' title="bbox 181 542 1196 600; baseline -0.004 -11"><span class='ocrx_word' id='word_1_41' title='bbox 181 548 436 600; x_wconf 88' lang='lat' dir='ltr'>cupabantur</span> <span class='ocrx_word' id='word_1_42' title='bbox 468 543 510 587; x_wconf 88' lang='lat' dir='ltr'>in</span> <span class='ocrx_word' id='word_1_43' title='bbox 543 542 765 587; x_wconf 64' lang='lat' dir='ltr'>dialec‘ticis</span> <span class='ocrx_word' id='word_1_44' title='bbox 793 560 805 595; x_wconf 83' lang='lat'>3</span> <span class='ocrx_word' id='word_1_45' title='bbox 849 559 1022 599; x_wconf 88' lang='lat' dir='ltr'>quarum</span> <span class='ocrx_word' id='word_1_46' title='bbox 1064 545 1196 587; x_wconf 88' lang='lat' dir='ltr'>Labeo</span> 
     </span>
     <span class='ocr_line' id='line_1_9' title="bbox 182 600 1196 660; baseline -0.001 -14"><span class='ocrx_word' id='word_1_47' title='bbox 182 602 442 660; x_wconf 71' lang='lat' dir='ltr'>peritissimus</span> <span class='ocrx_word' id='word_1_48' title='bbox 475 601 696 645; x_wconf 73' lang='lat' dir='ltr'>habebatur</span> <span class='ocrx_word' id='word_1_49' title='bbox 721 618 732 655; x_wconf 85' lang='lat'>3</span> <span class='ocrx_word' id='word_1_50' title='bbox 765 602 853 650; x_wconf 77' lang='lat' dir='ltr'>(b)</span> <span class='ocrx_word' id='word_1_51' title='bbox 888 600 1196 657; x_wconf 79' lang='lat' dir='ltr'>plurimumque</span> 
     </span>
     <span class='ocr_line' id='line_1_10' title="bbox 179 659 1191 715; baseline -0.001 -12"><span class='ocrx_word' id='word_1_52' title='bbox 179 660 394 710; x_wconf 80' lang='lat' dir='ltr'>laborabat</span> <span class='ocrx_word' id='word_1_53' title='bbox 427 661 469 702; x_wconf 88' lang='lat' dir='ltr'>in</span> <span class='ocrx_word' id='word_1_54' title='bbox 504 660 653 715; x_wconf 75' lang='lat' dir='ltr'>regulis</span> <span class='ocrx_word' id='word_1_55' title='bbox 676 659 1044 714; x_wconf 60' lang='lat' dir='ltr'>conjunctionum,</span> <span class='ocrx_word' id='word_1_56' title='bbox 1074 660 1116 703; x_wconf 68' lang='grc' dir='ltr'>ἃ</span> <span class='ocrx_word' id='word_1_57' title='bbox 1138 660 1191 702; x_wconf 91' lang='lat' dir='ltr'>di-</span> 
     </span>
     <span class='ocr_line' id='line_1_11' title="bbox 178 717 1197 774; baseline 0 -13"><span class='ocrx_word' id='word_1_58' title='bbox 178 717 448 761; x_wconf 70' lang='lat' dir='ltr'>fiinffionum</span> <span class='ocrx_word' id='word_1_59' title='bbox 472 719 753 772; x_wconf 75' lang='lat' dir='ltr'>pertexendis,</span> <span class='ocrx_word' id='word_1_60' title='bbox 773 718 1085 774; x_wconf 84' lang='lat' dir='ltr'>ordinandilque</span> <span class='ocrx_word' id='word_1_61' title='bbox 1109 734 1197 761; x_wconf 64' lang='lat' dir='ltr'>ver-</span> 
     </span>
     <span class='ocr_line' id='line_1_12' title="bbox 178 775 1195 830; baseline 0 -12"><span class='ocrx_word' id='word_1_62' title='bbox 178 775 324 818; x_wconf 91' lang='lat' dir='ltr'>borum</span> <span class='ocrx_word' id='word_1_63' title='bbox 370 776 542 818; x_wconf 79' lang='lat' dir='ltr'>nexibus</span> <span class='ocrx_word' id='word_1_64' title='bbox 569 808 578 818; x_wconf 89' lang='lat'>.</span> <span class='ocrx_word' id='word_1_65' title='bbox 621 778 704 830; x_wconf 85' lang='lat' dir='ltr'>(c)</span> <span class='ocrx_word' id='word_1_66' title='bbox 750 777 881 819; x_wconf 62' lang='lat' dir='ltr'>hitur</span> <span class='ocrx_word' id='word_1_67' title='bbox 914 775 974 819; x_wconf 81' lang='lat' dir='ltr'>illi</span> <span class='ocrx_word' id='word_1_68' title='bbox 1011 776 1195 818; x_wconf 59' lang='lat' dir='ltr'>doctrina</span> 
     </span>
     <span class='ocr_line' id='line_1_13' title="bbox 178 832 1195 887; baseline 0.001 -11"><span class='ocrx_word' id='word_1_69' title='bbox 178 832 329 876; x_wconf 82' lang='lat' dir='ltr'>imbuti</span> <span class='ocrx_word' id='word_1_70' title='bbox 363 834 595 877; x_wconf 87' lang='lat' dir='ltr'>Stoicorum</span> <span class='ocrx_word' id='word_1_71' title='bbox 631 866 643 887; x_wconf 88' lang='lat'>‚</span> <span class='ocrx_word' id='word_1_72' title='bbox 674 850 722 877; x_wconf 84' lang='lat' dir='ltr'>ex</span> <span class='ocrx_word' id='word_1_73' title='bbox 749 834 972 878; x_wconf 77' lang='lat' dir='ltr'>eorundem</span> <span class='ocrx_word' id='word_1_74' title='bbox 999 834 1195 877; x_wconf 86' lang='lat' dir='ltr'>sententia</span> 
     </span>
    </p>
   </div>
   <div class='ocr_carea' id='block_1_3' title="bbox 175 890 1196 2530">
    <p class='ocr_par' dir='ltr' id='par_1_3' title="bbox 175 890 1196 2530">
     <span class='ocr_line' id='line_1_14' title="bbox 182 890 1196 946; baseline 0.002 -13"><span class='ocrx_word' id='word_1_75' title='bbox 182 890 280 946; x_wconf 80' lang='lat' dir='ltr'>saepe</span> <span class='ocrx_word' id='word_1_76' title='bbox 314 892 643 945; x_wconf 71' lang='lat' dir='ltr'>pronunciabant</span> <span class='ocrx_word' id='word_1_77' title='bbox 676 923 685 934; x_wconf 88' lang='lat'>.</span> <span class='ocrx_word' id='word_1_78' title='bbox 738 894 1021 944; x_wconf 76' lang='lat' dir='ltr'>Quamobrem</span> <span class='ocrx_word' id='word_1_79' title='bbox 1065 892 1107 934; x_wconf 88' lang='lat' dir='ltr'>in</span> <span class='ocrx_word' id='word_1_80' title='bbox 1150 908 1196 936; x_wconf 90' lang='lat' dir='ltr'>ea</span> 
     </span>
     <span class='ocr_line' id='line_1_15' title="bbox 175 2304 1188 2344; baseline -0.001 -6"><span class='ocrx_word' id='word_1_81' title='bbox 175 2307 242 2339; x_wconf 83' lang='lat' dir='ltr'>sem</span> <span class='ocrx_word' id='word_1_82' title='bbox 275 2329 286 2344; x_wconf 85' lang='grc'>,</span> <span class='ocrx_word' id='word_1_83' title='bbox 328 2305 404 2339; x_wconf 83' lang='lat' dir='ltr'>huic</span> <span class='ocrx_word' id='word_1_84' title='bbox 435 2307 594 2339; x_wconf 75' lang='lat' dir='ltr'>trientem</span> <span class='ocrx_word' id='word_1_85' title='bbox 635 2304 832 2339; x_wconf 77' lang='lat' dir='ltr'>addicebant</span> <span class='ocrx_word' id='word_1_86' title='bbox 863 2328 870 2336; x_wconf 91' lang='lat'>.</span> <span class='ocrx_word' id='word_1_87' title='bbox 911 2306 955 2338; x_wconf 86' lang='lat' dir='ltr'>Hi</span> <span class='ocrx_word' id='word_1_88' title='bbox 983 2306 1128 2338; x_wconf 85' lang='lat' dir='ltr'>civiliter</span> <span class='ocrx_word' id='word_1_89' title='bbox 1158 2306 1188 2337; x_wconf 63' lang='lat'>81</span> 
     </span>
     <span class='ocr_line' id='line_1_16' title="bbox 180 2486 1189 2530; baseline -0.002 -10"><span class='ocrx_word' id='word_1_90' title='bbox 180 2488 382 2530; x_wconf 62' lang='lat' dir='ltr'>proponitur</span> <span class='ocrx_word' id='word_1_91' title='bbox 412 2489 447 2520; x_wconf 76' lang='lat' dir='ltr'>in</span> <span class='ocrx_word' id='word_1_92' title='bbox 480 2492 518 2521; x_wconf 90' lang='lat' dir='ltr'>L.</span> <span class='ocrx_word' id='word_1_93' title='bbox 551 2499 600 2528; x_wconf 77' lang='lat'>¹9·</span> <span class='ocrx_word' id='word_1_94' title='bbox 629 2492 672 2521; x_wconf 88' lang='lat' dir='ltr'>D.</span> <span class='ocrx_word' id='word_1_95' title='bbox 699 2489 736 2521; x_wconf 80' lang='lat' dir='ltr'>de</span> <span class='ocrx_word' id='word_1_96' title='bbox 768 2490 835 2527; x_wconf 84' lang='lat' dir='ltr'>Usu</span> <span class='ocrx_word' id='word_1_97' title='bbox 864 2488 902 2518; x_wconf 70' lang='lat'>&lt;9⁴</span> <span class='ocrx_word' id='word_1_98' title='bbox 929 2487 1033 2529; x_wconf 69' lang='lat' dir='ltr'>usufr.</span> <span class='ocrx_word' id='word_1_99' title='bbox 1062 2489 1116 2528; x_wconf 81' lang='lat' dir='ltr'>leg</span> <span class='ocrx_word' id='word_1_100' title='bbox 1156 2486 1189 2519; x_wconf 88' lang='lat' dir='ltr'>Si</span> 
     </span>
    </p>
   </div>
   <div class='ocr_carea' id='block_1_4' title="bbox 174 940 1223 2576">
    <p class='ocr_par' dir='ltr' id='par_1_4' title="bbox 174 940 1223 2576">
     <span class='ocr_line' id='line_1_17' title="bbox 179 940 1223 1005; baseline 0.004 -15"><span class='ocrx_word' id='word_1_101' title='bbox 179 949 396 1004; x_wconf 78' lang='lat' dir='ltr'>quaellione</span> <span class='ocrx_word' id='word_1_102' title='bbox 443 949 588 992; x_wconf 74' lang='lat' dir='ltr'>artifex</span> <span class='ocrx_word' id='word_1_103' title='bbox 624 965 673 992; x_wconf 85' lang='lat' dir='ltr'>ne</span> <span class='ocrx_word' id='word_1_104' title='bbox 707 949 750 992; x_wconf 81' lang='lat' dir='ltr'>fit</span> <span class='ocrx_word' id='word_1_105' title='bbox 786 951 925 1005; x_wconf 67' lang='lat' dir='ltr'>speciei</span> <span class='ocrx_word' id='word_1_106' title='bbox 958 950 1150 994; x_wconf 81' lang='lat' dir='ltr'>dominus</span> <span class='ocrx_word' id='word_1_107' title='bbox 1182 940 1223 1005; x_wconf 75' lang='lat' dir='ltr'>,l</span> 
     </span>
     <span class='ocr_line' id='line_1_18' title="bbox 174 2351 1190 2394; baseline -0.002 -9"><span class='ocrx_word' id='word_1_108' title='bbox 174 2351 285 2385; x_wconf 86' lang='lat' dir='ltr'>subtili</span> <span class='ocrx_word' id='word_1_109' title='bbox 318 2351 490 2394; x_wconf 69' lang='lat' dir='ltr'>stristaque</span> <span class='ocrx_word' id='word_1_110' title='bbox 508 2352 653 2385; x_wconf 68' lang='lat' dir='ltr'>‘ratione</span> <span class='ocrx_word' id='word_1_111' title='bbox 681 2362 751 2384; x_wconf 85' lang='lat' dir='ltr'>rem</span> <span class='ocrx_word' id='word_1_112' title='bbox 781 2351 985 2384; x_wconf 80' lang='lat' dir='ltr'>aestimabant</span> <span class='ocrx_word' id='word_1_113' title='bbox 1013 2373 1023 2389; x_wconf 87' lang='lat'><strong>‚</strong></span> <span class='ocrx_word' id='word_1_114' title='bbox 1049 2352 1106 2383; x_wconf 85' lang='lat' dir='ltr'>alii</span> <span class='ocrx_word' id='word_1_115' title='bbox 1135 2362 1190 2383; x_wconf 85' lang='lat' dir='ltr'>na-</span> 
     </span>
     <span class='ocr_line' id='line_1_19' title="bbox 178 2531 1191 2576; baseline -0.002 -11"><span class='ocrx_word' id='word_1_116' title='bbox 178 2534 250 2576; x_wconf 85' lang='lat' dir='ltr'>quis</span> <span class='ocrx_word' id='word_1_117' title='bbox 290 2534 380 2566; x_wconf 86' lang='lat' dir='ltr'>enim</span> <span class='ocrx_word' id='word_1_118' title='bbox 415 2534 471 2565; x_wconf 82' lang='lat' dir='ltr'>alii</span> <span class='ocrx_word' id='word_1_119' title='bbox 500 2532 665 2573; x_wconf 83' lang='lat' dir='ltr'>fundum,</span> <span class='ocrx_word' id='word_1_120' title='bbox 691 2533 751 2566; x_wconf 81' lang='lat' dir='ltr'>alii</span> <span class='ocrx_word' id='word_1_121' title='bbox 779 2532 1018 2566; x_wconf 57' lang='lat' dir='ltr'>usumfructum</span> <span class='ocrx_word' id='word_1_122' title='bbox 1045 2531 1191 2574; x_wconf 73' lang='lat' dir='ltr'>reliquis-</span> 
     </span>
    </p>
   </div>
   <div class='ocr_carea' id='block_1_5' title="bbox 173 1006 1222 2789">
    <p class='ocr_par' dir='ltr' id='par_1_5' title="bbox 173 1006 1224 2789">
     <span class='ocr_line' id='line_1_20' title="bbox 173 1006 1190 1062; baseline 0.003 -13"><span class='ocrx_word' id='word_1_123' title='bbox 173 1021 225 1049; x_wconf 83' lang='lat' dir='ltr'>an</span> <span class='ocrx_word' id='word_1_124' title='bbox 261 1006 329 1062; x_wconf 84' lang='lat' dir='ltr'>qui</span> <span class='ocrx_word' id='word_1_125' title='bbox 365 1008 547 1049; x_wconf 58' lang='lat' dir='ltr'>mater-ite</span> <span class='ocrx_word' id='word_1_126' title='bbox 580 1008 814 1052; x_wconf 78' lang='lat' dir='ltr'>dominium</span> <span class='ocrx_word' id='word_1_127' title='bbox 849 1008 969 1052; x_wconf 85' lang='lat' dir='ltr'>habet</span> <span class='ocrx_word' id='word_1_128' title='bbox 998 1026 1006 1050; x_wconf 78' lang='grc' dir='ltr'>ε</span> <span class='ocrx_word' id='word_1_129' title='bbox 1047 1010 1190 1052; x_wconf 86' lang='lat' dir='ltr'>Procu-</span> 
     </span>
     <span class='ocr_line' id='line_1_21' title="bbox 175 1062 1135 1128; baseline 0.003 -22"><span class='ocrx_word' id='word_1_130' title='bbox 175 1062 276 1107; x_wconf 88' lang='lat' dir='ltr'>liani</span> <span class='ocrx_word' id='word_1_131' title='bbox 314 1080 385 1128; x_wconf 73' lang='lat' dir='ltr'>pro</span> <span class='ocrx_word' id='word_1_132' title='bbox 420 1066 577 1107; x_wconf 81' lang='lat' dir='ltr'>artifice</span> <span class='ocrx_word' id='word_1_133' title='bbox 611 1066 765 1108; x_wconf 82' lang='lat' dir='ltr'>stabant</span> <span class='ocrx_word' id='word_1_134' title='bbox 798 1086 802 1090; x_wconf 76' lang='lat'>-</span> <span class='ocrx_word' id='word_1_135' title='bbox 837 1068 931 1122; x_wconf 83' lang='lat' dir='ltr'>quia</span> <span class='ocrx_word' id='word_1_136' title='bbox 964 1083 1011 1109; x_wconf 87' lang='lat' dir='ltr'>ex</span> <span class='ocrx_word' id='word_1_137' title='bbox 1105 1067 1135 1109; x_wconf 61' lang='grc' dir='ltr'>(ἲ</span> 
     </span>
     <span class='ocr_line' id='line_1_22' title="bbox 176 2395 1189 2440; baseline 0 -11"><span class='ocrx_word' id='word_1_138' title='bbox 176 2397 332 2430; x_wconf 81' lang='lat' dir='ltr'>tui-aliter</span> <span class='ocrx_word' id='word_1_139' title='bbox 361 2396 467 2429; x_wconf 83' lang='lat' dir='ltr'>dividi</span> <span class='ocrx_word' id='word_1_140' title='bbox 497 2395 636 2430; x_wconf 87' lang='lat' dir='ltr'>fundum</span> <span class='ocrx_word' id='word_1_141' title='bbox 679 2397 837 2430; x_wconf 79' lang='lat' dir='ltr'>volebant</span> <span class='ocrx_word' id='word_1_142' title='bbox 855 2418 863 2433; x_wconf 80' lang='grc'>,</span> <span class='ocrx_word' id='word_1_143' title='bbox 894 2406 928 2429; x_wconf 90' lang='lat' dir='ltr'>ut</span> <span class='ocrx_word' id='word_1_144' title='bbox 956 2397 1073 2440; x_wconf 69' lang='lat' dir='ltr'>singuli</span> <span class='ocrx_word' id='word_1_145' title='bbox 1103 2397 1189 2429; x_wconf 60' lang='lat' dir='ltr'>lesa-</span> 
     </span>
     <span class='ocr_line' id='line_1_23' title="bbox 181 2418 1222 2789; baseline -0.002 -179"><span class='ocrx_word' id='word_1_146' title='bbox 181 2579 227 2611; x_wconf 83' lang='lat' dir='ltr'>set</span> <span class='ocrx_word' id='word_1_147' title='bbox 249 2600 259 2616; x_wconf 82' lang='lat'><em>‚</em></span> <span class='ocrx_word' id='word_1_148' title='bbox 287 2577 486 2611; x_wconf 63' lang='lat' dir='ltr'>usustrustus</span> <span class='ocrx_word' id='word_1_149' title='bbox 517 2588 678 2622; x_wconf 80' lang='lat' dir='ltr'>tanquam</span> <span class='ocrx_word' id='word_1_150' title='bbox 707 2590 780 2621; x_wconf 82' lang='lat' dir='ltr'>pars</span> <span class='ocrx_word' id='word_1_151' title='bbox 811 2577 978 2615; x_wconf 85' lang='lat' dir='ltr'>dominii,</span> <span class='ocrx_word' id='word_1_152' title='bbox 1007 2574 1074 2614; x_wconf 81' lang='lat' dir='ltr'>jam</span> <span class='ocrx_word' id='word_1_153' title='bbox 1102 2418 1222 2789; x_wconf 75' lang='lat' dir='ltr'>prio-&#39;</span> 
     </span>
    </p>
   </div>
   <div class='ocr_carea' id='block_1_6' title="bbox 1219 620 1228 802">
    <p class='ocr_par' dir='ltr' id='par_1_6' title="bbox 1219 620 1228 802">
     <span class='ocr_line' id='line_1_24' title="bbox 1219 620 1228 802; baseline 0 2677"><span class='ocrx_word' id='word_1_154' title='bbox 1219 620 1228 802; x_wconf 95' lang='lat' dir='ltr'> </span> 
     </span>
    </p>
   </div>
   <div class='ocr_carea' id='block_1_7' title="bbox 1218 803 1226 937">
    <p class='ocr_par' dir='ltr' id='par_1_7' title="bbox 1218 803 1226 937">
     <span class='ocr_line' id='line_1_25' title="bbox 1218 803 1226 937; baseline 0 2542"><span class='ocrx_word' id='word_1_155' title='bbox 1218 803 1226 937; x_wconf 95' lang='lat' dir='ltr'> </span> 
     </span>
    </p>
   </div>
   <div class='ocr_carea' id='block_1_8' title="bbox 171 1294 1192 2102">
    <p class='ocr_par' dir='ltr' id='par_1_8' title="bbox 171 1294 1192 2102">
     <span class='ocr_line' id='line_1_26' title="bbox 181 1294 1188 1350; baseline 0.001 -12"><span class='ocrx_word' id='word_1_156' title='bbox 181 1295 272 1338; x_wconf 88' lang='lat' dir='ltr'>sunt</span> <span class='ocrx_word' id='word_1_157' title='bbox 299 1311 386 1347; x_wconf 85' lang='lat' dir='ltr'>res,</span> <span class='ocrx_word' id='word_1_158' title='bbox 420 1311 441 1337; x_wconf 90' lang='lat' dir='ltr'>a</span> <span class='ocrx_word' id='word_1_159' title='bbox 470 1294 780 1345; x_wconf 33' lang='lat' dir='ltr'>formafducant</span> <span class='ocrx_word' id='word_1_160' title='bbox 806 1327 818 1348; x_wconf 79' lang='lat'>3</span> <span class='ocrx_word' id='word_1_161' title='bbox 852 1295 932 1339; x_wconf 84' lang='lat' dir='ltr'>fine</span> <span class='ocrx_word' id='word_1_162' title='bbox 959 1311 1035 1350; x_wconf 85' lang='lat' dir='ltr'>qua</span> <span class='ocrx_word' id='word_1_163' title='bbox 1062 1309 1188 1339; x_wconf 88' lang='lat' dir='ltr'>mate-</span> 
     </span>
     <span class='ocr_line' id='line_1_27' title="bbox 177 1352 1190 1407; baseline 0 -11"><span class='ocrx_word' id='word_1_164' title='bbox 177 1353 237 1396; x_wconf 86' lang='lat' dir='ltr'>ria</span> <span class='ocrx_word' id='word_1_165' title='bbox 284 1352 439 1407; x_wconf 78' lang='lat' dir='ltr'>prorsus</span> <span class='ocrx_word' id='word_1_166' title='bbox 471 1353 524 1395; x_wconf 89' lang='lat' dir='ltr'>est</span> <span class='ocrx_word' id='word_1_167' title='bbox 557 1352 664 1395; x_wconf 79' lang='lat' dir='ltr'>iners</span> <span class='ocrx_word' id='word_1_168' title='bbox 696 1385 705 1395; x_wconf 93' lang='lat'>.</span> <span class='ocrx_word' id='word_1_169' title='bbox 756 1354 842 1404; x_wconf 81' lang='lat' dir='ltr'>(d)</span> <span class='ocrx_word' id='word_1_170' title='bbox 876 1353 1135 1396; x_wconf 76' lang='lat' dir='ltr'>pubertatem</span> <span class='ocrx_word' id='word_1_171' title='bbox 1169 1370 1190 1396; x_wconf 90' lang='lat' dir='ltr'>a</span> 
     </span>
     <span class='ocr_line' id='line_1_28' title="bbox 178 1409 1190 1466; baseline 0 -13"><span class='ocrx_word' id='word_1_172' title='bbox 178 1409 338 1453; x_wconf 88' lang='lat' dir='ltr'>decimo</span> <span class='ocrx_word' id='word_1_173' title='bbox 371 1423 518 1466; x_wconf 87' lang='lat' dir='ltr'>quarto</span> <span class='ocrx_word' id='word_1_174' title='bbox 551 1410 680 1453; x_wconf 77' lang='lat' dir='ltr'>aeratis</span> <span class='ocrx_word' id='word_1_175' title='bbox 712 1424 822 1452; x_wconf 87' lang='lat' dir='ltr'>anno</span> <span class='ocrx_word' id='word_1_176' title='bbox 858 1410 1092 1454; x_wconf 85' lang='lat' dir='ltr'>Proculiani</span> <span class='ocrx_word' id='word_1_177' title='bbox 1119 1428 1190 1453; x_wconf 90' lang='lat' dir='ltr'>au-</span> 
     </span>
     <span class='ocr_line' id='line_1_29' title="bbox 176 1468 1187 1524; baseline 0 -14"><span class='ocrx_word' id='word_1_178' title='bbox 176 1468 434 1524; x_wconf 82' lang='lat' dir='ltr'>spicabantur</span> <span class='ocrx_word' id='word_1_179' title='bbox 451 1499 462 1521; x_wconf 91' lang='lat'><strong>‚</strong></span> <span class='ocrx_word' id='word_1_180' title='bbox 497 1468 661 1523; x_wconf 81' lang='lat' dir='ltr'>perinde</span> <span class='ocrx_word' id='word_1_181' title='bbox 676 1480 808 1523; x_wconf 56' lang='lat' dir='ltr'>atque</span> <span class='ocrx_word' id='word_1_182' title='bbox 833 1468 987 1521; x_wconf 85' lang='lat' dir='ltr'>Stoici,</span> <span class='ocrx_word' id='word_1_183' title='bbox 1009 1468 1076 1524; x_wconf 74' lang='lat' dir='ltr'>qui</span> <span class='ocrx_word' id='word_1_184' title='bbox 1098 1484 1187 1511; x_wconf 89' lang='lat' dir='ltr'>eam</span> 
     </span>
     <span class='ocr_line' id='line_1_30' title="bbox 173 1525 1189 1581; baseline 0 -13"><span class='ocrx_word' id='word_1_185' title='bbox 173 1525 429 1580; x_wconf 73' lang='lat' dir='ltr'>potissimum</span> <span class='ocrx_word' id='word_1_186' title='bbox 463 1539 602 1580; x_wconf 82' lang='lat' dir='ltr'>aptam</span> <span class='ocrx_word' id='word_1_187' title='bbox 636 1528 791 1581; x_wconf 79' lang='lat' dir='ltr'>nuptiis</span> <span class='ocrx_word' id='word_1_188' title='bbox 823 1539 984 1570; x_wconf 71' lang='lat' dir='ltr'>aetatem</span> <span class='ocrx_word' id='word_1_189' title='bbox 1020 1526 1189 1569; x_wconf 59' lang='lat' dir='ltr'>aestimass</span> 
     </span>
     <span class='ocr_line' id='line_1_31' title="bbox 172 1583 1188 1642; baseline 0.001 -17"><span class='ocrx_word' id='word_1_190' title='bbox 172 1583 299 1626; x_wconf 91' lang='lat' dir='ltr'>bant.</span> <span class='ocrx_word' id='word_1_191' title='bbox 330 1584 410 1635; x_wconf 75' lang='lat' dir='ltr'>(e)</span> <span class='ocrx_word' id='word_1_192' title='bbox 443 1584 609 1627; x_wconf 86' lang='lat' dir='ltr'>Licebat</span> <span class='ocrx_word' id='word_1_193' title='bbox 642 1600 710 1639; x_wconf 89' lang='lat' dir='ltr'>per</span> <span class='ocrx_word' id='word_1_194' title='bbox 741 1583 899 1633; x_wconf 82' lang='lat' dir='ltr'>Stoicos</span> <span class='ocrx_word' id='word_1_195' title='bbox 930 1600 1127 1642; x_wconf 79' lang='lat' dir='ltr'>angorem</span> <span class='ocrx_word' id='word_1_196' title='bbox 1150 1601 1188 1626; x_wconf 91' lang='lat' dir='ltr'>a-</span> 
     </span>
     <span class='ocr_line' id='line_1_32' title="bbox 177 1641 1192 1698; baseline 0.001 -14"><span class='ocrx_word' id='word_1_197' title='bbox 177 1641 285 1684; x_wconf 88' lang='lat' dir='ltr'>nimi</span> <span class='ocrx_word' id='word_1_198' title='bbox 318 1641 497 1696; x_wconf 61' lang='lat' dir='ltr'>effugere</span> <span class='ocrx_word' id='word_1_199' title='bbox 530 1641 761 1684; x_wconf 85' lang='lat' dir='ltr'>voluntaria</span> <span class='ocrx_word' id='word_1_200' title='bbox 796 1656 931 1685; x_wconf 91' lang='lat' dir='ltr'>morte</span> <span class='ocrx_word' id='word_1_201' title='bbox 966 1674 978 1691; x_wconf 79' lang='grc'>,</span> <span class='ocrx_word' id='word_1_202' title='bbox 1011 1643 1114 1698; x_wconf 87' lang='lat' dir='ltr'>quod</span> <span class='ocrx_word' id='word_1_203' title='bbox 1149 1642 1192 1685; x_wconf 65' lang='grc' dir='ltr'>ὃς</span> 
     </span>
     <span class='ocr_line' id='line_1_33' title="bbox 173 1698 1189 1754; baseline 0.001 -12"><span class='ocrx_word' id='word_1_204' title='bbox 173 1700 326 1742; x_wconf 87' lang='lat' dir='ltr'>Seneca</span> <span class='ocrx_word' id='word_1_205' title='bbox 355 1700 628 1753; x_wconf 69' lang='lat' dir='ltr'>saepenumero</span> <span class='ocrx_word' id='word_1_206' title='bbox 656 1698 842 1754; x_wconf 80' lang='lat' dir='ltr'>praedicat</span> <span class='ocrx_word' id='word_1_207' title='bbox 869 1715 880 1753; x_wconf 98' lang='lat'>3</span> <span class='ocrx_word' id='word_1_208' title='bbox 909 1700 953 1742; x_wconf 83' lang='lat'>&amp;</span> <span class='ocrx_word' id='word_1_209' title='bbox 973 1701 1090 1742; x_wconf 86' lang='lat' dir='ltr'>Zeno</span> <span class='ocrx_word' id='word_1_210' title='bbox 1111 1699 1189 1754; x_wconf 86' lang='lat' dir='ltr'>ipse</span> 
     </span>
     <span class='ocr_line' id='line_1_34' title="bbox 174 1756 1191 1813; baseline 0.002 -15"><span class='ocrx_word' id='word_1_211' title='bbox 174 1757 338 1813; x_wconf 80' lang='lat' dir='ltr'>proprio</span> <span class='ocrx_word' id='word_1_212' title='bbox 361 1757 491 1803; x_wconf 75' lang='lat' dir='ltr'>sanxit</span> <span class='ocrx_word' id='word_1_213' title='bbox 518 1756 737 1811; x_wconf 82' lang='lat' dir='ltr'>exemplo:</span> <span class='ocrx_word' id='word_1_214' title='bbox 775 1757 1036 1800; x_wconf 45' lang='lat' dir='ltr'>licuitsetiam</span> <span class='ocrx_word' id='word_1_215' title='bbox 1058 1757 1100 1800; x_wconf 68' lang='grc' dir='ltr'>ἃ</span> <span class='ocrx_word' id='word_1_216' title='bbox 1124 1773 1191 1812; x_wconf 89' lang='lat' dir='ltr'>per</span> 
     </span>
     <span class='ocr_line' id='line_1_35' title="bbox 174 1814 1188 1870; baseline -0.001 -12"><span class='ocrx_word' id='word_1_217' title='bbox 174 1814 464 1858; x_wconf 86' lang='lat' dir='ltr'>Proculianos:</span> <span class='ocrx_word' id='word_1_218' title='bbox 500 1814 693 1870; x_wconf 80' lang='lat' dir='ltr'>siquidem</span> <span class='ocrx_word' id='word_1_219' title='bbox 722 1815 919 1857; x_wconf 79' lang='lat' dir='ltr'>Neratius</span> <span class='ocrx_word' id='word_1_220' title='bbox 938 1843 960 1862; x_wconf 73' lang='lat'>‚,</span> <span class='ocrx_word' id='word_1_221' title='bbox 983 1814 1052 1870; x_wconf 89' lang='lat' dir='ltr'>qui</span> <span class='ocrx_word' id='word_1_222' title='bbox 1075 1830 1120 1857; x_wconf 89' lang='lat' dir='ltr'>ea</span> <span class='ocrx_word' id='word_1_223' title='bbox 1139 1830 1188 1857; x_wconf 84' lang='lat' dir='ltr'>ex</span> 
     </span>
     <span class='ocr_line' id='line_1_36' title="bbox 174 1870 1189 1928; baseline 0 -14"><span class='ocrx_word' id='word_1_224' title='bbox 174 1871 334 1915; x_wconf 87' lang='lat' dir='ltr'>familia</span> <span class='ocrx_word' id='word_1_225' title='bbox 361 1882 474 1924; x_wconf 84' lang='lat' dir='ltr'>erat,</span> <span class='ocrx_word' id='word_1_226' title='bbox 508 1871 638 1928; x_wconf 88' lang='lat' dir='ltr'>lugeri</span> <span class='ocrx_word' id='word_1_227' title='bbox 663 1883 773 1914; x_wconf 83' lang='lat' dir='ltr'>vetat</span> <span class='ocrx_word' id='word_1_228' title='bbox 788 1885 894 1921; x_wconf 64' lang='lat' dir='ltr'>„eum</span> <span class='ocrx_word' id='word_1_229' title='bbox 912 1904 924 1922; x_wconf 72' lang='lat'>3</span> <span class='ocrx_word' id='word_1_230' title='bbox 945 1872 1014 1927; x_wconf 89' lang='lat' dir='ltr'>qui</span> <span class='ocrx_word' id='word_1_231' title='bbox 1034 1870 1189 1914; x_wconf 86' lang='lat' dir='ltr'>sceleris</span> 
     </span>
     <span class='ocr_line' id='line_1_37' title="bbox 173 1929 1187 1985; baseline -0.001 -12"><span class='ocrx_word' id='word_1_232' title='bbox 173 1929 422 1973; x_wconf 84' lang='lat' dir='ltr'>conscientia</span> <span class='ocrx_word' id='word_1_233' title='bbox 448 1943 628 1973; x_wconf 89' lang='lat' dir='ltr'>mortem</span> <span class='ocrx_word' id='word_1_234' title='bbox 657 1929 726 1972; x_wconf 82' lang='lat' dir='ltr'>sibi</span> <span class='ocrx_word' id='word_1_235' title='bbox 752 1929 979 1983; x_wconf 85' lang='lat' dir='ltr'>conscivit3</span> <span class='ocrx_word' id='word_1_236' title='bbox 1013 1935 1095 1971; x_wconf 83' lang='lat' dir='ltr'>non</span> <span class='ocrx_word' id='word_1_237' title='bbox 1118 1929 1187 1985; x_wconf 90' lang='lat' dir='ltr'>qui</span> 
     </span>
     <span class='ocr_line' id='line_1_38' title="bbox 171 1985 1187 2044; baseline -0.001 -15"><span class='ocrx_word' id='word_1_238' title='bbox 171 1987 293 2030; x_wconf 84' lang='lat' dir='ltr'>taedio</span> <span class='ocrx_word' id='word_1_239' title='bbox 322 1988 439 2031; x_wconf 84' lang='lat' dir='ltr'>vitae.</span> <span class='ocrx_word' id='word_1_240' title='bbox 473 1985 550 2041; x_wconf 88' lang='lat' dir='ltr'>(f)</span> <span class='ocrx_word' id='word_1_241' title='bbox 577 1986 703 2044; x_wconf 86' lang='lat' dir='ltr'>quue</span> <span class='ocrx_word' id='word_1_242' title='bbox 728 1986 957 2039; x_wconf 77' lang='lat' dir='ltr'>Adrianus,</span> <span class='ocrx_word' id='word_1_243' title='bbox 994 1987 1036 2029; x_wconf 65' lang='grc' dir='ltr'>ὃς</span> <span class='ocrx_word' id='word_1_244' title='bbox 1055 1989 1187 2029; x_wconf 89' lang='lat' dir='ltr'>Anto-</span> 
     </span>
     <span class='ocr_line' id='line_1_39' title="bbox 175 2043 1188 2102; baseline 0 -14"><span class='ocrx_word' id='word_1_245' title='bbox 175 2047 266 2089; x_wconf 86' lang='lat' dir='ltr'>nius</span> <span class='ocrx_word' id='word_1_246' title='bbox 294 2045 385 2089; x_wconf 87' lang='lat' dir='ltr'>Pius</span> <span class='ocrx_word' id='word_1_247' title='bbox 410 2044 686 2101; x_wconf 89' lang='lat' dir='ltr'>adprobarunt</span> <span class='ocrx_word' id='word_1_248' title='bbox 710 2077 720 2088; x_wconf 92' lang='lat'>.</span> <span class='ocrx_word' id='word_1_249' title='bbox 752 2047 812 2102; x_wconf 80' lang='lat' dir='ltr'>(g</span> <span class='ocrx_word' id='word_1_250' title='bbox 833 2046 850 2097; x_wconf 91' lang='lat'><em>)</em></span> <span class='ocrx_word' id='word_1_251' title='bbox 876 2043 1188 2100; x_wconf 84' lang='lat' dir='ltr'>proportionem</span> 
     </span>
    </p>
   </div>
   <div class='ocr_carea' id='block_1_9' title="bbox 872 2181 973 2189">
    <p class='ocr_par' dir='ltr' id='par_1_9' title="bbox 872 2181 973 2189">
     <span class='ocr_line' id='line_1_40' title="bbox 872 2181 973 2189; baseline 0 1290"><span class='ocrx_word' id='word_1_252' title='bbox 872 2181 973 2189; x_wconf 95' lang='lat' dir='ltr'> </span> 
     </span>
    </p>
   </div>
   <div class='ocr_carea' id='block_1_10' title="bbox 1034 2191 1189 2247">
    <p class='ocr_par' dir='ltr' id='par_1_10' title="bbox 1034 2191 1189 2247">
     <span class='ocr_line' id='line_1_41' title="bbox 1034 2191 1189 2247; baseline 0 0"><span class='ocrx_word' id='word_1_253' title='bbox 1034 2215 1109 2247; x_wconf 90' lang='lat' dir='ltr'>huic</span> <span class='ocrx_word' id='word_1_254' title='bbox 1139 2191 1189 2247; x_wconf 56' lang='lat' dir='ltr'>diZ</span> 
     </span>
    </p>
   </div>
   <div class='ocr_carea' id='block_1_11' title="bbox 180 2182 283 2192">
    <p class='ocr_par' dir='ltr' id='par_1_11' title="bbox 180 2182 283 2192">
     <span class='ocr_line' id='line_1_42' title="bbox 180 2182 283 2192; baseline 0 -2"><span class='ocrx_word' id='word_1_255' title='bbox 180 2182 283 2192; x_wconf 47' lang='grc'>*-</span> 
     </span>
    </p>
   </div>
   <div class='ocr_carea' id='block_1_12' title="bbox 175 2215 1189 2298">
    <p class='ocr_par' dir='ltr' id='par_1_12' title="bbox 175 2215 1189 2298">
     <span class='ocr_line' id='line_1_43' title="bbox 178 2215 1006 2258; baseline 0 -10"><span class='ocrx_word' id='word_1_256' title='bbox 178 2215 208 2248; x_wconf 89' lang='lat' dir='ltr'>se</span> <span class='ocrx_word' id='word_1_257' title='bbox 242 2216 398 2249; x_wconf 80' lang='lat' dir='ltr'>volebant</span> <span class='ocrx_word' id='word_1_258' title='bbox 429 2226 466 2247; x_wconf 86' lang='lat' dir='ltr'>ea</span> <span class='ocrx_word' id='word_1_259' title='bbox 498 2215 626 2248; x_wconf 83' lang='lat' dir='ltr'>secundi</span> <span class='ocrx_word' id='word_1_260' title='bbox 659 2237 670 2255; x_wconf 72' lang='lat'>3</span> <span class='ocrx_word' id='word_1_261' title='bbox 695 2215 771 2258; x_wconf 86' lang='lat' dir='ltr'>quia</span> <span class='ocrx_word' id='word_1_262' title='bbox 798 2215 846 2247; x_wconf 88' lang='lat' dir='ltr'>illi</span> <span class='ocrx_word' id='word_1_263' title='bbox 876 2224 966 2248; x_wconf 82' lang='lat' dir='ltr'>totus</span> <span class='ocrx_word' id='word_1_264' title='bbox 994 2236 1006 2250; x_wconf 57' lang='lat'>2</span> 
     </span>
     <span class='ocr_line' id='line_1_44' title="bbox 175 2260 1189 2298; baseline -0.002 -5"><span class='ocrx_word' id='word_1_265' title='bbox 175 2260 300 2294; x_wconf 87' lang='lat' dir='ltr'>midius</span> <span class='ocrx_word' id='word_1_266' title='bbox 343 2268 474 2293; x_wconf 86' lang='lat' dir='ltr'>tantum</span> <span class='ocrx_word' id='word_1_267' title='bbox 507 2260 628 2293; x_wconf 81' lang='lat' dir='ltr'>fundus</span> <span class='ocrx_word' id='word_1_268' title='bbox 669 2260 803 2293; x_wconf 65' lang='lat' dir='ltr'>relictus</span> <span class='ocrx_word' id='word_1_269' title='bbox 831 2260 907 2293; x_wconf 79' lang='lat' dir='ltr'>effet</span> <span class='ocrx_word' id='word_1_270' title='bbox 935 2282 945 2298; x_wconf 89' lang='lat'>‚</span> <span class='ocrx_word' id='word_1_271' title='bbox 986 2261 1016 2291; x_wconf 74' lang='lat'>81:</span> <span class='ocrx_word' id='word_1_272' title='bbox 1044 2261 1093 2292; x_wconf 82' lang='lat' dir='ltr'>illi</span> <span class='ocrx_word' id='word_1_273' title='bbox 1122 2260 1189 2293; x_wconf 87' lang='lat' dir='ltr'>bes-</span> 
     </span>
    </p>
   </div>
   <div class='ocr_carea' id='block_1_13' title="bbox 286 2183 392 2190">
    <p class='ocr_par' dir='ltr' id='par_1_13' title="bbox 286 2183 392 2190">
     <span class='ocr_line' id='line_1_45' title="bbox 286 2183 392 2190; baseline 0 0"><span class='ocrx_word' id='word_1_274' title='bbox 286 2183 392 2190; x_wconf 95' lang='lat' dir='ltr'> </span> 
     </span>
    </p>
   </div>
   <div class='ocr_carea' id='block_1_14' title="bbox 394 2180 866 2197">
    <p class='ocr_par' dir='ltr' id='par_1_14' title="bbox 394 2180 866 2197">
     <span class='ocr_line' id='line_1_46' title="bbox 394 2180 866 2197; baseline -0.004 -6"><span class='ocrx_word' id='word_1_275' title='bbox 394 2180 866 2197; x_wconf 44' lang='lat' dir='ltr'><strong>——q-*n——p—</strong></span> 
     </span>
    </p>
   </div>
   <div class='ocr_carea' id='block_1_15' title="bbox 174 1122 1219 2903">
    <p class='ocr_par' dir='ltr' id='par_1_15' title="bbox 174 1122 1219 2903">
     <span class='ocr_line' id='line_1_47' title="bbox 174 1122 1193 1176; baseline 0.003 -12"><span class='ocrx_word' id='word_1_276' title='bbox 174 1136 228 1164; x_wconf 88' lang='lat' dir='ltr'>na</span> <span class='ocrx_word' id='word_1_277' title='bbox 259 1122 494 1165; x_wconf 77' lang='lat' dir='ltr'>Stoicorum</span> <span class='ocrx_word' id='word_1_278' title='bbox 528 1137 796 1176; x_wconf 65' lang='lat' dir='ltr'>acceperant,</span> <span class='ocrx_word' id='word_1_279' title='bbox 833 1139 893 1167; x_wconf 84' lang='lat' dir='ltr'>res</span> <span class='ocrx_word' id='word_1_280' title='bbox 909 1137 1091 1167; x_wconf 86' lang='lat' dir='ltr'>nontam</span> <span class='ocrx_word' id='word_1_281' title='bbox 1109 1141 1193 1167; x_wconf 89' lang='lat' dir='ltr'>ma-</span> 
     </span>
     <span class='ocr_line' id='line_1_48' title="bbox 179 1179 1193 1238; baseline 0.002 -16"><span class='ocrx_word' id='word_1_282' title='bbox 179 1179 294 1223; x_wconf 84' lang='lat' dir='ltr'>teriae</span> <span class='ocrx_word' id='word_1_283' title='bbox 328 1211 340 1231; x_wconf 86' lang='lat'>‚</span> <span class='ocrx_word' id='word_1_284' title='bbox 367 1195 515 1236; x_wconf 86' lang='lat' dir='ltr'>-quam</span> <span class='ocrx_word' id='word_1_285' title='bbox 561 1179 704 1223; x_wconf 74' lang='lat' dir='ltr'>formae</span> <span class='ocrx_word' id='word_1_286' title='bbox 735 1213 747 1235; x_wconf 86' lang='lat'>,</span> <span class='ocrx_word' id='word_1_287' title='bbox 790 1193 909 1238; x_wconf 87' lang='lat' dir='ltr'>atque</span> <span class='ocrx_word' id='word_1_288' title='bbox 942 1182 1039 1225; x_wconf 84' lang='lat' dir='ltr'>adeo</span> <span class='ocrx_word' id='word_1_289' title='bbox 1073 1182 1193 1237; x_wconf 83' lang='lat' dir='ltr'>ipsius</span> 
     </span>
     <span class='ocr_line' id='line_1_49' title="bbox 177 1236 1192 1293; baseline 0 -12"><span class='ocrx_word' id='word_1_290' title='bbox 177 1237 381 1281; x_wconf 89' lang='lat' dir='ltr'>conditori</span> <span class='ocrx_word' id='word_1_291' title='bbox 408 1238 481 1280; x_wconf 81' lang='lat' dir='ltr'>effe</span> <span class='ocrx_word' id='word_1_292' title='bbox 509 1236 789 1288; x_wconf 83' lang='lat' dir='ltr'>adjudicandas</span> <span class='ocrx_word' id='word_1_293' title='bbox 816 1255 828 1291; x_wconf 88' lang='lat'>3</span> <span class='ocrx_word' id='word_1_294' title='bbox 861 1255 955 1281; x_wconf 90' lang='lat' dir='ltr'>cum</span> <span class='ocrx_word' id='word_1_295' title='bbox 983 1240 1019 1280; x_wconf 89' lang='lat' dir='ltr'>id</span> <span class='ocrx_word' id='word_1_296' title='bbox 1041 1270 1053 1291; x_wconf 88' lang='lat'>‚</span> <span class='ocrx_word' id='word_1_297' title='bbox 1086 1240 1192 1293; x_wconf 89' lang='lat' dir='ltr'>quod</span> 
     </span>
     <span class='ocr_line' id='line_1_50' title="bbox 175 2439 1191 2484; baseline -0.003 -8"><span class='ocrx_word' id='word_1_298' title='bbox 175 2443 253 2476; x_wconf 84' lang='lat' dir='ltr'>tarii</span> <span class='ocrx_word' id='word_1_299' title='bbox 284 2442 426 2475; x_wconf 71' lang='lat' dir='ltr'>semiffes</span> <span class='ocrx_word' id='word_1_300' title='bbox 457 2441 610 2475; x_wconf 87' lang='lat' dir='ltr'>ferrent.</span> <span class='ocrx_word' id='word_1_301' title='bbox 642 2442 767 2475; x_wconf 80' lang='lat' dir='ltr'>Similis</span> <span class='ocrx_word' id='word_1_302' title='bbox 807 2442 928 2484; x_wconf 80' lang='lat' dir='ltr'>species</span> <span class='ocrx_word' id='word_1_303' title='bbox 954 2439 993 2473; x_wconf 90' lang='lat' dir='ltr'>de</span> <span class='ocrx_word' id='word_1_304' title='bbox 1024 2440 1191 2473; x_wconf 55' lang='lat' dir='ltr'>usufructu</span> 
     </span>
     <span class='ocr_line' id='line_1_51' title="bbox 176 2623 1190 2667; baseline -0.001 -11"><span class='ocrx_word' id='word_1_305' title='bbox 176 2624 203 2656; x_wconf 83' lang='lat' dir='ltr'>ri</span> <span class='ocrx_word' id='word_1_306' title='bbox 238 2623 397 2667; x_wconf 73' lang='lat' dir='ltr'>legatario</span> <span class='ocrx_word' id='word_1_307' title='bbox 435 2625 598 2657; x_wconf 71' lang='lat' dir='ltr'>concessus</span> <span class='ocrx_word' id='word_1_308' title='bbox 641 2626 670 2656; x_wconf 82' lang='lat'>&amp;</span> <span class='ocrx_word' id='word_1_309' title='bbox 705 2625 813 2666; x_wconf 77' lang='lat' dir='ltr'>postea</span> <span class='ocrx_word' id='word_1_310' title='bbox 852 2631 1031 2664; x_wconf 18' lang='lat' dir='ltr'>pro-parte</span> <span class='ocrx_word' id='word_1_311' title='bbox 1057 2629 1190 2655; x_wconf 83' lang='lat' dir='ltr'>tantum</span> 
     </span>
     <span class='ocr_line' id='line_1_52' title="bbox 184 2668 1186 2712; baseline -0.002 -11"><span class='ocrx_word' id='word_1_312' title='bbox 184 2668 360 2712; x_wconf 77' lang='lat' dir='ltr'>ademptus</span> <span class='ocrx_word' id='word_1_313' title='bbox 389 2669 576 2703; x_wconf 79' lang='lat' dir='ltr'>videbatur.</span> <span class='ocrx_word' id='word_1_314' title='bbox 603 2673 687 2702; x_wconf 79' lang='lat' dir='ltr'>L-6.</span> <span class='ocrx_word' id='word_1_315' title='bbox 704 2673 749 2701; x_wconf 87' lang='lat' dir='ltr'>D.</span> <span class='ocrx_word' id='word_1_316' title='bbox 780 2671 818 2701; x_wconf 79' lang='lat' dir='ltr'>de</span> <span class='ocrx_word' id='word_1_317' title='bbox 848 2669 959 2710; x_wconf 75' lang='lat' dir='ltr'>Usufr.</span> <span class='ocrx_word' id='word_1_318' title='bbox 989 2679 1051 2700; x_wconf 78' lang='lat' dir='ltr'>ear.</span> <span class='ocrx_word' id='word_1_319' title='bbox 1068 2680 1124 2700; x_wconf 84' lang='lat' dir='ltr'>rer.</span> <span class='ocrx_word' id='word_1_320' title='bbox 1149 2672 1186 2701; x_wconf 88' lang='lat' dir='ltr'>L.</span> 
     </span>
     <span class='ocr_line' id='line_1_53' title="bbox 176 2713 1191 2758; baseline 0.001 -13"><span class='ocrx_word' id='word_1_321' title='bbox 176 2719 230 2755; x_wconf 91' lang='lat'>76.</span> <span class='ocrx_word' id='word_1_322' title='bbox 257 2717 283 2758; x_wconf 58' lang='grc' dir='ltr'>ς.</span> <span class='ocrx_word' id='word_1_323' title='bbox 307 2726 336 2746; x_wconf 87' lang='lat'>2.</span> <span class='ocrx_word' id='word_1_324' title='bbox 360 2719 405 2747; x_wconf 87' lang='lat' dir='ltr'>D.</span> <span class='ocrx_word' id='word_1_325' title='bbox 439 2719 476 2747; x_wconf 75' lang='lat' dir='ltr'>de</span> <span class='ocrx_word' id='word_1_326' title='bbox 493 2718 569 2757; x_wconf 78' lang='lat' dir='ltr'>Leg.</span> <span class='ocrx_word' id='word_1_327' title='bbox 603 2715 763 2757; x_wconf 73' lang='lat' dir='ltr'>Neglexit</span> <span class='ocrx_word' id='word_1_328' title='bbox 793 2715 829 2747; x_wconf 86' lang='lat' dir='ltr'>in</span> <span class='ocrx_word' id='word_1_329' title='bbox 858 2713 917 2746; x_wconf 88' lang='lat' dir='ltr'>hac</span> <span class='ocrx_word' id='word_1_330' title='bbox 949 2713 1052 2756; x_wconf 83' lang='lat' dir='ltr'>specie</span> <span class='ocrx_word' id='word_1_331' title='bbox 1081 2718 1191 2757; x_wconf 85' lang='lat' dir='ltr'>Impe-</span> 
     </span>
     <span class='ocr_line' id='line_1_54' title="bbox 178 2761 1125 2803; baseline 0.002 -13"><span class='ocrx_word' id='word_1_332' title='bbox 178 2766 268 2792; x_wconf 83' lang='lat' dir='ltr'>rator</span> <span class='ocrx_word' id='word_1_333' title='bbox 293 2761 552 2803; x_wconf 72' lang='lat' dir='ltr'>fimplicitatem</span> <span class='ocrx_word' id='word_1_334' title='bbox 583 2761 772 2793; x_wconf 80' lang='lat' dir='ltr'>naturalem</span> <span class='ocrx_word' id='word_1_335' title='bbox 801 2780 811 2798; x_wconf 80' lang='lat'>‚</span> <span class='ocrx_word' id='word_1_336' title='bbox 851 2769 887 2792; x_wconf 90' lang='lat' dir='ltr'>ut</span> <span class='ocrx_word' id='word_1_337' title='bbox 917 2767 1056 2802; x_wconf 85' lang='lat' dir='ltr'>apparet</span> <span class='ocrx_word' id='word_1_338' title='bbox 1086 2770 1125 2792; x_wconf 78' lang='lat' dir='ltr'>ex</span> 
     </span>
     <span class='ocr_line' id='line_1_55' title="bbox 183 2805 1219 2849; baseline 0.003 -14"><span class='ocrx_word' id='word_1_339' title='bbox 183 2814 195 2835; x_wconf 86' lang='lat'>1</span> <span class='ocrx_word' id='word_1_340' title='bbox 231 2806 272 2845; x_wconf 84' lang='lat' dir='ltr'>J.</span> <span class='ocrx_word' id='word_1_341' title='bbox 310 2807 348 2838; x_wconf 76' lang='lat' dir='ltr'>de</span> <span class='ocrx_word' id='word_1_342' title='bbox 385 2809 494 2849; x_wconf 72' lang='lat' dir='ltr'>Usufr.</span> <span class='ocrx_word' id='word_1_343' title='bbox 538 2818 612 2839; x_wconf 88' lang='lat' dir='ltr'>cum</span> <span class='ocrx_word' id='word_1_344' title='bbox 658 2817 732 2839; x_wconf 87' lang='lat' dir='ltr'>eam</span> <span class='ocrx_word' id='word_1_345' title='bbox 776 2806 1045 2848; x_wconf 72' lang='lat' dir='ltr'>interpretationi</span> <span class='ocrx_word' id='word_1_346' title='bbox 1075 2805 1219 2844; x_wconf 41' lang='lat' dir='ltr'>st·ic“tae‹</span> 
     </span>
     <span class='ocr_line' id='line_1_56' title="bbox 181 2849 1215 2903; baseline 0.005 -24"><span class='ocrx_word' id='word_1_347' title='bbox 181 2850 365 2890; x_wconf 87' lang='lat' dir='ltr'>praetulerit</span> <span class='ocrx_word' id='word_1_348' title='bbox 400 2854 435 2883; x_wconf 86' lang='lat' dir='ltr'>in</span> <span class='ocrx_word' id='word_1_349' title='bbox 462 2855 499 2884; x_wconf 90' lang='lat' dir='ltr'>L.</span> <span class='ocrx_word' id='word_1_350' title='bbox 531 2863 583 2891; x_wconf 80' lang='lat'>23.</span> <span class='ocrx_word' id='word_1_351' title='bbox 612 2855 647 2885; x_wconf 89' lang='lat' dir='ltr'>C.</span> <span class='ocrx_word' id='word_1_352' title='bbox 677 2852 714 2885; x_wconf 72' lang='lat' dir='ltr'>de</span> <span class='ocrx_word' id='word_1_353' title='bbox 748 2855 826 2894; x_wconf 61' lang='lat' dir='ltr'>Lag.</span> <span class='ocrx_word' id='word_1_354' title='bbox 854 2849 1033 2886; x_wconf 76' lang='lat' dir='ltr'>Trebatius</span> <span class='ocrx_word' id='word_1_355' title='bbox 1063 2856 1215 2903; x_wconf 76' lang='lat' dir='ltr'>quoque&#39;</span> 
     </span>
    </p>
   </div>
   <div class='ocr_carea' id='block_1_16' title="bbox 176 2893 1189 2986">
    <p class='ocr_par' dir='ltr' id='par_1_16' title="bbox 176 2893 1189 2986">
     <span class='ocr_line' id='line_1_57' title="bbox 178 2893 1189 2940; baseline 0.005 -15"><span class='ocrx_word' id='word_1_356' title='bbox 178 2904 255 2926; x_wconf 87' lang='lat' dir='ltr'>eum</span> <span class='ocrx_word' id='word_1_357' title='bbox 275 2917 286 2934; x_wconf 89' lang='lat'>,</span> <span class='ocrx_word' id='word_1_358' title='bbox 311 2893 365 2938; x_wconf 66' lang='lat' dir='ltr'>qui</span> <span class='ocrx_word' id='word_1_359' title='bbox 395 2896 521 2930; x_wconf 87' lang='lat' dir='ltr'>dolium</span> <span class='ocrx_word' id='word_1_360' title='bbox 552 2899 658 2940; x_wconf 81' lang='lat' dir='ltr'>aperit</span> <span class='ocrx_word' id='word_1_361' title='bbox 696 2898 725 2929; x_wconf 75' lang='grc'>8(</span> <span class='ocrx_word' id='word_1_362' title='bbox 756 2897 831 2930; x_wconf 89' lang='lat' dir='ltr'>inde</span> <span class='ocrx_word' id='word_1_363' title='bbox 870 2896 995 2940; x_wconf 73' lang='lat' dir='ltr'>aliquid</span> <span class='ocrx_word' id='word_1_364' title='bbox 1035 2899 1105 2930; x_wconf 77' lang='lat' dir='ltr'>vini</span> <span class='ocrx_word' id='word_1_365' title='bbox 1133 2909 1189 2930; x_wconf 82' lang='lat' dir='ltr'>au-</span> 
     </span>
     <span class='ocr_line' id='line_1_58' title="bbox 176 2937 1093 2986; baseline 0.007 -16"><span class='ocrx_word' id='word_1_366' title='bbox 176 2937 241 2971; x_wconf 74' lang='lat' dir='ltr'>fert</span> <span class='ocrx_word' id='word_1_367' title='bbox 270 2962 281 2977; x_wconf 85' lang='lat'>‚</span> <span class='ocrx_word' id='word_1_368' title='bbox 308 2942 358 2972; x_wconf 85' lang='lat' dir='ltr'>vel</span> <span class='ocrx_word' id='word_1_369' title='bbox 391 2943 516 2986; x_wconf 86' lang='lat' dir='ltr'>aliquid</span> <span class='ocrx_word' id='word_1_370' title='bbox 544 2955 583 2976; x_wconf 81' lang='lat' dir='ltr'>ex</span> <span class='ocrx_word' id='word_1_371' title='bbox 622 2954 742 2976; x_wconf 78' lang='lat' dir='ltr'>acervo</span> <span class='ocrx_word' id='word_1_372' title='bbox 770 2944 931 2977; x_wconf 60' lang='lat' dir='ltr'>{rumenti</span> <span class='ocrx_word' id='word_1_373' title='bbox 961 2943 1052 2976; x_wconf 81' lang='lat' dir='ltr'>tollit</span> <span class='ocrx_word' id='word_1_374' title='bbox 1083 2966 1093 2979; x_wconf 82' lang='grc'>,</span> 
     </span>
    </p>
   </div>
   <div class='ocr_carea' id='block_1_17' title="bbox 1248 113 2264 190">
    <p class='ocr_par' dir='ltr' id='par_1_17' title="bbox 1248 113 2264 190">
     <span class='ocr_line' id='line_1_59' title="bbox 1248 113 2264 190; baseline 0.001 -24"><span class='ocrx_word' id='word_1_375' title='bbox 1248 113 1714 167; x_wconf 83' lang='lat' dir='ltr'>IVILIS.</span> <span class='ocrx_word' id='word_1_376' title='bbox 2196 138 2264 190; x_wconf 79' lang='lat'>39</span> 
     </span>
    </p>
   </div>
   <div class='ocr_carea' id='block_1_18' title="bbox 1237 188 2262 2162">
    <p class='ocr_par' dir='ltr' id='par_1_18' title="bbox 1238 188 2262 1857">
     <span class='ocr_line' id='line_1_60' title="bbox 1248 188 2261 245; baseline 0.006 -14"><span class='ocrx_word' id='word_1_377' title='bbox 1248 188 1379 232; x_wconf 87' lang='lat' dir='ltr'>Stoici</span> <span class='ocrx_word' id='word_1_378' title='bbox 1429 188 1742 233; x_wconf 83' lang='lat' dir='ltr'>arithmeticam</span> <span class='ocrx_word' id='word_1_379' title='bbox 1798 188 2066 245; x_wconf 86' lang='lat' dir='ltr'>sequebantur</span> <span class='ocrx_word' id='word_1_380' title='bbox 2102 210 2113 236; x_wconf 78' lang='lat' dir='ltr'>t</span> <span class='ocrx_word' id='word_1_381' title='bbox 2165 212 2261 241; x_wconf 84' lang='lat' dir='ltr'>curn</span> 
     </span>
     <span class='ocr_line' id='line_1_61' title="bbox 1247 248 2262 309; baseline 0.004 -18"><span class='ocrx_word' id='word_1_382' title='bbox 1247 248 1392 291; x_wconf 89' lang='lat' dir='ltr'>omnia</span> <span class='ocrx_word' id='word_1_383' title='bbox 1419 261 1583 303; x_wconf 87' lang='lat' dir='ltr'>peccata</span> <span class='ocrx_word' id='word_1_384' title='bbox 1621 259 1809 304; x_wconf 87' lang='lat' dir='ltr'>putarent</span> <span class='ocrx_word' id='word_1_385' title='bbox 1838 248 2009 304; x_wconf 76' lang='lat' dir='ltr'>aequalia</span> <span class='ocrx_word' id='word_1_386' title='bbox 2033 282 2045 303; x_wconf 90' lang='lat'>,</span> <span class='ocrx_word' id='word_1_387' title='bbox 2089 255 2262 309; x_wconf 80' lang='lat' dir='ltr'>aequales</span> 
     </span>
     <span class='ocr_line' id='line_1_62' title="bbox 1247 305 2257 362; baseline 0.008 -15"><span class='ocrx_word' id='word_1_388' title='bbox 1247 309 1417 349; x_wconf 85' lang='lat' dir='ltr'>virtutes</span> <span class='ocrx_word' id='word_1_389' title='bbox 1441 337 1453 358; x_wconf 87' lang='lat'><strong>‚</strong></span> <span class='ocrx_word' id='word_1_390' title='bbox 1487 321 1617 362; x_wconf 87' lang='lat' dir='ltr'>neque</span> <span class='ocrx_word' id='word_1_391' title='bbox 1643 306 1690 349; x_wconf 92' lang='lat' dir='ltr'>de</span> <span class='ocrx_word' id='word_1_392' title='bbox 1716 305 1962 361; x_wconf 80' lang='lat' dir='ltr'>sapientibus</span> <span class='ocrx_word' id='word_1_393' title='bbox 1986 307 2162 353; x_wconf 89' lang='lat' dir='ltr'>alterum</span> <span class='ocrx_word' id='word_1_394' title='bbox 2193 313 2257 355; x_wconf 88' lang='lat' dir='ltr'>al-</span> 
     </span>
     <span class='ocr_line' id='line_1_63' title="bbox 1246 363 2255 420; baseline 0.007 -14"><span class='ocrx_word' id='word_1_395' title='bbox 1246 363 1319 407; x_wconf 90' lang='lat' dir='ltr'>teri</span> <span class='ocrx_word' id='word_1_396' title='bbox 1365 364 1559 420; x_wconf 79' lang='lat' dir='ltr'>sapientia</span> <span class='ocrx_word' id='word_1_397' title='bbox 1607 365 1786 418; x_wconf 68' lang='lat' dir='ltr'>praeliare</span> <span class='ocrx_word' id='word_1_398' title='bbox 1823 365 2118 410; x_wconf 88' lang='lat' dir='ltr'>arbitrarentur</span> <span class='ocrx_word' id='word_1_399' title='bbox 2155 371 2172 420; x_wconf 86' lang='lat'>(</span> <span class='ocrx_word' id='word_1_400' title='bbox 2211 382 2255 413; x_wconf 92' lang='lat' dir='ltr'>ut</span> 
     </span>
     <span class='ocr_line' id='line_1_64' title="bbox 1244 422 2252 481; baseline 0.007 -18"><span class='ocrx_word' id='word_1_401' title='bbox 1244 422 1360 464; x_wconf 89' lang='lat' dir='ltr'>enim</span> <span class='ocrx_word' id='word_1_402' title='bbox 1395 437 1468 464; x_wconf 87' lang='lat' dir='ltr'>nec</span> <span class='ocrx_word' id='word_1_403' title='bbox 1495 437 1590 465; x_wconf 86' lang='lat' dir='ltr'>vero</span> <span class='ocrx_word' id='word_1_404' title='bbox 1619 422 1714 477; x_wconf 83' lang='lat' dir='ltr'>quid</span> <span class='ocrx_word' id='word_1_405' title='bbox 1742 422 1875 465; x_wconf 83' lang='lat' dir='ltr'>verius</span> <span class='ocrx_word' id='word_1_406' title='bbox 1912 438 1931 474; x_wconf 87' lang='lat'>,·</span> <span class='ocrx_word' id='word_1_407' title='bbox 1980 440 2110 481; x_wconf 86' lang='lat' dir='ltr'>neque</span> <span class='ocrx_word' id='word_1_408' title='bbox 2150 426 2252 471; x_wconf 83' lang='lat' dir='ltr'>falso</span> 
     </span>
     <span class='ocr_line' id='line_1_65' title="bbox 1244 477 2254 535; baseline 0.003 -14"><span class='ocrx_word' id='word_1_409' title='bbox 1244 479 1339 535; x_wconf 88' lang='lat' dir='ltr'>quid</span> <span class='ocrx_word' id='word_1_410' title='bbox 1366 478 1520 522; x_wconf 73' lang='lat' dir='ltr'>falsius:</span> <span class='ocrx_word' id='word_1_411' title='bbox 1557 480 1612 522; x_wconf 87' lang='lat' dir='ltr'>ita</span> <span class='ocrx_word' id='word_1_412' title='bbox 1637 477 1774 522; x_wconf 86' lang='lat' dir='ltr'>nullus</span> <span class='ocrx_word' id='word_1_413' title='bbox 1798 495 1911 527; x_wconf 86' lang='lat' dir='ltr'>error</span> <span class='ocrx_word' id='word_1_414' title='bbox 1937 511 1949 532; x_wconf 76' lang='lat'>3</span> <span class='ocrx_word' id='word_1_415' title='bbox 1993 496 2065 527; x_wconf 89' lang='lat' dir='ltr'>aut</span> <span class='ocrx_word' id='word_1_416' title='bbox 2090 484 2254 530; x_wconf 80' lang='lat' dir='ltr'>crimen</span> 
     </span>
     <span class='ocr_line' id='line_1_66' title="bbox 1244 537 2254 591; baseline 0.008 -11"><span class='ocrx_word' id='word_1_417' title='bbox 1244 537 1325 580; x_wconf 89' lang='lat' dir='ltr'>alio</span> <span class='ocrx_word' id='word_1_418' title='bbox 1351 551 1438 581; x_wconf 88' lang='lat' dir='ltr'>erat</span> <span class='ocrx_word' id='word_1_419' title='bbox 1461 553 1605 581; x_wconf 85' lang='lat' dir='ltr'>eorum</span> <span class='ocrx_word' id='word_1_420' title='bbox 1637 537 1833 582; x_wconf 84' lang='lat' dir='ltr'>sententia</span> <span class='ocrx_word' id='word_1_421' title='bbox 1860 537 1988 589; x_wconf 87' lang='lat' dir='ltr'>majus</span> <span class='ocrx_word' id='word_1_422' title='bbox 2015 542 2033 591; x_wconf 88' lang='lat'>)</span> <span class='ocrx_word' id='word_1_423' title='bbox 2055 542 2254 587; x_wconf 84' lang='lat' dir='ltr'>eandem-</span> 
     </span>
     <span class='ocr_line' id='line_1_67' title="bbox 1242 594 2254 651; baseline 0.007 -13"><span class='ocrx_word' id='word_1_424' title='bbox 1242 611 1320 651; x_wconf 85' lang='lat' dir='ltr'>que</span> <span class='ocrx_word' id='word_1_425' title='bbox 1359 598 1669 651; x_wconf 81' lang='lat' dir='ltr'>proportionem</span> <span class='ocrx_word' id='word_1_426' title='bbox 1706 594 1921 651; x_wconf 84' lang='lat' dir='ltr'>amplexos</span> <span class='ocrx_word' id='word_1_427' title='bbox 1944 596 2019 642; x_wconf 78' lang='lat' dir='ltr'>effe</span> <span class='ocrx_word' id='word_1_428' title='bbox 2048 600 2254 645; x_wconf 86' lang='lat' dir='ltr'>Proculia-</span> 
     </span>
     <span class='ocr_line' id='line_1_68' title="bbox 1245 653 2251 716; baseline 0.008 -21"><span class='ocrx_word' id='word_1_429' title='bbox 1245 668 1316 696; x_wconf 86' lang='lat' dir='ltr'>nos</span> <span class='ocrx_word' id='word_1_430' title='bbox 1339 654 1508 697; x_wconf 82' lang='lat' dir='ltr'>ostendit</span> <span class='ocrx_word' id='word_1_431' title='bbox 1531 655 1593 696; x_wconf 70' lang='lat' dir='ltr'>let</span> <span class='ocrx_word' id='word_1_432' title='bbox 1617 653 1804 707; x_wconf 65' lang='lat' dir='ltr'>vicefima</span> <span class='ocrx_word' id='word_1_433' title='bbox 1828 657 1945 698; x_wconf 78' lang='lat' dir='ltr'>tertia</span> <span class='ocrx_word' id='word_1_434' title='bbox 1958 659 2012 700; x_wconf 87' lang='lat' dir='ltr'>C.</span> <span class='ocrx_word' id='word_1_435' title='bbox 2030 657 2251 716; x_wconf 74' lang='lat' dir='ltr'>delegatis.</span> 
     </span>
     <span class='ocr_line' id='line_1_69' title="bbox 1246 712 2252 767; baseline 0.008 -14"><span class='ocrx_word' id='word_1_436' title='bbox 1246 713 1335 754; x_wconf 85' lang='lat' dir='ltr'>Nec</span> <span class='ocrx_word' id='word_1_437' title='bbox 1360 712 1537 766; x_wconf 79' lang='lat' dir='ltr'>mirum,</span> <span class='ocrx_word' id='word_1_438' title='bbox 1569 713 1666 767; x_wconf 89' lang='lat' dir='ltr'>quia</span> <span class='ocrx_word' id='word_1_439' title='bbox 1690 713 1912 757; x_wconf 85' lang='lat' dir='ltr'>Trebatius</span> <span class='ocrx_word' id='word_1_440' title='bbox 1939 716 2138 760; x_wconf 83' lang='lat' dir='ltr'>Labeonis</span> <span class='ocrx_word' id='word_1_441' title='bbox 2164 719 2252 761; x_wconf 82' lang='lat' dir='ltr'>Do-</span> 
     </span>
     <span class='ocr_line' id='line_1_70' title="bbox 1242 770 2254 827; baseline 0.006 -14"><span class='ocrx_word' id='word_1_442' title='bbox 1242 770 1330 813; x_wconf 66' lang='lat' dir='ltr'>&amp;or</span> <span class='ocrx_word' id='word_1_443' title='bbox 1355 802 1366 824; x_wconf 79' lang='lat'>3</span> <span class='ocrx_word' id='word_1_444' title='bbox 1416 787 1438 813; x_wconf 89' lang='lat' dir='ltr'>a</span> <span class='ocrx_word' id='word_1_445' title='bbox 1463 787 1542 827; x_wconf 84' lang='lat' dir='ltr'>quo</span> <span class='ocrx_word' id='word_1_446' title='bbox 1572 770 1802 814; x_wconf 85' lang='lat' dir='ltr'>Proculiani</span> <span class='ocrx_word' id='word_1_447' title='bbox 1843 804 1855 824; x_wconf 95' lang='lat'>,</span> <span class='ocrx_word' id='word_1_448' title='bbox 1906 773 2081 818; x_wconf 88' lang='lat' dir='ltr'>crimina</span> <span class='ocrx_word' id='word_1_449' title='bbox 2107 776 2254 819; x_wconf 80' lang='lat' dir='ltr'>omnia</span> 
     </span>
     <span class='ocr_line' id='line_1_71' title="bbox 1242 829 2255 886; baseline 0.007 -15"><span class='ocrx_word' id='word_1_450' title='bbox 1242 829 1500 884; x_wconf 71' lang='lat' dir='ltr'>exaequabat.</span> <span class='ocrx_word' id='word_1_451' title='bbox 1534 829 1618 882; x_wconf 82' lang='lat' dir='ltr'>(h)</span> <span class='ocrx_word' id='word_1_452' title='bbox 1647 844 1743 872; x_wconf 89' lang='lat' dir='ltr'>nam</span> <span class='ocrx_word' id='word_1_453' title='bbox 1773 831 1866 873; x_wconf 83' lang='lat' dir='ltr'>teste</span> <span class='ocrx_word' id='word_1_454' title='bbox 1894 831 2079 886; x_wconf 88' lang='lat' dir='ltr'>Ulpiano</span> <span class='ocrx_word' id='word_1_455' title='bbox 2101 865 2112 885; x_wconf 73' lang='lat'>3</span> <span class='ocrx_word' id='word_1_456' title='bbox 2146 835 2255 878; x_wconf 88' lang='lat' dir='ltr'>Tre-</span> 
     </span>
     <span class='ocr_line' id='line_1_72' title="bbox 1245 887 2254 948; baseline 0.008 -20"><span class='ocrx_word' id='word_1_457' title='bbox 1245 887 1377 930; x_wconf 72' lang='lat' dir='ltr'>batius</span> <span class='ocrx_word' id='word_1_458' title='bbox 1402 891 1569 944; x_wconf 86' lang='lat' dir='ltr'>putabat</span> <span class='ocrx_word' id='word_1_459' title='bbox 1595 903 1688 930; x_wconf 85' lang='lat' dir='ltr'>eum</span> <span class='ocrx_word' id='word_1_460' title='bbox 1704 920 1716 939; x_wconf 63' lang='lat'>3</span> <span class='ocrx_word' id='word_1_461' title='bbox 1749 889 1817 944; x_wconf 82' lang='lat' dir='ltr'>qui</span> <span class='ocrx_word' id='word_1_462' title='bbox 1840 905 1980 933; x_wconf 88' lang='lat' dir='ltr'>aurem</span> <span class='ocrx_word' id='word_1_463' title='bbox 2003 904 2044 934; x_wconf 87' lang='lat' dir='ltr'>ta</span> <span class='ocrx_word' id='word_1_464' title='bbox 2058 905 2190 948; x_wconf 75' lang='lat' dir='ltr'>igeret</span> <span class='ocrx_word' id='word_1_465' title='bbox 2211 909 2254 936; x_wconf 82' lang='lat' dir='ltr'>a-</span> 
     </span>
     <span class='ocr_line' id='line_1_73' title="bbox 1244 943 2257 1005; baseline 0.006 -18"><span class='ocrx_word' id='word_1_466' title='bbox 1244 943 1409 996; x_wconf 78' lang='lat' dir='ltr'>licujus.</span> <span class='ocrx_word' id='word_1_467' title='bbox 1443 958 1578 988; x_wconf 88' lang='lat' dir='ltr'>totum</span> <span class='ocrx_word' id='word_1_468' title='bbox 1599 945 1770 1002; x_wconf 73' lang='lat' dir='ltr'>attigisse</span> <span class='ocrx_word' id='word_1_469' title='bbox 1803 963 1947 1003; x_wconf 85' lang='lat' dir='ltr'>corpus</span> <span class='ocrx_word' id='word_1_470' title='bbox 1969 965 1981 1002; x_wconf 89' lang='lat'>3</span> <span class='ocrx_word' id='word_1_471' title='bbox 2023 951 2068 992; x_wconf 66' lang='grc' dir='ltr'>ὅς</span> <span class='ocrx_word' id='word_1_472' title='bbox 2089 949 2158 1005; x_wconf 88' lang='lat' dir='ltr'>qui</span> <span class='ocrx_word' id='word_1_473' title='bbox 2181 951 2257 993; x_wconf 79' lang='lat' dir='ltr'>do-</span> 
     </span>
     <span class='ocr_line' id='line_1_74' title="bbox 1241 1002 2253 1064; baseline 0.006 -20"><span class='ocrx_word' id='word_1_474' title='bbox 1241 1002 1343 1046; x_wconf 87' lang='lat' dir='ltr'>lium</span> <span class='ocrx_word' id='word_1_475' title='bbox 1365 1005 1538 1058; x_wconf 87' lang='lat' dir='ltr'>aperiret</span> <span class='ocrx_word' id='word_1_476' title='bbox 1556 1037 1566 1057; x_wconf 90' lang='lat'>,</span> <span class='ocrx_word' id='word_1_477' title='bbox 1589 1004 1758 1061; x_wconf 80' lang='lat' dir='ltr'>indeque</span> <span class='ocrx_word' id='word_1_478' title='bbox 1782 1003 1924 1061; x_wconf 82' lang='lat' dir='ltr'>parum</span> <span class='ocrx_word' id='word_1_479' title='bbox 1949 1007 2036 1050; x_wconf 89' lang='lat' dir='ltr'>vini</span> <span class='ocrx_word' id='word_1_480' title='bbox 2058 1007 2253 1064; x_wconf 84' lang='lat' dir='ltr'>auferret,</span> 
     </span>
     <span class='ocr_line' id='line_1_75' title="bbox 1243 1061 2251 1121; baseline 0.008 -19"><span class='ocrx_word' id='word_1_481' title='bbox 1243 1076 1324 1104; x_wconf 88' lang='lat' dir='ltr'>non</span> <span class='ocrx_word' id='word_1_482' title='bbox 1354 1074 1515 1105; x_wconf 89' lang='lat' dir='ltr'>tantum</span> <span class='ocrx_word' id='word_1_483' title='bbox 1540 1061 1649 1116; x_wconf 77' lang='lat' dir='ltr'>ejuS,</span> <span class='ocrx_word' id='word_1_484' title='bbox 1681 1063 1788 1118; x_wconf 66' lang='lat' dir='ltr'>quod</span> <span class='ocrx_word' id='word_1_485' title='bbox 1816 1064 1977 1107; x_wconf 81' lang='lat' dir='ltr'>abstulit</span> <span class='ocrx_word' id='word_1_486' title='bbox 2005 1064 2137 1109; x_wconf 87' lang='lat' dir='ltr'>furem</span> <span class='ocrx_word' id='word_1_487' title='bbox 2158 1066 2251 1121; x_wconf 82' lang='lat' dir='ltr'>esse3</span> 
     </span>
     <span class='ocr_line' id='line_1_76' title="bbox 1242 1122 2257 1179; baseline 0.006 -18"><span class='ocrx_word' id='word_1_488' title='bbox 1242 1135 1383 1179; x_wconf 84' lang='lat' dir='ltr'>vetum</span> <span class='ocrx_word' id='word_1_489' title='bbox 1408 1122 1533 1163; x_wconf 85' lang='lat' dir='ltr'>etiam</span> <span class='ocrx_word' id='word_1_490' title='bbox 1561 1133 1687 1163; x_wconf 82' lang='lat' dir='ltr'>totius</span> <span class='ocrx_word' id='word_1_491' title='bbox 1715 1137 1723 1162; x_wconf 91' lang='lat'>:</span> <span class='ocrx_word' id='word_1_492' title='bbox 1759 1122 1864 1177; x_wconf 87' lang='lat' dir='ltr'>quod</span> <span class='ocrx_word' id='word_1_493' title='bbox 1890 1122 2071 1167; x_wconf 85' lang='lat' dir='ltr'>Stoicam</span> <span class='ocrx_word' id='word_1_494' title='bbox 2102 1125 2257 1167; x_wconf 59' lang='lat' dir='ltr'>doetri-</span> 
     </span>
     <span class='ocr_line' id='line_1_77' title="bbox 1240 1179 2256 1236; baseline 0.007 -18"><span class='ocrx_word' id='word_1_495' title='bbox 1240 1193 1336 1219; x_wconf 87' lang='lat' dir='ltr'>nam</span> <span class='ocrx_word' id='word_1_496' title='bbox 1364 1180 1463 1231; x_wconf 81' lang='lat' dir='ltr'>lapit</span> <span class='ocrx_word' id='word_1_497' title='bbox 1490 1209 1498 1218; x_wconf 90' lang='lat'>.</span> <span class='ocrx_word' id='word_1_498' title='bbox 1533 1179 1643 1232; x_wconf 73' lang='lat' dir='ltr'>Quid</span> <span class='ocrx_word' id='word_1_499' title='bbox 1667 1179 1714 1222; x_wconf 89' lang='lat' dir='ltr'>de</span> <span class='ocrx_word' id='word_1_500' title='bbox 1739 1180 2021 1223; x_wconf 79' lang='lat' dir='ltr'>Castratorum</span> <span class='ocrx_word' id='word_1_501' title='bbox 2053 1198 2074 1224; x_wconf 90' lang='lat' dir='ltr'>a</span> <span class='ocrx_word' id='word_1_502' title='bbox 2100 1182 2256 1236; x_wconf 84' lang='lat' dir='ltr'>Spado-</span> 
     </span>
     <span class='ocr_line' id='line_1_78' title="bbox 1240 1235 2251 1294; baseline 0.008 -19"><span class='ocrx_word' id='word_1_503' title='bbox 1240 1235 1357 1276; x_wconf 84' lang='lat' dir='ltr'>nibus</span> <span class='ocrx_word' id='word_1_504' title='bbox 1382 1235 1610 1294; x_wconf 72' lang='lat' dir='ltr'>differentia</span> <span class='ocrx_word' id='word_1_505' title='bbox 1632 1238 1645 1277; x_wconf 73' lang='grc' dir='ltr'><strong><em>ἓ</em></strong></span> <span class='ocrx_word' id='word_1_506' title='bbox 1697 1237 1752 1287; x_wconf 84' lang='lat' dir='ltr'>(i)</span> <span class='ocrx_word' id='word_1_507' title='bbox 1777 1238 1983 1280; x_wconf 81' lang='lat' dir='ltr'>Castratos</span> <span class='ocrx_word' id='word_1_508' title='bbox 2011 1239 2251 1284; x_wconf 77' lang='lat' dir='ltr'>Proculiani</span> 
     </span>
     <span class='ocr_line' id='line_1_79' title="bbox 1243 1291 2253 1346; baseline 0.008 -14"><span class='ocrx_word' id='word_1_509' title='bbox 1243 1293 1449 1334; x_wconf 71' lang='lat' dir='ltr'>morbosos</span> <span class='ocrx_word' id='word_1_510' title='bbox 1473 1291 1760 1335; x_wconf 77' lang='lat' dir='ltr'>existimarunt</span> <span class='ocrx_word' id='word_1_511' title='bbox 1781 1325 1792 1346; x_wconf 91' lang='lat'>,</span> <span class='ocrx_word' id='word_1_512' title='bbox 1825 1294 2066 1339; x_wconf 62' lang='lat' dir='ltr'>auetoritate</span> <span class='ocrx_word' id='word_1_513' title='bbox 2088 1297 2253 1340; x_wconf 89' lang='lat' dir='ltr'>Stoico-</span> 
     </span>
     <span class='ocr_line' id='line_1_80' title="bbox 1241 1349 2255 1406; baseline 0.006 -15"><span class='ocrx_word' id='word_1_514' title='bbox 1241 1365 1330 1392; x_wconf 88' lang='lat' dir='ltr'>rum</span> <span class='ocrx_word' id='word_1_515' title='bbox 1351 1379 1363 1401; x_wconf 86' lang='lat'>,</span> <span class='ocrx_word' id='word_1_516' title='bbox 1395 1349 1437 1392; x_wconf 84' lang='lat'>&amp;</span> <span class='ocrx_word' id='word_1_517' title='bbox 1463 1349 1722 1402; x_wconf 85' lang='lat' dir='ltr'>Cynicorum</span> <span class='ocrx_word' id='word_1_518' title='bbox 1738 1382 1750 1404; x_wconf 87' lang='lat'>‚</span> <span class='ocrx_word' id='word_1_519' title='bbox 1771 1367 1870 1406; x_wconf 84' lang='lat' dir='ltr'>quos</span> <span class='ocrx_word' id='word_1_520' title='bbox 1890 1353 2094 1396; x_wconf 80' lang='lat' dir='ltr'>Lucianus</span> <span class='ocrx_word' id='word_1_521' title='bbox 2113 1354 2171 1395; x_wconf 90' lang='lat' dir='ltr'>ait</span> <span class='ocrx_word' id='word_1_522' title='bbox 2195 1370 2255 1397; x_wconf 86' lang='lat' dir='ltr'>re-</span> 
     </span>
     <span class='ocr_line' id='line_1_81' title="bbox 1238 1405 2253 1465; baseline 0.007 -17"><span class='ocrx_word' id='word_1_523' title='bbox 1238 1405 1366 1457; x_wconf 80' lang='lat' dir='ltr'>jecisse</span> <span class='ocrx_word' id='word_1_524' title='bbox 1386 1407 1589 1449; x_wconf 86' lang='lat' dir='ltr'>Castratos</span> <span class='ocrx_word' id='word_1_525' title='bbox 1609 1407 1722 1450; x_wconf 84' lang='lat' dir='ltr'>inter·</span> <span class='ocrx_word' id='word_1_526' title='bbox 1737 1408 2020 1464; x_wconf 70' lang='lat' dir='ltr'>imperfectos.</span> <span class='ocrx_word' id='word_1_527' title='bbox 2048 1413 2115 1462; x_wconf 66' lang='lat' dir='ltr'>(k)</span> <span class='ocrx_word' id='word_1_528' title='bbox 2141 1411 2253 1465; x_wconf 89' lang='lat' dir='ltr'>Ideo,</span> 
     </span>
     <span class='ocr_line' id='line_1_82' title="bbox 1241 1464 2255 1520; baseline 0.005 -13"><span class='ocrx_word' id='word_1_529' title='bbox 1241 1464 1264 1507; x_wconf 85' lang='lat' dir='ltr'>li</span> <span class='ocrx_word' id='word_1_530' title='bbox 1289 1477 1424 1507; x_wconf 90' lang='lat' dir='ltr'>emtor</span> <span class='ocrx_word' id='word_1_531' title='bbox 1448 1465 1688 1520; x_wconf 79' lang='lat' dir='ltr'>ignorallet,</span> <span class='ocrx_word' id='word_1_532' title='bbox 1709 1466 1941 1510; x_wconf 83' lang='lat' dir='ltr'>Castratum</span> <span class='ocrx_word' id='word_1_533' title='bbox 1966 1467 2183 1512; x_wconf 87' lang='lat' dir='ltr'>hominem</span> <span class='ocrx_word' id='word_1_534' title='bbox 2205 1470 2255 1511; x_wconf 85' lang='lat' dir='ltr'>ab</span> 
     </span>
     <span class='ocr_line' id='line_1_83' title="bbox 1241 1522 2251 1581; baseline 0.005 -17"><span class='ocrx_word' id='word_1_535' title='bbox 1241 1522 1274 1563; x_wconf 86' lang='lat' dir='ltr'>se</span> <span class='ocrx_word' id='word_1_536' title='bbox 1298 1537 1458 1565; x_wconf 90' lang='lat' dir='ltr'>emtum</span> <span class='ocrx_word' id='word_1_537' title='bbox 1486 1554 1498 1576; x_wconf 92' lang='lat'>,</span> <span class='ocrx_word' id='word_1_538' title='bbox 1533 1523 1667 1565; x_wconf 86' lang='lat' dir='ltr'>Labeo</span> <span class='ocrx_word' id='word_1_539' title='bbox 1693 1524 2031 1568; x_wconf 81' lang='lat' dir='ltr'>Proculianorum</span> <span class='ocrx_word' id='word_1_540' title='bbox 2064 1527 2251 1581; x_wconf 74' lang='lat' dir='ltr'>princeps</span> 
     </span>
     <span class='ocr_line' id='line_1_84' title="bbox 1242 1580 2253 1637; baseline 0.006 -16"><span class='ocrx_word' id='word_1_541' title='bbox 1242 1580 1537 1623; x_wconf 84' lang='lat' dir='ltr'>redhibendum</span> <span class='ocrx_word' id='word_1_542' title='bbox 1552 1580 1736 1632; x_wconf 74' lang='lat' dir='ltr'>censuit,</span> <span class='ocrx_word' id='word_1_543' title='bbox 1757 1581 1864 1637; x_wconf 83' lang='lat' dir='ltr'>quafi</span> <span class='ocrx_word' id='word_1_544' title='bbox 1887 1583 2031 1626; x_wconf 87' lang='lat' dir='ltr'>morbo</span> <span class='ocrx_word' id='word_1_545' title='bbox 2048 1583 2253 1628; x_wconf 42' lang='lat' dir='ltr'>affectum.</span> 
     </span>
     <span class='ocr_line' id='line_1_85' title="bbox 1240 1636 2257 1694; baseline 0.007 -16"><span class='ocrx_word' id='word_1_546' title='bbox 1240 1638 1292 1689; x_wconf 82' lang='lat' dir='ltr'>(l)</span> <span class='ocrx_word' id='word_1_547' title='bbox 1318 1638 1392 1681; x_wconf 88' lang='lat' dir='ltr'>Sed</span> <span class='ocrx_word' id='word_1_548' title='bbox 1419 1636 1502 1689; x_wconf 83' lang='lat' dir='ltr'>jam</span> <span class='ocrx_word' id='word_1_549' title='bbox 1529 1639 1577 1681; x_wconf 85' lang='lat' dir='ltr'>ad</span> <span class='ocrx_word' id='word_1_550' title='bbox 1603 1638 1814 1694; x_wconf 66' lang='lat' dir='ltr'>fingulos‘3</span> <span class='ocrx_word' id='word_1_551' title='bbox 1847 1640 1890 1683; x_wconf 84' lang='lat'>&amp;</span> <span class='ocrx_word' id='word_1_552' title='bbox 1915 1639 2155 1684; x_wconf 84' lang='lat' dir='ltr'>celebriores</span> <span class='ocrx_word' id='word_1_553' title='bbox 2186 1643 2257 1694; x_wconf 84' lang='lat' dir='ltr'>Ju-</span> 
     </span>
     <span class='ocr_line' id='line_1_86' title="bbox 1243 1695 2258 1752; baseline 0.006 -16"><span class='ocrx_word' id='word_1_554' title='bbox 1243 1695 1499 1738; x_wconf 75' lang='lat' dir='ltr'>risconsultos</span> <span class='ocrx_word' id='word_1_555' title='bbox 1527 1696 1739 1739; x_wconf 81' lang='lat' dir='ltr'>veniamus</span> <span class='ocrx_word' id='word_1_556' title='bbox 1756 1713 1769 1737; x_wconf 88' lang='grc'>.·</span> <span class='ocrx_word' id='word_1_557' title='bbox 1808 1714 1854 1740; x_wconf 87' lang='lat' dir='ltr'>ac</span> <span class='ocrx_word' id='word_1_558' title='bbox 1882 1698 1989 1752; x_wconf 85' lang='lat' dir='ltr'>prius</span> <span class='ocrx_word' id='word_1_559' title='bbox 2013 1713 2121 1743; x_wconf 85' lang='lat' dir='ltr'>certa</span> <span class='ocrx_word' id='word_1_560' title='bbox 2140 1699 2258 1752; x_wconf 85' lang='lat' dir='ltr'>juris-</span> 
     </span>
     <span class='ocr_line' id='line_1_87' title="bbox 1241 1752 2130 1809; baseline 0.007 -15"><span class='ocrx_word' id='word_1_561' title='bbox 1241 1752 1464 1808; x_wconf 78' lang='lat' dir='ltr'>prudentiae</span> <span class='ocrx_word' id='word_1_562' title='bbox 1488 1769 1638 1809; x_wconf 82' lang='lat' dir='ltr'>genera</span> <span class='ocrx_word' id='word_1_563' title='bbox 1666 1770 1974 1809; x_wconf 74' lang='lat' dir='ltr'>percurramus.</span> <span class='ocrx_word' id='word_1_564' title='bbox 2127 1760 2130 1776; x_wconf 80' lang='lat'>²</span> 
     </span>
     <span class='ocr_line' id='line_1_88' title="bbox 1368 1810 2121 1857; baseline 0.007 -5"><span class='ocrx_word' id='word_1_565' title='bbox 1368 1810 1407 1852; x_wconf 89' lang='lat' dir='ltr'>C</span> <span class='ocrx_word' id='word_1_566' title='bbox 1470 1814 1508 1854; x_wconf 70' lang='lat' dir='ltr'>A</span> <span class='ocrx_word' id='word_1_567' title='bbox 1574 1813 1601 1853; x_wconf 89' lang='lat' dir='ltr'>P</span> <span class='ocrx_word' id='word_1_568' title='bbox 1661 1814 1704 1854; x_wconf 92' lang='lat' dir='ltr'>U</span> <span class='ocrx_word' id='word_1_569' title='bbox 1767 1813 1810 1854; x_wconf 95' lang='lat' dir='ltr'><strong>T</strong></span> <span class='ocrx_word' id='word_1_570' title='bbox 1876 1836 1879 1841; x_wconf 93' lang='lat'>·</span> <span class='ocrx_word' id='word_1_571' title='bbox 1929 1815 1970 1857; x_wconf 95' lang='lat' dir='ltr'><strong>X</strong></span> <span class='ocrx_word' id='word_1_572' title='bbox 1989 1816 2014 1857; x_wconf 89' lang='lat' dir='ltr'>L</span> <span class='ocrx_word' id='word_1_573' title='bbox 2031 1816 2121 1857; x_wconf 87' lang='lat' dir='ltr'>VI.</span> 
     </span>
    </p>

    <p class='ocr_par' dir='ltr' id='par_1_19' title="bbox 1237 1868 2255 1928">
     <span class='ocr_line' id='line_1_89' title="bbox 1237 1868 2255 1928; baseline 0.007 -17"><span class='ocrx_word' id='word_1_574' title='bbox 1237 1869 1304 1911; x_wconf 87' lang='lat' dir='ltr'>De</span> <span class='ocrx_word' id='word_1_575' title='bbox 1323 1868 1453 1910; x_wconf 75' lang='lat' dir='ltr'>variis</span> <span class='ocrx_word' id='word_1_576' title='bbox 1471 1870 1650 1912; x_wconf 49' lang='lat' dir='ltr'>aetatibus</span> <span class='ocrx_word' id='word_1_577' title='bbox 1666 1870 1992 1926; x_wconf 66' lang='lat' dir='ltr'>sui-tsprudemiae</span> <span class='ocrx_word' id='word_1_578' title='bbox 2006 1905 2018 1926; x_wconf 89' lang='lat'>,</span> <span class='ocrx_word' id='word_1_579' title='bbox 2054 1872 2108 1916; x_wconf 61' lang='lat'>(9³</span> <span class='ocrx_word' id='word_1_580' title='bbox 2121 1874 2255 1928; x_wconf 77' lang='lat' dir='ltr'>desu-</span> 
     </span>
    </p>

    <p class='ocr_par' dir='ltr' id='par_1_20' title="bbox 1339 1926 2168 1985">
     <span class='ocr_line' id='line_1_90' title="bbox 1339 1926 2168 1985; baseline 0.007 -17"><span class='ocrx_word' id='word_1_581' title='bbox 1339 1926 1583 1979; x_wconf 71' lang='lat' dir='ltr'>rifconsultis</span> <span class='ocrx_word' id='word_1_582' title='bbox 1612 1929 1785 1984; x_wconf 58' lang='lat' dir='ltr'>antiqua·</span> <span class='ocrx_word' id='word_1_583' title='bbox 1811 1929 2168 1985; x_wconf 69' lang='lat' dir='ltr'>sui-isprudentiae.</span> 
     </span>
    </p>

    <p class='ocr_par' dir='ltr' id='par_1_21' title="bbox 1375 1984 2254 2101">
     <span class='ocr_line' id='line_1_91' title="bbox 1375 1984 2254 2045; baseline 0.009 -20"><span class='ocrx_word' id='word_1_584' title='bbox 1375 1986 1542 2026; x_wconf 87' lang='lat' dir='ltr'>Uatuor</span> <span class='ocrx_word' id='word_1_585' title='bbox 1584 1985 1712 2041; x_wconf 87' lang='lat' dir='ltr'>igitur</span> <span class='ocrx_word' id='word_1_586' title='bbox 1757 1984 1847 2029; x_wconf 85' lang='lat' dir='ltr'>sunt</span> <span class='ocrx_word' id='word_1_587' title='bbox 1880 2002 2027 2035; x_wconf 62' lang='lat' dir='ltr'>genera</span> <span class='ocrx_word' id='word_1_588' title='bbox 2060 1988 2254 2045; x_wconf 85' lang='lat' dir='ltr'>jurispru-</span> 
     </span>
     <span class='ocr_line' id='line_1_92' title="bbox 1385 2041 2250 2101; baseline 0.009 -18"><span class='ocrx_word' id='word_1_589' title='bbox 1385 2041 1532 2085; x_wconf 86' lang='lat' dir='ltr'>dentiae</span> <span class='ocrx_word' id='word_1_590' title='bbox 1575 2058 1598 2085; x_wconf 89' lang='lat' dir='ltr'>a</span> <span class='ocrx_word' id='word_1_591' title='bbox 1642 2043 1767 2087; x_wconf 83' lang='lat' dir='ltr'>variis</span> <span class='ocrx_word' id='word_1_592' title='bbox 1802 2043 1920 2087; x_wconf 66' lang='lat' dir='ltr'>duf’ca</span> <span class='ocrx_word' id='word_1_593' title='bbox 1954 2047 2206 2101; x_wconf 68' lang='lat' dir='ltr'>temporibus</span> <span class='ocrx_word' id='word_1_594' title='bbox 2238 2065 2250 2091; x_wconf 78' lang='grc' dir='ltr'><em>τ</em></span> 
     </span>
    </p>

    <p class='ocr_par' dir='ltr' id='par_1_22' title="bbox 2156 2122 2258 2162">
     <span class='ocr_line' id='line_1_93' title="bbox 2156 2122 2258 2162; baseline 0 -13"><span class='ocrx_word' id='word_1_595' title='bbox 2156 2122 2258 2162; x_wconf 87' lang='lat' dir='ltr'>quo-</span> 
     </span>
    </p>
   </div>
   <div class='ocr_carea' id='block_1_19' title="bbox 1463 2178 1569 2186">
    <p class='ocr_par' dir='ltr' id='par_1_23' title="bbox 1463 2178 1569 2186">
     <span class='ocr_line' id='line_1_94' title="bbox 1463 2178 1569 2186; baseline 0 0"><span class='ocrx_word' id='word_1_596' title='bbox 1463 2178 1569 2186; x_wconf 95' lang='lat' dir='ltr'> </span> 
     </span>
    </p>
   </div>
   <div class='ocr_carea' id='block_1_20' title="bbox 1346 2177 1449 2187">
    <p class='ocr_par' dir='ltr' id='par_1_24' title="bbox 1346 2177 1449 2187">
     <span class='ocr_line' id='line_1_95' title="bbox 1346 2177 1449 2187; baseline 0 0"><span class='ocrx_word' id='word_1_597' title='bbox 1346 2177 1449 2187; x_wconf 95' lang='lat' dir='ltr'> </span> 
     </span>
    </p>
   </div>
   <div class='ocr_carea' id='block_1_21' title="bbox 1571 2179 1677 2186">
    <p class='ocr_par' dir='ltr' id='par_1_25' title="bbox 1571 2179 1677 2186">
     <span class='ocr_line' id='line_1_96' title="bbox 1571 2179 1677 2186; baseline 0 0"><span class='ocrx_word' id='word_1_598' title='bbox 1571 2179 1677 2186; x_wconf 95' lang='lat' dir='ltr'> </span> 
     </span>
    </p>
   </div>
   <div class='ocr_carea' id='block_1_22' title="bbox 1678 2179 1832 2189">
    <p class='ocr_par' dir='ltr' id='par_1_26' title="bbox 1678 2179 1832 2189">
     <span class='ocr_line' id='line_1_97' title="bbox 1678 2179 1832 2189; baseline 0 1290"><span class='ocrx_word' id='word_1_599' title='bbox 1678 2179 1832 2189; x_wconf 95' lang='lat' dir='ltr'> </span> 
     </span>
    </p>
   </div>
   <div class='ocr_carea' id='block_1_23' title="bbox 1837 2180 1940 2190">
    <p class='ocr_par' dir='ltr' id='par_1_27' title="bbox 1837 2180 1940 2190">
     <span class='ocr_line' id='line_1_98' title="bbox 1837 2180 1940 2190; baseline 0.019 -2"><span class='ocrx_word' id='word_1_600' title='bbox 1837 2180 1940 2190; x_wconf 71' lang='lat'>..-</span> 
     </span>
    </p>
   </div>
   <div class='ocr_carea' id='block_1_24' title="bbox 1236 2209 2260 2887">
    <p class='ocr_par' dir='ltr' id='par_1_28' title="bbox 1236 2209 2260 2526">
     <span class='ocr_line' id='line_1_99' title="bbox 1237 2209 2260 2254; baseline 0.008 -12"><span class='ocrx_word' id='word_1_601' title='bbox 1237 2209 1313 2249; x_wconf 79' lang='lat' dir='ltr'>dis,</span> <span class='ocrx_word' id='word_1_602' title='bbox 1342 2212 1372 2243; x_wconf 84' lang='lat'>&amp;</span> <span class='ocrx_word' id='word_1_603' title='bbox 1408 2223 1427 2244; x_wconf 82' lang='lat' dir='ltr'>a</span> <span class='ocrx_word' id='word_1_604' title='bbox 1457 2214 1648 2254; x_wconf 85' lang='lat' dir='ltr'>quantitate</span> <span class='ocrx_word' id='word_1_605' title='bbox 1680 2211 1825 2250; x_wconf 54' lang='lat' dir='ltr'>sejuncta</span> <span class='ocrx_word' id='word_1_606' title='bbox 1869 2216 2037 2248; x_wconf 86' lang='lat' dir='ltr'>concludit</span> <span class='ocrx_word' id='word_1_607' title='bbox 2069 2217 2110 2248; x_wconf 91' lang='lat' dir='ltr'>ad</span> <span class='ocrx_word' id='word_1_608' title='bbox 2149 2218 2260 2250; x_wconf 81' lang='lat' dir='ltr'>conti-</span> 
     </span>
     <span class='ocr_line' id='line_1_100' title="bbox 1238 2257 2260 2302; baseline 0.008 -14"><span class='ocrx_word' id='word_1_609' title='bbox 1238 2267 1334 2289; x_wconf 87' lang='lat' dir='ltr'>nuam</span> <span class='ocrx_word' id='word_1_610' title='bbox 1351 2280 1360 2289; x_wconf 84' lang='lat'>.</span> <span class='ocrx_word' id='word_1_611' title='bbox 1387 2257 1569 2290; x_wconf 81' lang='lat' dir='ltr'>Everardus</span> <span class='ocrx_word' id='word_1_612' title='bbox 1599 2262 1686 2291; x_wconf 92' lang='lat' dir='ltr'>Otto</span> <span class='ocrx_word' id='word_1_613' title='bbox 1733 2259 1769 2290; x_wconf 78' lang='lat' dir='ltr'>in</span> <span class='ocrx_word' id='word_1_614' title='bbox 1794 2257 2054 2302; x_wconf 76' lang='lat' dir='ltr'>jurisprudentia</span> <span class='ocrx_word' id='word_1_615' title='bbox 2071 2262 2260 2302; x_wconf 73' lang='lat' dir='ltr'>symbolica</span> 
     </span>
     <span class='ocr_line' id='line_1_101' title="bbox 1242 2303 2251 2348; baseline 0.008 -15"><span class='ocrx_word' id='word_1_616' title='bbox 1242 2306 1276 2334; x_wconf 92' lang='lat' dir='ltr'>L.</span> <span class='ocrx_word' id='word_1_617' title='bbox 1297 2305 1349 2333; x_wconf 84' lang='lat' dir='ltr'>II.</span> <span class='ocrx_word' id='word_1_618' title='bbox 1380 2304 1480 2344; x_wconf 75' lang='lat' dir='ltr'>capit.</span> <span class='ocrx_word' id='word_1_619' title='bbox 1499 2312 1527 2340; x_wconf 83' lang='lat'>3.</span> <span class='ocrx_word' id='word_1_620' title='bbox 1558 2304 1723 2338; x_wconf 81' lang='lat' dir='ltr'>Casti-atos</span> <span class='ocrx_word' id='word_1_621' title='bbox 1749 2303 1888 2347; x_wconf 85' lang='lat' dir='ltr'>denique</span> <span class='ocrx_word' id='word_1_622' title='bbox 1931 2316 2006 2339; x_wconf 76' lang='lat' dir='ltr'>cuin</span> <span class='ocrx_word' id='word_1_623' title='bbox 2039 2307 2251 2348; x_wconf 53' lang='lat' dir='ltr'>imperfestos</span> 
     </span>
     <span class='ocr_line' id='line_1_102' title="bbox 1236 2347 2253 2393; baseline 0.008 -14"><span class='ocrx_word' id='word_1_624' title='bbox 1236 2347 1346 2381; x_wconf 76' lang='lat' dir='ltr'>dicant</span> <span class='ocrx_word' id='word_1_625' title='bbox 1377 2349 1588 2388; x_wconf 84' lang='lat' dir='ltr'>Proculiani,</span> <span class='ocrx_word' id='word_1_626' title='bbox 1615 2359 1792 2382; x_wconf 80' lang='lat' dir='ltr'>commune</span> <span class='ocrx_word' id='word_1_627' title='bbox 1822 2351 1926 2393; x_wconf 67' lang='lat' dir='ltr'>magis</span> <span class='ocrx_word' id='word_1_628' title='bbox 1954 2351 2129 2385; x_wconf 68' lang='lat' dir='ltr'>hornlnurn</span> <span class='ocrx_word' id='word_1_629' title='bbox 2165 2353 2253 2392; x_wconf 58' lang='lat' dir='ltr'>jadi-</span> 
     </span>
     <span class='ocr_line' id='line_1_103' title="bbox 1237 2393 2253 2442; baseline 0.008 -17"><span class='ocrx_word' id='word_1_630' title='bbox 1237 2393 1328 2425; x_wconf 85' lang='lat' dir='ltr'>cium</span> <span class='ocrx_word' id='word_1_631' title='bbox 1352 2403 1450 2436; x_wconf 82' lang='lat' dir='ltr'>quam</span> <span class='ocrx_word' id='word_1_632' title='bbox 1479 2395 1668 2427; x_wconf 87' lang='lat' dir='ltr'>Stoicorum</span> <span class='ocrx_word' id='word_1_633' title='bbox 1688 2394 1922 2429; x_wconf 67' lang='lat' dir='ltr'>auctoritatem</span> <span class='ocrx_word' id='word_1_634' title='bbox 1943 2396 2122 2440; x_wconf 64' lang='lat' dir='ltr'>sequantur</span> <span class='ocrx_word' id='word_1_635' title='bbox 2138 2424 2146 2430; x_wconf 86' lang='lat'>.</span> <span class='ocrx_word' id='word_1_636' title='bbox 2166 2401 2253 2442; x_wconf 71' lang='lat' dir='ltr'>Qus</span> 
     </span>
     <span class='ocr_line' id='line_1_104' title="bbox 1236 2436 2250 2483; baseline 0.007 -12"><span class='ocrx_word' id='word_1_637' title='bbox 1236 2438 1327 2471; x_wconf 86' lang='lat' dir='ltr'>enim</span> <span class='ocrx_word' id='word_1_638' title='bbox 1358 2436 1540 2481; x_wconf 63' lang='lat' dir='ltr'>perfeetum</span> <span class='ocrx_word' id='word_1_639' title='bbox 1576 2439 1664 2474; x_wconf 86' lang='lat' dir='ltr'>dicat</span> <span class='ocrx_word' id='word_1_640' title='bbox 1694 2441 1897 2483; x_wconf 81' lang='lat' dir='ltr'>hominem,</span> <span class='ocrx_word' id='word_1_641' title='bbox 1925 2443 1976 2475; x_wconf 83' lang='lat' dir='ltr'>cui</span> <span class='ocrx_word' id='word_1_642' title='bbox 2015 2443 2096 2476; x_wconf 80' lang='lat' dir='ltr'>defit</span> <span class='ocrx_word' id='word_1_643' title='bbox 2131 2447 2250 2479; x_wconf 76' lang='lat' dir='ltr'>melior</span> 
     </span>
     <span class='ocr_line' id='line_1_105' title="bbox 1238 2484 1511 2526; baseline 0.007 -11"><span class='ocrx_word' id='word_1_644' title='bbox 1238 2494 1311 2526; x_wconf 86' lang='lat' dir='ltr'>pars</span> <span class='ocrx_word' id='word_1_645' title='bbox 1337 2484 1511 2525; x_wconf 84' lang='lat' dir='ltr'>corporis?</span> 
     </span>
    </p>

    <p class='ocr_par' dir='ltr' id='par_1_29' title="bbox 1237 2529 2248 2623">
     <span class='ocr_line' id='line_1_106' title="bbox 1282 2529 2248 2577; baseline 0.011 -20"><span class='ocrx_word' id='word_1_646' title='bbox 1282 2529 1340 2568; x_wconf 76' lang='lat' dir='ltr'>(a)</span> <span class='ocrx_word' id='word_1_647' title='bbox 1367 2531 1402 2560; x_wconf 88' lang='lat' dir='ltr'>L.</span> <span class='ocrx_word' id='word_1_648' title='bbox 1427 2529 1640 2569; x_wconf 75' lang='lat' dir='ltr'>ita51.§.1.</span> <span class='ocrx_word' id='word_1_649' title='bbox 1668 2529 1706 2573; x_wconf 75' lang='lat' dir='ltr'>ff.</span> <span class='ocrx_word' id='word_1_650' title='bbox 1734 2531 1775 2563; x_wconf 75' lang='lat' dir='ltr'>ad</span> <span class='ocrx_word' id='word_1_651' title='bbox 1792 2533 1815 2563; x_wconf 81' lang='lat' dir='ltr'>l.</span> <span class='ocrx_word' id='word_1_652' title='bbox 1839 2533 1953 2574; x_wconf 73' lang='lat' dir='ltr'>Aquit.</span> <span class='ocrx_word' id='word_1_653' title='bbox 1980 2533 1993 2563; x_wconf 83' lang='lat' dir='ltr'><em>l</em></span> <span class='ocrx_word' id='word_1_654' title='bbox 2017 2532 2045 2573; x_wconf 77' lang='grc' dir='ltr'>[ἰ</span> <span class='ocrx_word' id='word_1_655' title='bbox 2077 2533 2141 2567; x_wconf 64' lang='lat' dir='ltr'>tibi</span> <span class='ocrx_word' id='word_1_656' title='bbox 2155 2542 2248 2577; x_wconf 74' lang='lat' dir='ltr'>pecu-</span> 
     </span>
     <span class='ocr_line' id='line_1_107' title="bbox 1237 2574 2226 2623; baseline 0.008 -17"><span class='ocrx_word' id='word_1_657' title='bbox 1237 2575 1330 2606; x_wconf 78' lang='lat' dir='ltr'>niam</span> <span class='ocrx_word' id='word_1_658' title='bbox 1344 2575 1386 2617; x_wconf 74' lang='lat' dir='ltr'>ff.</span> <span class='ocrx_word' id='word_1_659' title='bbox 1402 2575 1439 2605; x_wconf 80' lang='lat' dir='ltr'>de</span> <span class='ocrx_word' id='word_1_660' title='bbox 1454 2574 1515 2606; x_wconf 80' lang='lat' dir='ltr'>reb.</span> <span class='ocrx_word' id='word_1_661' title='bbox 1537 2576 1618 2607; x_wconf 75' lang='lat' dir='ltr'>cred.</span> <span class='ocrx_word' id='word_1_662' title='bbox 1638 2577 1659 2606; x_wconf 87' lang='lat' dir='ltr'>l.</span> <span class='ocrx_word' id='word_1_663' title='bbox 1672 2575 1699 2616; x_wconf 74' lang='grc' dir='ltr'>[ἱ</span> <span class='ocrx_word' id='word_1_664' title='bbox 1714 2577 1765 2609; x_wconf 79' lang='lat' dir='ltr'>ita</span> <span class='ocrx_word' id='word_1_665' title='bbox 1788 2586 1837 2616; x_wconf 84' lang='lat'>13.</span> <span class='ocrx_word' id='word_1_666' title='bbox 1852 2575 1893 2621; x_wconf 81' lang='lat' dir='ltr'>ff.</span> <span class='ocrx_word' id='word_1_667' title='bbox 1910 2578 1949 2610; x_wconf 81' lang='lat' dir='ltr'>de</span> <span class='ocrx_word' id='word_1_668' title='bbox 1966 2578 2061 2611; x_wconf 76' lang='lat' dir='ltr'>liber.</span> <span class='ocrx_word' id='word_1_669' title='bbox 2083 2580 2121 2612; x_wconf 74' lang='lat'><em>&amp;</em></span> <span class='ocrx_word' id='word_1_670' title='bbox 2136 2579 2203 2623; x_wconf 77' lang='lat' dir='ltr'>post</span> <span class='ocrx_word' id='word_1_671' title='bbox 2215 2605 2226 2614; x_wconf 82' lang='grc'><strong><em>.</em></strong></span> 
     </span>
    </p>

    <p class='ocr_par' dir='ltr' id='par_1_30' title="bbox 1283 2618 1740 2669">
     <span class='ocr_line' id='line_1_108' title="bbox 1283 2618 1740 2669; baseline 0 -19"><span class='ocrx_word' id='word_1_672' title='bbox 1283 2618 1336 2659; x_wconf 75' lang='lat' dir='ltr'>(b)</span> <span class='ocrx_word' id='word_1_673' title='bbox 1363 2619 1582 2669; x_wconf 66' lang='lat' dir='ltr'>Gell.l3&#39;b.13⁴</span> <span class='ocrx_word' id='word_1_674' title='bbox 1601 2631 1626 2652; x_wconf 81' lang='lat' dir='ltr'>c·</span> <span class='ocrx_word' id='word_1_675' title='bbox 1648 2631 1694 2652; x_wconf 73' lang='grc' dir='ltr'>ιο.</span> <span class='ocrx_word' id='word_1_676' title='bbox 1736 2639 1740 2642; x_wconf 91' lang='grc'><strong>-</strong></span> 
     </span>
    </p>

    <p class='ocr_par' dir='ltr' id='par_1_31' title="bbox 1238 2664 2254 2755">
     <span class='ocr_line' id='line_1_109' title="bbox 1282 2664 2254 2712; baseline 0.012 -16"><span class='ocrx_word' id='word_1_677' title='bbox 1282 2664 1337 2705; x_wconf 79' lang='lat' dir='ltr'>(c)</span> <span class='ocrx_word' id='word_1_678' title='bbox 1363 2668 1399 2697; x_wconf 87' lang='lat' dir='ltr'>L.</span> <span class='ocrx_word' id='word_1_679' title='bbox 1417 2664 1566 2704; x_wconf 63' lang='lat' dir='ltr'>conjunc?</span> <span class='ocrx_word' id='word_1_680' title='bbox 1583 2676 1636 2705; x_wconf 86' lang='lat'>29.</span> <span class='ocrx_word' id='word_1_681' title='bbox 1653 2668 1675 2698; x_wconf 82' lang='grc'>1.</span> <span class='ocrx_word' id='word_1_682' title='bbox 1689 2667 1770 2708; x_wconf 75' lang='lat' dir='ltr'>saepe</span> <span class='ocrx_word' id='word_1_683' title='bbox 1790 2676 1843 2706; x_wconf 81' lang='lat'>53.</span> <span class='ocrx_word' id='word_1_684' title='bbox 1861 2670 1927 2712; x_wconf 84' lang='lat'>§.1-</span> <span class='ocrx_word' id='word_1_685' title='bbox 1945 2667 1984 2712; x_wconf 74' lang='lat' dir='ltr'>ff</span> <span class='ocrx_word' id='word_1_686' title='bbox 2000 2670 2037 2702; x_wconf 76' lang='lat' dir='ltr'>de</span> <span class='ocrx_word' id='word_1_687' title='bbox 2053 2673 2130 2705; x_wconf 70' lang='lat' dir='ltr'>VS.</span> <span class='ocrx_word' id='word_1_688' title='bbox 2149 2674 2174 2706; x_wconf 81' lang='grc' dir='ltr'>Ι.</span> <span class='ocrx_word' id='word_1_689' title='bbox 2194 2675 2254 2709; x_wconf 80' lang='lat' dir='ltr'>haec</span> 
     </span>
     <span class='ocr_line' id='line_1_110' title="bbox 1238 2709 2065 2755; baseline 0.01 -14"><span class='ocrx_word' id='word_1_690' title='bbox 1238 2710 1335 2742; x_wconf 78' lang='lat' dir='ltr'>verba</span> <span class='ocrx_word' id='word_1_691' title='bbox 1353 2712 1409 2742; x_wconf 73' lang='lat' dir='ltr'>itte</span> <span class='ocrx_word' id='word_1_692' title='bbox 1429 2709 1550 2754; x_wconf 73' lang='lat' dir='ltr'>124.ff.</span> <span class='ocrx_word' id='word_1_693' title='bbox 1566 2712 1632 2743; x_wconf 65' lang='lat' dir='ltr'>eod.</span> <span class='ocrx_word' id='word_1_694' title='bbox 1652 2712 1869 2755; x_wconf 81' lang='lat' dir='ltr'>Diog.Laert.</span> <span class='ocrx_word' id='word_1_695' title='bbox 1888 2715 1924 2747; x_wconf 82' lang='lat' dir='ltr'>in</span> <span class='ocrx_word' id='word_1_696' title='bbox 1937 2718 2065 2749; x_wconf 77' lang='lat' dir='ltr'>Zenon.</span> 
     </span>
    </p>

    <p class='ocr_par' dir='ltr' id='par_1_32' title="bbox 1283 2755 1649 2798">
     <span class='ocr_line' id='line_1_111' title="bbox 1283 2755 1649 2798; baseline 0.005 -11"><span class='ocrx_word' id='word_1_697' title='bbox 1283 2757 1342 2797; x_wconf 66' lang='lat' dir='ltr'>(a)</span> <span class='ocrx_word' id='word_1_698' title='bbox 1370 2760 1481 2789; x_wconf 83' lang='lat' dir='ltr'>Senec.</span> <span class='ocrx_word' id='word_1_699' title='bbox 1498 2755 1575 2798; x_wconf 75' lang='lat' dir='ltr'>epist</span> <span class='ocrx_word' id='word_1_700' title='bbox 1594 2760 1649 2789; x_wconf 85' lang='lat'>88.</span> 
     </span>
    </p>

    <p class='ocr_par' dir='ltr' id='par_1_33' title="bbox 1236 2801 2252 2887">
     <span class='ocr_line' id='line_1_112' title="bbox 1283 2801 2252 2849; baseline 0.011 -16"><span class='ocrx_word' id='word_1_701' title='bbox 1283 2801 1340 2843; x_wconf 76' lang='grc' dir='ltr'>(ο)</span> <span class='ocrx_word' id='word_1_702' title='bbox 1366 2801 1533 2836; x_wconf 71' lang='lat' dir='ltr'>Plutarch.</span> <span class='ocrx_word' id='word_1_703' title='bbox 1561 2801 1621 2836; x_wconf 69' lang='lat' dir='ltr'>hb.</span> <span class='ocrx_word' id='word_1_704' title='bbox 1646 2811 1676 2842; x_wconf 75' lang='grc' dir='ltr'>ς.</span> <span class='ocrx_word' id='word_1_705' title='bbox 1704 2803 1743 2836; x_wconf 82' lang='lat' dir='ltr'>de</span> <span class='ocrx_word' id='word_1_706' title='bbox 1754 2805 1839 2847; x_wconf 75' lang='lat' dir='ltr'>plac.</span> <span class='ocrx_word' id='word_1_707' title='bbox 1856 2813 1925 2849; x_wconf 77' lang='lat' dir='ltr'>cap.</span> <span class='ocrx_word' id='word_1_708' title='bbox 1946 2816 2007 2846; x_wconf 72' lang='lat'>25.</span> <span class='ocrx_word' id='word_1_709' title='bbox 2035 2808 2180 2843; x_wconf 84' lang='lat' dir='ltr'>Tertull.</span> <span class='ocrx_word' id='word_1_710' title='bbox 2212 2810 2252 2844; x_wconf 76' lang='lat' dir='ltr'>da</span> 
     </span>
     <span class='ocr_line' id='line_1_113' title="bbox 1236 2850 1452 2887; baseline -0.009 -7"><span class='ocrx_word' id='word_1_711' title='bbox 1236 2850 1339 2880; x_wconf 79' lang='lat' dir='ltr'>anim.</span> <span class='ocrx_word' id='word_1_712' title='bbox 1358 2859 1382 2880; x_wconf 85' lang='lat' dir='ltr'>c.</span> <span class='ocrx_word' id='word_1_713' title='bbox 1401 2851 1452 2887; x_wconf 85' lang='lat'>38.</span> 
     </span>
    </p>
   </div>
   <div class='ocr_carea' id='block_1_25' title="bbox 1281 2893 2253 2942">
    <p class='ocr_par' dir='ltr' id='par_1_34' title="bbox 1281 2893 2253 2942">
     <span class='ocr_line' id='line_1_114' title="bbox 1281 2893 2253 2942; baseline 0.009 -17"><span class='ocrx_word' id='word_1_714' title='bbox 1281 2894 1340 2935; x_wconf 74' lang='lat' dir='ltr'>(f)</span> <span class='ocrx_word' id='word_1_715' title='bbox 1367 2897 1393 2926; x_wconf 91' lang='lat' dir='ltr'>L</span> <span class='ocrx_word' id='word_1_716' title='bbox 1419 2893 1595 2929; x_wconf 75' lang='lat' dir='ltr'>liberorum</span> <span class='ocrx_word' id='word_1_717' title='bbox 1614 2904 1662 2928; x_wconf 85' lang='lat'>11.</span> <span class='ocrx_word' id='word_1_718' title='bbox 1687 2897 1715 2939; x_wconf 82' lang='lat'>§.</span> <span class='ocrx_word' id='word_1_719' title='bbox 1735 2895 1817 2940; x_wconf 75' lang='lat' dir='ltr'>3.ff</span> <span class='ocrx_word' id='word_1_720' title='bbox 1848 2897 1884 2930; x_wconf 76' lang='lat' dir='ltr'>de</span> <span class='ocrx_word' id='word_1_721' title='bbox 1901 2898 1952 2931; x_wconf 83' lang='lat' dir='ltr'>his</span> <span class='ocrx_word' id='word_1_722' title='bbox 1968 2899 2026 2942; x_wconf 72' lang='lat' dir='ltr'>qm·</span> <span class='ocrx_word' id='word_1_723' title='bbox 2051 2909 2180 2933; x_wconf 73' lang='lat' dir='ltr'>notant.</span> <span class='ocrx_word' id='word_1_724' title='bbox 2201 2901 2253 2933; x_wconf 75' lang='lat' dir='ltr'>in-</span> 
     </span>
    </p>
   </div>
   <div class='ocr_carea' id='block_1_26' title="bbox 1941 2182 2045 2190">
    <p class='ocr_par' dir='ltr' id='par_1_35' title="bbox 1941 2182 2045 2190">
     <span class='ocr_line' id='line_1_115' title="bbox 1941 2182 2045 2190; baseline 0 1289"><span class='ocrx_word' id='word_1_725' title='bbox 1941 2182 2045 2190; x_wconf 95' lang='lat' dir='ltr'> </span> 
     </span>
    </p>
   </div>
   <div class='ocr_carea' id='block_1_27' title="bbox 2049 2184 2152 2191">
    <p class='ocr_par' dir='ltr' id='par_1_36' title="bbox 2049 2184 2152 2191">
     <span class='ocr_line' id='line_1_116' title="bbox 2049 2184 2152 2191; baseline 0 0"><span class='ocrx_word' id='word_1_726' title='bbox 2049 2184 2152 2191; x_wconf 95' lang='lat' dir='ltr'> </span> 
     </span>
    </p>
   </div>
   <div class='ocr_carea' id='block_1_28' title="bbox 2156 2184 2260 2194">
    <p class='ocr_par' dir='ltr' id='par_1_37' title="bbox 2156 2184 2260 2194">
     <span class='ocr_line' id='line_1_117' title="bbox 2156 2184 2260 2194; baseline 0 1285"><span class='ocrx_word' id='word_1_727' title='bbox 2156 2184 2260 2194; x_wconf 95' lang='lat' dir='ltr'> </span> 
     </span>
    </p>
   </div>
   <div class='ocr_carea' id='block_1_29' title="bbox 1123 2937 1319 2982">
    <p class='ocr_par' dir='ltr' id='par_1_38' title="bbox 1123 2937 1319 2982">
     <span class='ocr_line' id='line_1_118' title="bbox 1123 2937 1319 2982; baseline 0.036 -7"><span class='ocrx_word' id='word_1_728' title='bbox 1123 2954 1189 2976; x_wconf 79' lang='lat' dir='ltr'>non</span> <span class='ocrx_word' id='word_1_729' title='bbox 1211 2937 1319 2982; x_wconf 49' lang='lat' dir='ltr'>{fem-</span> 
     </span>
    </p>
   </div>
   <div class='ocr_carea' id='block_1_30' title="bbox 178 2981 2248 3040">
    <p class='ocr_par' dir='ltr' id='par_1_39' title="bbox 178 2981 2248 3040">
     <span class='ocr_line' id='line_1_119' title="bbox 178 2981 2248 3040; baseline 0.004 -24"><span class='ocrx_word' id='word_1_730' title='bbox 178 2983 253 3017; x_wconf 83' lang='lat' dir='ltr'>ideo</span> <span class='ocrx_word' id='word_1_731' title='bbox 283 2986 387 3018; x_wconf 77' lang='lat' dir='ltr'>totius</span> <span class='ocrx_word' id='word_1_732' title='bbox 418 2988 498 3021; x_wconf 81' lang='lat' dir='ltr'>dolii</span> <span class='ocrx_word' id='word_1_733' title='bbox 525 3012 535 3028; x_wconf 89' lang='lat'>‚</span> <span class='ocrx_word' id='word_1_734' title='bbox 580 2990 689 3023; x_wconf 77' lang='lat' dir='ltr'>totius</span> <span class='ocrx_word' id='word_1_735' title='bbox 723 2991 829 3023; x_wconf 84' lang='lat' dir='ltr'>acervi</span> <span class='ocrx_word' id='word_1_736' title='bbox 870 2987 977 3023; x_wconf 67' lang='lat' dir='ltr'>furem</span> <span class='ocrx_word' id='word_1_737' title='bbox 1017 2989 1188 3032; x_wconf 76' lang='lat' dir='ltr'>appellat,</span> <span class='ocrx_word' id='word_1_738' title='bbox 1212 2981 1220 3040; x_wconf 56' lang='lat' dir='ltr'>l</span> <span class='ocrx_word' id='word_1_739' title='bbox 1282 2986 1336 3028; x_wconf 69' lang='lat' dir='ltr'>(g)</span> <span class='ocrx_word' id='word_1_740' title='bbox 1368 2989 1404 3019; x_wconf 88' lang='lat' dir='ltr'>L.</span> <span class='ocrx_word' id='word_1_741' title='bbox 1425 2997 1453 3026; x_wconf 83' lang='lat'>3.</span> <span class='ocrx_word' id='word_1_742' title='bbox 1473 2988 1540 3031; x_wconf 83' lang='lat'>§.4</span> <span class='ocrx_word' id='word_1_743' title='bbox 1578 2986 1615 3019; x_wconf 69' lang='lat'>(¹5</span> <span class='ocrx_word' id='word_1_744' title='bbox 1633 2996 1659 3026; x_wconf 77' lang='grc'>5.</span> <span class='ocrx_word' id='word_1_745' title='bbox 1678 2985 1717 3032; x_wconf 73' lang='lat' dir='ltr'>ff</span> <span class='ocrx_word' id='word_1_746' title='bbox 1750 2989 1787 3021; x_wconf 85' lang='lat' dir='ltr'>de</span> <span class='ocrx_word' id='word_1_747' title='bbox 1814 2987 1907 3022; x_wconf 77' lang='lat' dir='ltr'>bom&#39;s</span> <span class='ocrx_word' id='word_1_748' title='bbox 1930 2998 2035 3023; x_wconf 66' lang='lat' dir='ltr'>eoru-‘n</span> <span class='ocrx_word' id='word_1_749' title='bbox 2052 3012 2062 3030; x_wconf 88' lang='lat'>‚</span> <span class='ocrx_word' id='word_1_750' title='bbox 2090 2991 2147 3035; x_wconf 75' lang='lat' dir='ltr'>qui</span> <span class='ocrx_word' id='word_1_751' title='bbox 2172 3001 2248 3026; x_wconf 80' lang='lat' dir='ltr'>ante</span> 
     </span>
    </p>
   </div>
   <div class='ocr_carea' id='block_1_31' title="bbox 180 3028 1218 3218">
    <p class='ocr_par' dir='ltr' id='par_1_40' title="bbox 180 3028 1218 3218">
     <span class='ocr_line' id='line_1_120' title="bbox 180 3028 1187 3080; baseline 0.01 -20"><span class='ocrx_word' id='word_1_752' title='bbox 180 3028 268 3072; x_wconf 83' lang='lat' dir='ltr'>quod</span> <span class='ocrx_word' id='word_1_753' title='bbox 307 3032 419 3064; x_wconf 85' lang='lat' dir='ltr'>omnia</span> <span class='ocrx_word' id='word_1_754' title='bbox 462 3044 592 3076; x_wconf 75' lang='lat' dir='ltr'>peccata</span> <span class='ocrx_word' id='word_1_755' title='bbox 619 3036 756 3079; x_wconf 73' lang='lat' dir='ltr'>aequalia</span> <span class='ocrx_word' id='word_1_756' title='bbox 785 3044 877 3079; x_wconf 85' lang='lat' dir='ltr'>putet</span> <span class='ocrx_word' id='word_1_757' title='bbox 904 3060 915 3076; x_wconf 87' lang='lat'>‚</span> <span class='ocrx_word' id='word_1_758' title='bbox 959 3035 1011 3068; x_wconf 77' lang='lat' dir='ltr'>sed</span> <span class='ocrx_word' id='word_1_759' title='bbox 1044 3036 1130 3080; x_wconf 87' lang='lat' dir='ltr'>quod</span> <span class='ocrx_word' id='word_1_760' title='bbox 1158 3038 1187 3070; x_wconf 75' lang='lat' dir='ltr'>Sc</span> 
     </span>
     <span class='ocr_line' id='line_1_121' title="bbox 183 3057 1218 3126; baseline 0.01 -20"><span class='ocrx_word' id='word_1_761' title='bbox 183 3083 293 3126; x_wconf 78' lang='lat' dir='ltr'>totum</span> <span class='ocrx_word' id='word_1_762' title='bbox 321 3085 444 3126; x_wconf 30' lang='lat' dir='ltr'>*corpus</span> <span class='ocrx_word' id='word_1_763' title='bbox 475 3081 613 3123; x_wconf 74' lang='lat' dir='ltr'>attigiffe</span> <span class='ocrx_word' id='word_1_764' title='bbox 654 3081 830 3122; x_wconf 84' lang='lat' dir='ltr'>videatur,</span> <span class='ocrx_word' id='word_1_765' title='bbox 856 3082 911 3126; x_wconf 89' lang='lat' dir='ltr'>qui</span> <span class='ocrx_word' id='word_1_766' title='bbox 938 3094 1050 3116; x_wconf 87' lang='lat' dir='ltr'>aurem</span> <span class='ocrx_word' id='word_1_767' title='bbox 1081 3083 1187 3115; x_wconf 85' lang='lat' dir='ltr'>homi·</span> <span class='ocrx_word' id='word_1_768' title='bbox 1210 3057 1218 3116; x_wconf 88' lang='lat' dir='ltr'>l</span> 
     </span>
     <span class='ocr_line' id='line_1_122' title="bbox 187 3123 1186 3171; baseline 0.006 -17"><span class='ocrx_word' id='word_1_769' title='bbox 187 3132 239 3154; x_wconf 82' lang='lat' dir='ltr'>ms</span> <span class='ocrx_word' id='word_1_770' title='bbox 266 3130 380 3163; x_wconf 75' lang='lat' dir='ltr'>attigit</span> <span class='ocrx_word' id='word_1_771' title='bbox 403 3145 409 3152; x_wconf 93' lang='lat'>.</span> <span class='ocrx_word' id='word_1_772' title='bbox 439 3123 578 3158; x_wconf 71' lang='lat' dir='ltr'>aberrat</span> <span class='ocrx_word' id='word_1_773' title='bbox 606 3127 640 3159; x_wconf 83' lang='lat' dir='ltr'>in</span> <span class='ocrx_word' id='word_1_774' title='bbox 668 3138 705 3159; x_wconf 87' lang='lat' dir='ltr'>eo</span> <span class='ocrx_word' id='word_1_775' title='bbox 741 3127 842 3160; x_wconf 82' lang='lat' dir='ltr'>hemo</span> <span class='ocrx_word' id='word_1_776' title='bbox 867 3128 947 3162; x_wconf 81' lang='lat' dir='ltr'>alias</span> <span class='ocrx_word' id='word_1_777' title='bbox 967 3128 1186 3171; x_wconf 84' lang='lat' dir='ltr'>peritiffimus‚</span> 
     </span>
     <span class='ocr_line' id='line_1_123' title="bbox 188 3166 1188 3218; baseline 0.009 -20"><span class='ocrx_word' id='word_1_778' title='bbox 188 3166 278 3209; x_wconf 85' lang='lat' dir='ltr'>quod</span> <span class='ocrx_word' id='word_1_779' title='bbox 313 3177 451 3211; x_wconf 79' lang='lat' dir='ltr'>corpora</span> <span class='ocrx_word' id='word_1_780' title='bbox 478 3169 575 3203; x_wconf 78' lang='lat' dir='ltr'>fluida</span> <span class='ocrx_word' id='word_1_781' title='bbox 603 3179 660 3207; x_wconf 79' lang='lat' dir='ltr'>aut</span> <span class='ocrx_word' id='word_1_782' title='bbox 686 3183 878 3209; x_wconf 75' lang='lat' dir='ltr'>coacervata</span> <span class='ocrx_word' id='word_1_783' title='bbox 914 3183 1085 3218; x_wconf 81' lang='lat' dir='ltr'>comparat</span> <span class='ocrx_word' id='word_1_784' title='bbox 1114 3175 1188 3208; x_wconf 85' lang='lat' dir='ltr'>soli-</span> 
     </span>
    </p>
   </div>
   <div class='ocr_carea' id='block_1_32' title="bbox 1230 3031 2068 3078">
    <p class='ocr_par' dir='ltr' id='par_1_41' title="bbox 1230 3031 2068 3078">
     <span class='ocr_line' id='line_1_124' title="bbox 1230 3031 2068 3078; baseline 0.006 -14"><span class='ocrx_word' id='word_1_785' title='bbox 1230 3033 1318 3073; x_wconf 72' lang='lat' dir='ltr'>sent.</span> <span class='ocrx_word' id='word_1_786' title='bbox 1335 3035 1358 3066; x_wconf 85' lang='lat' dir='ltr'>l.</span> <span class='ocrx_word' id='word_1_787' title='bbox 1374 3038 1403 3065; x_wconf 87' lang='lat'>6.</span> <span class='ocrx_word' id='word_1_788' title='bbox 1428 3036 1455 3077; x_wconf 84' lang='lat'>§.</span> <span class='ocrx_word' id='word_1_789' title='bbox 1473 3047 1505 3075; x_wconf 89' lang='lat'>7.</span> <span class='ocrx_word' id='word_1_790' title='bbox 1518 3031 1555 3077; x_wconf 72' lang='lat' dir='ltr'><strong><em>ff</em></strong></span> <span class='ocrx_word' id='word_1_791' title='bbox 1579 3037 1616 3066; x_wconf 80' lang='lat' dir='ltr'>de</span> <span class='ocrx_word' id='word_1_792' title='bbox 1636 3032 1752 3072; x_wconf 65' lang='lat' dir='ltr'><em>injusto</em></span> <span class='ocrx_word' id='word_1_793' title='bbox 1769 3059 1777 3072; x_wconf 71' lang='lat'>3</span> <span class='ocrx_word' id='word_1_794' title='bbox 1806 3045 1900 3078; x_wconf 60' lang='lat' dir='ltr'>rupto</span> <span class='ocrx_word' id='word_1_795' title='bbox 1917 3063 1925 3074; x_wconf 70' lang='grc'>,</span> <span class='ocrx_word' id='word_1_796' title='bbox 1957 3037 1996 3067; x_wconf 66' lang='lat'>(¹2⁴</span> <span class='ocrx_word' id='word_1_797' title='bbox 2011 3038 2068 3069; x_wconf 67' lang='lat' dir='ltr'>irr-</span> 
     </span>
    </p>
   </div>
   <div class='ocr_carea' id='block_1_33' title="bbox 1281 3079 2195 3213">
    <p class='ocr_par' dir='ltr' id='par_1_42' title="bbox 1281 3079 2195 3213">
     <span class='ocr_line' id='line_1_125' title="bbox 1281 3079 1993 3125; baseline 0.004 -16"><span class='ocrx_word' id='word_1_798' title='bbox 1281 3079 1340 3119; x_wconf 73' lang='lat' dir='ltr'>(h)</span> <span class='ocrx_word' id='word_1_799' title='bbox 1365 3082 1402 3112; x_wconf 91' lang='lat' dir='ltr'>L.</span> <span class='ocrx_word' id='word_1_800' title='bbox 1421 3082 1555 3121; x_wconf 74' lang='lat' dir='ltr'>vulgar.</span> <span class='ocrx_word' id='word_1_801' title='bbox 1575 3082 1611 3111; x_wconf 80' lang='lat' dir='ltr'>in</span> <span class='ocrx_word' id='word_1_802' title='bbox 1628 3081 1785 3124; x_wconf 51' lang='lat' dir='ltr'>princes</span> <span class='ocrx_word' id='word_1_803' title='bbox 1805 3080 1840 3123; x_wconf 71' lang='lat' dir='ltr'>ff</span> <span class='ocrx_word' id='word_1_804' title='bbox 1856 3083 1893 3113; x_wconf 80' lang='lat' dir='ltr'>de</span> <span class='ocrx_word' id='word_1_805' title='bbox 1909 3082 1993 3125; x_wconf 77' lang='lat' dir='ltr'>fure.</span> 
     </span>
     <span class='ocr_line' id='line_1_126' title="bbox 1281 3124 2061 3173; baseline 0.005 -19"><span class='ocrx_word' id='word_1_806' title='bbox 1281 3126 1333 3165; x_wconf 77' lang='grc' dir='ltr'>(ι)</span> <span class='ocrx_word' id='word_1_807' title='bbox 1359 3125 1450 3160; x_wconf 85' lang='lat' dir='ltr'>Gell.</span> <span class='ocrx_word' id='word_1_808' title='bbox 1467 3124 1564 3163; x_wconf 53' lang='lat' dir='ltr'>trba.</span> <span class='ocrx_word' id='word_1_809' title='bbox 1587 3134 1609 3156; x_wconf 86' lang='lat' dir='ltr'>c.</span> <span class='ocrx_word' id='word_1_810' title='bbox 1630 3135 1658 3156; x_wconf 86' lang='lat'>2.</span> <span class='ocrx_word' id='word_1_811' title='bbox 1679 3128 1735 3156; x_wconf 84' lang='lat' dir='ltr'>l.6.</span> <span class='ocrx_word' id='word_1_812' title='bbox 1751 3125 1791 3171; x_wconf 74' lang='lat' dir='ltr'>ff.</span> <span class='ocrx_word' id='word_1_813' title='bbox 1807 3128 1844 3159; x_wconf 82' lang='lat' dir='ltr'>de</span> <span class='ocrx_word' id='word_1_814' title='bbox 1859 3126 1971 3173; x_wconf 44' lang='lat' dir='ltr'>affl&amp;</span> <span class='ocrx_word' id='word_1_815' title='bbox 1985 3125 2061 3169; x_wconf 62' lang='lat' dir='ltr'>poll.</span> 
     </span>
     <span class='ocr_line' id='line_1_127' title="bbox 1281 3172 2195 3213; baseline -0.002 -8"><span class='ocrx_word' id='word_1_816' title='bbox 1281 3172 1346 3213; x_wconf 66' lang='lat' dir='ltr'>(k)</span> <span class='ocrx_word' id='word_1_817' title='bbox 1373 3174 1509 3205; x_wconf 79' lang='lat' dir='ltr'>Lucian.</span> <span class='ocrx_word' id='word_1_818' title='bbox 1529 3172 1564 3204; x_wconf 77' lang='lat' dir='ltr'>in</span> <span class='ocrx_word' id='word_1_819' title='bbox 1583 3172 1734 3205; x_wconf 78' lang='lat' dir='ltr'>Eunuch.</span> <span class='ocrx_word' id='word_1_820' title='bbox 1826 3172 1877 3213; x_wconf 80' lang='lat'>(1)</span> <span class='ocrx_word' id='word_1_821' title='bbox 1902 3173 1988 3208; x_wconf 80' lang='lat' dir='ltr'>Gess.</span> <span class='ocrx_word' id='word_1_822' title='bbox 2004 3172 2058 3206; x_wconf 84' lang='lat' dir='ltr'>lib.</span> <span class='ocrx_word' id='word_1_823' title='bbox 2068 3183 2099 3211; x_wconf 86' lang='lat'>4.</span> <span class='ocrx_word' id='word_1_824' title='bbox 2118 3182 2143 3206; x_wconf 84' lang='lat' dir='ltr'>c.</span> <span class='ocrx_word' id='word_1_825' title='bbox 2167 3180 2195 3203; x_wconf 82' lang='lat'>1.</span> 
     </span>
    </p>
   </div>
  </div>
 </body>
</html>
