<?xml version="1.0" encoding="UTF-8"?>
<!DOCTYPE html PUBLIC "-//W3C//DTD XHTML 1.0 Transitional//EN"
    "http://www.w3.org/TR/xhtml1/DTD/xhtml1-transitional.dtd">
<html xmlns="http://www.w3.org/1999/xhtml" xml:lang="en" lang="en">
 <head>
  <title>
</title>
<meta http-equiv="Content-Type" content="text/html;charset=utf-8" />
  <meta name='ocr-system' content='tesseract 3.04.00' />
  <meta name='ocr-capabilities' content='ocr_page ocr_carea ocr_par ocr_line ocrx_word'/>
</head>
<body>
  <div class='ocr_page' id='page_1' title='image "./janivincentiigra01gravuoft_0413.png"; bbox 0 0 2596 3479; ppageno 0'>
   <div class='ocr_carea' id='block_1_1' title="bbox 573 87 1909 146">
    <p class='ocr_par' dir='ltr' id='par_1_1' title="bbox 573 87 1909 146">
     <span class='ocr_line' id='line_1_1' title="bbox 573 87 1909 146; baseline 0.001 -2"><span class='ocrx_word' id='word_1_1' title='bbox 573 90 704 144; x_wconf 88' lang='lat' dir='ltr'>ET</span> <span class='ocrx_word' id='word_1_2' title='bbox 755 87 1909 146; x_wconf 89' lang='lat' dir='ltr'><strong>SENATUSCONSULTIS.</strong></span> 
     </span>
    </p>
   </div>
   <div class='ocr_carea' id='block_1_2' title="bbox 111 164 1202 2563">
    <p class='ocr_par' dir='ltr' id='par_1_2' title="bbox 111 164 1202 2563">
     <span class='ocr_line' id='line_1_2' title="bbox 178 164 1202 221; baseline -0.003 -9"><span class='ocrx_word' id='word_1_3' title='bbox 178 164 276 212; x_wconf 82' lang='lat' dir='ltr'>cinii</span> <span class='ocrx_word' id='word_1_4' title='bbox 298 165 405 221; x_wconf 88' lang='lat' dir='ltr'>prius</span> <span class='ocrx_word' id='word_1_5' title='bbox 427 165 654 210; x_wconf 82' lang='lat' dir='ltr'>accusetur:</span> <span class='ocrx_word' id='word_1_6' title='bbox 681 165 746 216; x_wconf 86' lang='lat' dir='ltr'>(a)</span> <span class='ocrx_word' id='word_1_7' title='bbox 771 180 865 208; x_wconf 89' lang='lat' dir='ltr'>cum</span> <span class='ocrx_word' id='word_1_8' title='bbox 889 165 1118 208; x_wconf 88' lang='lat' dir='ltr'>adulterum</span> <span class='ocrx_word' id='word_1_9' title='bbox 1144 164 1202 209; x_wconf 89' lang='lat' dir='ltr'>fas</span> 
     </span>
     <span class='ocr_line' id='line_1_3' title="bbox 176 221 1199 279; baseline -0.003 -12"><span class='ocrx_word' id='word_1_10' title='bbox 176 224 226 267; x_wconf 83' lang='lat' dir='ltr'>fit</span> <span class='ocrx_word' id='word_1_11' title='bbox 260 224 385 267; x_wconf 83' lang='lat' dir='ltr'>etiam</span> <span class='ocrx_word' id='word_1_12' title='bbox 424 224 607 266; x_wconf 87' lang='lat' dir='ltr'>nondum</span> <span class='ocrx_word' id='word_1_13' title='bbox 644 221 750 264; x_wconf 65' lang='lat' dir='ltr'>fausto</span> <span class='ocrx_word' id='word_1_14' title='bbox 774 222 952 265; x_wconf 89' lang='lat' dir='ltr'>divortio</span> <span class='ocrx_word' id='word_1_15' title='bbox 976 223 1199 279; x_wconf 87' lang='lat' dir='ltr'>postulare.</span> 
     </span>
     <span class='ocr_line' id='line_1_4' title="bbox 172 278 1197 336; baseline 0.001 -13"><span class='ocrx_word' id='word_1_16' title='bbox 172 282 238 333; x_wconf 81' lang='lat' dir='ltr'>(b)</span> <span class='ocrx_word' id='word_1_17' title='bbox 256 282 469 336; x_wconf 82' lang='lat' dir='ltr'>Tempore</span> <span class='ocrx_word' id='word_1_18' title='bbox 493 295 610 335; x_wconf 88' lang='lat' dir='ltr'>porro</span> <span class='ocrx_word' id='word_1_19' title='bbox 634 279 684 322; x_wconf 87' lang='lat' dir='ltr'>ab</span> <span class='ocrx_word' id='word_1_20' title='bbox 706 278 796 322; x_wconf 88' lang='lat' dir='ltr'>aliis</span> <span class='ocrx_word' id='word_1_21' title='bbox 821 280 1061 324; x_wconf 82' lang='lat' dir='ltr'>criminibus</span> <span class='ocrx_word' id='word_1_22' title='bbox 1084 296 1197 324; x_wconf 84' lang='lat' dir='ltr'>accu-</span> 
     </span>
     <span class='ocr_line' id='line_1_5' title="bbox 174 336 1199 391; baseline 0.001 -11"><span class='ocrx_word' id='word_1_23' title='bbox 174 338 272 380; x_wconf 83' lang='lat' dir='ltr'>satio</span> <span class='ocrx_word' id='word_1_24' title='bbox 313 339 381 381; x_wconf 84' lang='lat' dir='ltr'>ista</span> <span class='ocrx_word' id='word_1_25' title='bbox 423 336 712 391; x_wconf 77' lang='lat' dir='ltr'>distinguitur.</span> <span class='ocrx_word' id='word_1_26' title='bbox 763 337 1038 381; x_wconf 87' lang='lat' dir='ltr'>Plurimorum</span> <span class='ocrx_word' id='word_1_27' title='bbox 1085 339 1199 381; x_wconf 87' lang='lat' dir='ltr'>enim</span> 
     </span>
     <span class='ocr_line' id='line_1_6' title="bbox 172 392 1198 448; baseline -0.003 -8"><span class='ocrx_word' id='word_1_28' title='bbox 172 396 398 440; x_wconf 83' lang='lat' dir='ltr'>criminum</span> <span class='ocrx_word' id='word_1_29' title='bbox 428 392 630 436; x_wconf 83' lang='lat' dir='ltr'>accusatio</span> <span class='ocrx_word' id='word_1_30' title='bbox 664 394 789 448; x_wconf 77' lang='lat' dir='ltr'>spatio</span> <span class='ocrx_word' id='word_1_31' title='bbox 819 396 916 437; x_wconf 90' lang='lat' dir='ltr'>XX.</span> <span class='ocrx_word' id='word_1_32' title='bbox 959 411 1198 447; x_wconf 79' lang='lat' dir='ltr'>annorum3</span> 
     </span>
     <span class='ocr_line' id='line_1_7' title="bbox 169 450 1199 506; baseline -0.001 -11"><span class='ocrx_word' id='word_1_33' title='bbox 169 455 249 506; x_wconf 88' lang='lat' dir='ltr'>(c)</span> <span class='ocrx_word' id='word_1_34' title='bbox 273 453 355 495; x_wconf 79' lang='lat' dir='ltr'>haec</span> <span class='ocrx_word' id='word_1_35' title='bbox 381 467 475 494; x_wconf 83' lang='lat' dir='ltr'>vero</span> <span class='ocrx_word' id='word_1_36' title='bbox 498 450 782 506; x_wconf 83' lang='lat' dir='ltr'>quinquennio</span> <span class='ocrx_word' id='word_1_37' title='bbox 808 468 828 493; x_wconf 84' lang='lat' dir='ltr'>a</span> <span class='ocrx_word' id='word_1_38' title='bbox 854 452 916 493; x_wconf 86' lang='lat' dir='ltr'>die</span> <span class='ocrx_word' id='word_1_39' title='bbox 941 454 1095 494; x_wconf 75' lang='lat' dir='ltr'>admissi</span> <span class='ocrx_word' id='word_1_40' title='bbox 1122 453 1199 494; x_wconf 91' lang='lat' dir='ltr'>cri-</span> 
     </span>
     <span class='ocr_line' id='line_1_8' title="bbox 171 507 1198 563; baseline 0 -11"><span class='ocrx_word' id='word_1_41' title='bbox 171 510 295 554; x_wconf 87' lang='lat' dir='ltr'>minis</span> <span class='ocrx_word' id='word_1_42' title='bbox 327 507 597 562; x_wconf 60' lang='lat' dir='ltr'>praescribitur</span> <span class='ocrx_word' id='word_1_43' title='bbox 638 509 680 549; x_wconf 91' lang='lat' dir='ltr'>in</span> <span class='ocrx_word' id='word_1_44' title='bbox 721 508 902 551; x_wconf 89' lang='lat' dir='ltr'>adultero</span> <span class='ocrx_word' id='word_1_45' title='bbox 944 510 1198 563; x_wconf 66' lang='lat' dir='ltr'>accusando3</span> 
     </span>
     <span class='ocr_line' id='line_1_9' title="bbox 170 564 1191 610; baseline 0.001 -1"><span class='ocrx_word' id='word_1_46' title='bbox 170 567 213 609; x_wconf 86' lang='lat' dir='ltr'>in</span> <span class='ocrx_word' id='word_1_47' title='bbox 236 564 417 608; x_wconf 86' lang='lat' dir='ltr'>adultera</span> <span class='ocrx_word' id='word_1_48' title='bbox 440 580 535 607; x_wconf 89' lang='lat' dir='ltr'>vero</span> <span class='ocrx_word' id='word_1_49' title='bbox 559 564 780 607; x_wconf 82' lang='lat' dir='ltr'>accusanda</span> <span class='ocrx_word' id='word_1_50' title='bbox 806 566 868 608; x_wconf 70' lang='lat' dir='ltr'>sex</span> <span class='ocrx_word' id='word_1_51' title='bbox 895 567 1095 610; x_wconf 82' lang='lat' dir='ltr'>mensibus</span> <span class='ocrx_word' id='word_1_52' title='bbox 1116 566 1191 609; x_wconf 82' lang='lat' dir='ltr'>uti·</span> 
     </span>
     <span class='ocr_line' id='line_1_10' title="bbox 169 622 1196 679; baseline -0.001 -13"><span class='ocrx_word' id='word_1_53' title='bbox 169 623 274 666; x_wconf 82' lang='lat' dir='ltr'>libus</span> <span class='ocrx_word' id='word_1_54' title='bbox 296 638 317 664; x_wconf 86' lang='lat' dir='ltr'>a</span> <span class='ocrx_word' id='word_1_55' title='bbox 342 622 403 664; x_wconf 90' lang='lat' dir='ltr'>die</span> <span class='ocrx_word' id='word_1_56' title='bbox 428 622 594 664; x_wconf 83' lang='lat' dir='ltr'>divortii</span> <span class='ocrx_word' id='word_1_57' title='bbox 621 623 676 665; x_wconf 83' lang='lat' dir='ltr'>ita</span> <span class='ocrx_word' id='word_1_58' title='bbox 696 624 984 677; x_wconf 85' lang='lat' dir='ltr'>computandis</span> <span class='ocrx_word' id='word_1_59' title='bbox 1010 640 1058 666; x_wconf 87' lang='lat' dir='ltr'>ne</span> <span class='ocrx_word' id='word_1_60' title='bbox 1078 625 1196 679; x_wconf 83' lang='lat' dir='ltr'>quin-</span> 
     </span>
     <span class='ocr_line' id='line_1_11' title="bbox 111 679 1196 736; baseline 0 -13"><span class='ocrx_word' id='word_1_61' title='bbox 111 702 117 709; x_wconf 91' lang='lat'><strong>·</strong></span> <span class='ocrx_word' id='word_1_62' title='bbox 167 679 396 736; x_wconf 87' lang='lat' dir='ltr'>quennium</span> <span class='ocrx_word' id='word_1_63' title='bbox 424 679 677 722; x_wconf 85' lang='lat' dir='ltr'>continuum</span> <span class='ocrx_word' id='word_1_64' title='bbox 699 696 722 722; x_wconf 89' lang='lat' dir='ltr'>a</span> <span class='ocrx_word' id='word_1_65' title='bbox 747 680 810 722; x_wconf 90' lang='lat' dir='ltr'>die</span> <span class='ocrx_word' id='word_1_66' title='bbox 834 681 990 722; x_wconf 74' lang='lat' dir='ltr'>admisti</span> <span class='ocrx_word' id='word_1_67' title='bbox 1011 681 1196 723; x_wconf 86' lang='lat' dir='ltr'>criminis</span> 
     </span>
     <span class='ocr_line' id='line_1_12' title="bbox 168 736 1194 791; baseline -0.002 -10"><span class='ocrx_word' id='word_1_68' title='bbox 168 736 470 781; x_wconf 85' lang='lat' dir='ltr'>numerandum</span> <span class='ocrx_word' id='word_1_69' title='bbox 494 748 717 791; x_wconf 81' lang='lat' dir='ltr'>exuperent</span> <span class='ocrx_word' id='word_1_70' title='bbox 737 769 748 790; x_wconf 88' lang='lat'>,</span> <span class='ocrx_word' id='word_1_71' title='bbox 770 736 847 779; x_wconf 83' lang='lat' dir='ltr'>hoc</span> <span class='ocrx_word' id='word_1_72' title='bbox 870 737 947 781; x_wconf 67' lang='lat' dir='ltr'>est,</span> <span class='ocrx_word' id='word_1_73' title='bbox 974 753 1023 779; x_wconf 85' lang='lat' dir='ltr'>ne</span> <span class='ocrx_word' id='word_1_74' title='bbox 1050 737 1110 781; x_wconf 79' lang='lat' dir='ltr'>sex</span> <span class='ocrx_word' id='word_1_75' title='bbox 1133 738 1194 780; x_wconf 85' lang='lat' dir='ltr'>illi</span> 
     </span>
     <span class='ocr_line' id='line_1_13' title="bbox 168 792 1194 849; baseline -0.001 -11"><span class='ocrx_word' id='word_1_76' title='bbox 168 795 324 838; x_wconf 85' lang='lat' dir='ltr'>menses</span> <span class='ocrx_word' id='word_1_77' title='bbox 343 792 464 836; x_wconf 85' lang='lat' dir='ltr'>utiles</span> <span class='ocrx_word' id='word_1_78' title='bbox 484 793 589 836; x_wconf 87' lang='lat' dir='ltr'>ultra</span> <span class='ocrx_word' id='word_1_79' title='bbox 611 793 789 849; x_wconf 81' lang='lat' dir='ltr'>spacium</span> <span class='ocrx_word' id='word_1_80' title='bbox 813 794 1078 849; x_wconf 74' lang='lat' dir='ltr'>quinquenne</span> <span class='ocrx_word' id='word_1_81' title='bbox 1100 810 1194 837; x_wconf 89' lang='lat' dir='ltr'>con-</span> 
     </span>
     <span class='ocr_line' id='line_1_14' title="bbox 164 851 1190 902; baseline -0.002 -7"><span class='ocrx_word' id='word_1_82' title='bbox 164 854 332 896; x_wconf 83' lang='lat' dir='ltr'>tinuum</span> <span class='ocrx_word' id='word_1_83' title='bbox 365 863 619 894; x_wconf 85' lang='lat' dir='ltr'>excurrant:</span> <span class='ocrx_word' id='word_1_84' title='bbox 656 866 705 893; x_wconf 89' lang='lat' dir='ltr'>ne</span> <span class='ocrx_word' id='word_1_85' title='bbox 733 883 745 902; x_wconf 83' lang='lat'>‚</span> <span class='ocrx_word' id='word_1_86' title='bbox 777 862 821 893; x_wconf 88' lang='lat' dir='ltr'>ut</span> <span class='ocrx_word' id='word_1_87' title='bbox 850 851 905 893; x_wconf 86' lang='lat' dir='ltr'>ait</span> <span class='ocrx_word' id='word_1_88' title='bbox 929 851 1190 901; x_wconf 75' lang='lat' dir='ltr'>Jurii‘consul-</span> 
     </span>
     <span class='ocr_line' id='line_1_15' title="bbox 166 907 1194 964; baseline 0 -12"><span class='ocrx_word' id='word_1_89' title='bbox 166 921 230 952; x_wconf 86' lang='lat' dir='ltr'>tus</span> <span class='ocrx_word' id='word_1_90' title='bbox 251 941 263 962; x_wconf 87' lang='lat'>,</span> <span class='ocrx_word' id='word_1_91' title='bbox 296 907 454 951; x_wconf 83' lang='lat' dir='ltr'>crimen</span> <span class='ocrx_word' id='word_1_92' title='bbox 487 907 773 964; x_wconf 86' lang='lat' dir='ltr'>quinquennio</span> <span class='ocrx_word' id='word_1_93' title='bbox 791 907 994 951; x_wconf 85' lang='lat' dir='ltr'>continuo</span> <span class='ocrx_word' id='word_1_94' title='bbox 1018 908 1194 961; x_wconf 86' lang='lat' dir='ltr'>sopitum</span> 
     </span>
     <span class='ocr_line' id='line_1_16' title="bbox 166 963 1195 1018; baseline -0.002 -8"><span class='ocrx_word' id='word_1_95' title='bbox 166 967 366 1010; x_wconf 76' lang='lat' dir='ltr'>excitetur</span> <span class='ocrx_word' id='word_1_96' title='bbox 402 965 486 1017; x_wconf 86' lang='lat' dir='ltr'>(d)</span> <span class='ocrx_word' id='word_1_97' title='bbox 529 965 567 1006; x_wconf 87' lang='lat' dir='ltr'>S.</span> <span class='ocrx_word' id='word_1_98' title='bbox 600 966 652 1007; x_wconf 90' lang='lat' dir='ltr'>C.</span> <span class='ocrx_word' id='word_1_99' title='bbox 684 977 821 1008; x_wconf 85' lang='lat' dir='ltr'>autern</span> <span class='ocrx_word' id='word_1_100' title='bbox 866 963 1066 1015; x_wconf 63' lang='lat' dir='ltr'>adjenum</span> <span class='ocrx_word' id='word_1_101' title='bbox 1109 965 1195 1018; x_wconf 83' lang='lat' dir='ltr'>est,</span> 
     </span>
     <span class='ocr_line' id='line_1_17' title="bbox 166 1021 1196 1076; baseline -0.002 -9"><span class='ocrx_word' id='word_1_102' title='bbox 166 1038 212 1067; x_wconf 84' lang='lat' dir='ltr'>ut</span> <span class='ocrx_word' id='word_1_103' title='bbox 247 1023 272 1065; x_wconf 85' lang='lat' dir='ltr'>si</span> <span class='ocrx_word' id='word_1_104' title='bbox 306 1022 438 1076; x_wconf 84' lang='lat' dir='ltr'>plures</span> <span class='ocrx_word' id='word_1_105' title='bbox 481 1021 528 1063; x_wconf 88' lang='lat' dir='ltr'>ad</span> <span class='ocrx_word' id='word_1_106' title='bbox 561 1021 830 1066; x_wconf 84' lang='lat' dir='ltr'>accusandum</span> <span class='ocrx_word' id='word_1_107' title='bbox 862 1022 1120 1076; x_wconf 85' lang='lat' dir='ltr'>prodierint,</span> <span class='ocrx_word' id='word_1_108' title='bbox 1152 1022 1196 1065; x_wconf 68' lang='grc' dir='ltr'><strong>δί</strong></span> 
     </span>
     <span class='ocr_line' id='line_1_18' title="bbox 167 1078 1195 1133; baseline -0.001 -10"><span class='ocrx_word' id='word_1_109' title='bbox 167 1080 258 1123; x_wconf 87' lang='lat' dir='ltr'>aliis</span> <span class='ocrx_word' id='word_1_110' title='bbox 288 1078 582 1122; x_wconf 87' lang='lat' dir='ltr'>discedentibus</span> <span class='ocrx_word' id='word_1_111' title='bbox 614 1095 718 1122; x_wconf 90' lang='lat' dir='ltr'>unus</span> <span class='ocrx_word' id='word_1_112' title='bbox 740 1078 1083 1133; x_wconf 87' lang='lat' dir='ltr'>perseveraverit,</span> <span class='ocrx_word' id='word_1_113' title='bbox 1115 1079 1195 1122; x_wconf 91' lang='lat' dir='ltr'>ini-</span> 
     </span>
     <span class='ocr_line' id='line_1_19' title="bbox 167 1135 1195 1192; baseline -0.001 -12"><span class='ocrx_word' id='word_1_114' title='bbox 167 1138 275 1180; x_wconf 86' lang='lat' dir='ltr'>tium</span> <span class='ocrx_word' id='word_1_115' title='bbox 308 1135 574 1180; x_wconf 81' lang='lat' dir='ltr'>accusationis</span> <span class='ocrx_word' id='word_1_116' title='bbox 595 1135 828 1180; x_wconf 87' lang='lat' dir='ltr'>ducendum</span> <span class='ocrx_word' id='word_1_117' title='bbox 861 1136 909 1179; x_wconf 86' lang='lat' dir='ltr'>sit</span> <span class='ocrx_word' id='word_1_118' title='bbox 938 1153 963 1179; x_wconf 85' lang='lat' dir='ltr'>a</span> <span class='ocrx_word' id='word_1_119' title='bbox 994 1136 1081 1184; x_wconf 88' lang='lat' dir='ltr'>die,</span> <span class='ocrx_word' id='word_1_120' title='bbox 1115 1152 1195 1192; x_wconf 91' lang='lat' dir='ltr'>quo</span> 
     </span>
     <span class='ocr_line' id='line_1_20' title="bbox 168 1193 1193 1248; baseline -0.002 -11"><span class='ocrx_word' id='word_1_121' title='bbox 168 1194 328 1237; x_wconf 88' lang='lat' dir='ltr'>libellos</span> <span class='ocrx_word' id='word_1_122' title='bbox 369 1193 635 1236; x_wconf 85' lang='lat' dir='ltr'>accusator-ios</span> <span class='ocrx_word' id='word_1_123' title='bbox 677 1193 784 1236; x_wconf 81' lang='lat' dir='ltr'>dedit</span> <span class='ocrx_word' id='word_1_124' title='bbox 816 1194 848 1236; x_wconf 91' lang='lat' dir='ltr'>is</span> <span class='ocrx_word' id='word_1_125' title='bbox 870 1225 882 1247; x_wconf 88' lang='lat'>‚</span> <span class='ocrx_word' id='word_1_126' title='bbox 914 1193 982 1248; x_wconf 91' lang='lat' dir='ltr'>qui</span> <span class='ocrx_word' id='word_1_127' title='bbox 1016 1193 1193 1248; x_wconf 86' lang='lat' dir='ltr'>perseve-</span> 
     </span>
     <span class='ocr_line' id='line_1_21' title="bbox 167 1249 1193 1305; baseline 0 -11"><span class='ocrx_word' id='word_1_128' title='bbox 167 1251 360 1301; x_wconf 73' lang='lat' dir='ltr'>raverit3</span> <span class='ocrx_word' id='word_1_129' title='bbox 404 1266 488 1293; x_wconf 86' lang='lat' dir='ltr'>non</span> <span class='ocrx_word' id='word_1_130' title='bbox 530 1263 668 1293; x_wconf 80' lang='lat' dir='ltr'>autem</span> <span class='ocrx_word' id='word_1_131' title='bbox 710 1267 731 1293; x_wconf 84' lang='lat' dir='ltr'>a</span> <span class='ocrx_word' id='word_1_132' title='bbox 774 1250 836 1293; x_wconf 88' lang='lat' dir='ltr'>die</span> <span class='ocrx_word' id='word_1_133' title='bbox 879 1249 1047 1293; x_wconf 86' lang='lat' dir='ltr'>illorum</span> <span class='ocrx_word' id='word_1_134' title='bbox 1072 1282 1084 1305; x_wconf 93' lang='lat'>‚</span> <span class='ocrx_word' id='word_1_135' title='bbox 1125 1250 1193 1305; x_wconf 88' lang='lat' dir='ltr'>qui</span> 
     </span>
     <span class='ocr_line' id='line_1_22' title="bbox 163 1307 1194 1361; baseline -0.001 -10"><span class='ocrx_word' id='word_1_136' title='bbox 163 1309 403 1351; x_wconf 82' lang='lat' dir='ltr'>destiterunt</span> <span class='ocrx_word' id='word_1_137' title='bbox 426 1323 444 1358; x_wconf 75' lang='lat'><em>3</em></span> <span class='ocrx_word' id='word_1_138' title='bbox 494 1320 537 1350; x_wconf 84' lang='lat' dir='ltr'>ut</span> <span class='ocrx_word' id='word_1_139' title='bbox 568 1324 590 1350; x_wconf 89' lang='lat' dir='ltr'>a</span> <span class='ocrx_word' id='word_1_140' title='bbox 620 1308 682 1350; x_wconf 82' lang='lat' dir='ltr'>die</span> <span class='ocrx_word' id='word_1_141' title='bbox 716 1307 1007 1361; x_wconf 85' lang='lat' dir='ltr'>perseverantis</span> <span class='ocrx_word' id='word_1_142' title='bbox 1039 1308 1194 1352; x_wconf 82' lang='lat' dir='ltr'>accusa-</span> 
     </span>
     <span class='ocr_line' id='line_1_23' title="bbox 164 1363 1195 1419; baseline -0.001 -12"><span class='ocrx_word' id='word_1_143' title='bbox 164 1366 291 1407; x_wconf 80' lang='lat' dir='ltr'>tionis</span> <span class='ocrx_word' id='word_1_144' title='bbox 332 1365 601 1419; x_wconf 87' lang='lat' dir='ltr'>quinqueunii</span> <span class='ocrx_word' id='word_1_145' title='bbox 647 1363 776 1419; x_wconf 86' lang='lat' dir='ltr'>lapsus</span> <span class='ocrx_word' id='word_1_146' title='bbox 818 1365 1035 1407; x_wconf 83' lang='lat' dir='ltr'>definiatur</span> <span class='ocrx_word' id='word_1_147' title='bbox 1060 1395 1069 1405; x_wconf 85' lang='lat'><strong>.</strong></span> <span class='ocrx_word' id='word_1_148' title='bbox 1114 1366 1195 1416; x_wconf 85' lang='lat' dir='ltr'>(e)</span> 
     </span>
     <span class='ocr_line' id='line_1_24' title="bbox 162 1419 1196 1475; baseline -0.002 -10"><span class='ocrx_word' id='word_1_149' title='bbox 162 1423 230 1465; x_wconf 84' lang='lat' dir='ltr'>Ex</span> <span class='ocrx_word' id='word_1_150' title='bbox 274 1421 355 1464; x_wconf 88' lang='lat' dir='ltr'>illis</span> <span class='ocrx_word' id='word_1_151' title='bbox 396 1433 534 1464; x_wconf 89' lang='lat' dir='ltr'>autem</span> <span class='ocrx_word' id='word_1_152' title='bbox 579 1421 641 1463; x_wconf 80' lang='lat' dir='ltr'>sex</span> <span class='ocrx_word' id='word_1_153' title='bbox 674 1419 875 1464; x_wconf 73' lang='lat' dir='ltr'>mentibus</span> <span class='ocrx_word' id='word_1_154' title='bbox 919 1422 1083 1464; x_wconf 87' lang='lat' dir='ltr'>utilibus</span> <span class='ocrx_word' id='word_1_155' title='bbox 1115 1422 1196 1475; x_wconf 90' lang='lat' dir='ltr'>pri-</span> 
     </span>
     <span class='ocr_line' id='line_1_25' title="bbox 164 1477 1193 1532; baseline -0.001 -10"><span class='ocrx_word' id='word_1_156' title='bbox 164 1479 224 1522; x_wconf 85' lang='lat' dir='ltr'>mi</span> <span class='ocrx_word' id='word_1_157' title='bbox 255 1479 333 1521; x_wconf 86' lang='lat' dir='ltr'>duo</span> <span class='ocrx_word' id='word_1_158' title='bbox 365 1478 512 1521; x_wconf 89' lang='lat' dir='ltr'>dantur</span> <span class='ocrx_word' id='word_1_159' title='bbox 544 1477 725 1531; x_wconf 90' lang='lat' dir='ltr'>marito,</span> <span class='ocrx_word' id='word_1_160' title='bbox 765 1477 830 1522; x_wconf 92' lang='lat' dir='ltr'>vel</span> <span class='ocrx_word' id='word_1_161' title='bbox 862 1478 966 1532; x_wconf 89' lang='lat' dir='ltr'>patri</span> <span class='ocrx_word' id='word_1_162' title='bbox 996 1478 1045 1521; x_wconf 91' lang='lat' dir='ltr'>ad</span> <span class='ocrx_word' id='word_1_163' title='bbox 1076 1494 1193 1521; x_wconf 90' lang='lat' dir='ltr'>accu-</span> 
     </span>
     <span class='ocr_line' id='line_1_26' title="bbox 160 1534 1192 1591; baseline -0.001 -13"><span class='ocrx_word' id='word_1_164' title='bbox 160 1535 333 1578; x_wconf 79' lang='lat' dir='ltr'>sandum</span> <span class='ocrx_word' id='word_1_165' title='bbox 376 1535 461 1586; x_wconf 84' lang='lat' dir='ltr'>jure</span> <span class='ocrx_word' id='word_1_166' title='bbox 506 1534 777 1590; x_wconf 78' lang='lat' dir='ltr'>patris,·aut</span> <span class='ocrx_word' id='word_1_167' title='bbox 823 1535 963 1578; x_wconf 87' lang='lat' dir='ltr'>mariti</span> <span class='ocrx_word' id='word_1_168' title='bbox 996 1567 1008 1588; x_wconf 91' lang='lat'>,</span> <span class='ocrx_word' id='word_1_169' title='bbox 1047 1534 1192 1591; x_wconf 85' lang='lat' dir='ltr'>reliqui</span> 
     </span>
     <span class='ocr_line' id='line_1_27' title="bbox 164 1592 1195 1648; baseline -0.002 -12"><span class='ocrx_word' id='word_1_170' title='bbox 164 1605 302 1636; x_wconf 86' lang='lat' dir='ltr'>autern</span> <span class='ocrx_word' id='word_1_171' title='bbox 334 1604 507 1648; x_wconf 87' lang='lat' dir='ltr'>quatuor</span> <span class='ocrx_word' id='word_1_172' title='bbox 533 1592 686 1635; x_wconf 80' lang='lat' dir='ltr'>menses</span> <span class='ocrx_word' id='word_1_173' title='bbox 711 1592 917 1646; x_wconf 85' lang='lat' dir='ltr'>supersunt</span> <span class='ocrx_word' id='word_1_174' title='bbox 940 1593 987 1635; x_wconf 87' lang='lat' dir='ltr'>ad</span> <span class='ocrx_word' id='word_1_175' title='bbox 1007 1593 1195 1635; x_wconf 85' lang='lat' dir='ltr'>accusan-</span> 
     </span>
     <span class='ocr_line' id='line_1_28' title="bbox 164 1648 1196 1703; baseline 0 -11"><span class='ocrx_word' id='word_1_176' title='bbox 164 1650 263 1692; x_wconf 89' lang='lat' dir='ltr'>dum</span> <span class='ocrx_word' id='word_1_177' title='bbox 289 1665 372 1692; x_wconf 87' lang='lat' dir='ltr'>non</span> <span class='ocrx_word' id='word_1_178' title='bbox 396 1648 481 1699; x_wconf 81' lang='lat' dir='ltr'>jure</span> <span class='ocrx_word' id='word_1_179' title='bbox 509 1649 633 1703; x_wconf 84' lang='lat' dir='ltr'>patri-s</span> <span class='ocrx_word' id='word_1_180' title='bbox 653 1680 664 1701; x_wconf 90' lang='lat'>,</span> <span class='ocrx_word' id='word_1_181' title='bbox 697 1662 765 1692; x_wconf 89' lang='lat' dir='ltr'>aut</span> <span class='ocrx_word' id='word_1_182' title='bbox 787 1649 953 1702; x_wconf 84' lang='lat' dir='ltr'>mariti,</span> <span class='ocrx_word' id='word_1_183' title='bbox 983 1649 1045 1692; x_wconf 91' lang='lat' dir='ltr'>sed</span> <span class='ocrx_word' id='word_1_184' title='bbox 1063 1662 1196 1692; x_wconf 84' lang='lat' dir='ltr'>extra-</span> 
     </span>
     <span class='ocr_line' id='line_1_29' title="bbox 166 1705 1195 1761; baseline 0 -12"><span class='ocrx_word' id='word_1_185' title='bbox 166 1707 260 1750; x_wconf 88' lang='lat' dir='ltr'>nei.</span> <span class='ocrx_word' id='word_1_186' title='bbox 293 1705 373 1760; x_wconf 88' lang='lat' dir='ltr'>(f)</span> <span class='ocrx_word' id='word_1_187' title='bbox 407 1707 452 1748; x_wconf 85' lang='lat' dir='ltr'>Id</span> <span class='ocrx_word' id='word_1_188' title='bbox 476 1705 590 1749; x_wconf 89' lang='lat' dir='ltr'>enim</span> <span class='ocrx_word' id='word_1_189' title='bbox 614 1707 768 1761; x_wconf 84' lang='lat' dir='ltr'>p-raestat</span> <span class='ocrx_word' id='word_1_190' title='bbox 786 1707 986 1750; x_wconf 86' lang='lat' dir='ltr'>accusatio</span> <span class='ocrx_word' id='word_1_191' title='bbox 1017 1705 1101 1757; x_wconf 79' lang='lat' dir='ltr'>jure</span> <span class='ocrx_word' id='word_1_192' title='bbox 1129 1723 1195 1761; x_wconf 88' lang='lat' dir='ltr'>pa-</span> 
     </span>
     <span class='ocr_line' id='line_1_30' title="bbox 163 1763 1195 1818; baseline 0 -11"><span class='ocrx_word' id='word_1_193' title='bbox 163 1764 263 1818; x_wconf 87' lang='lat' dir='ltr'>tris,</span> <span class='ocrx_word' id='word_1_194' title='bbox 299 1776 370 1807; x_wconf 91' lang='lat' dir='ltr'>aut</span> <span class='ocrx_word' id='word_1_195' title='bbox 394 1763 564 1814; x_wconf 84' lang='lat' dir='ltr'>mariti,</span> <span class='ocrx_word' id='word_1_196' title='bbox 595 1776 639 1806; x_wconf 90' lang='lat' dir='ltr'>ut</span> <span class='ocrx_word' id='word_1_197' title='bbox 670 1763 932 1818; x_wconf 84' lang='lat' dir='ltr'>praeferantur</span> <span class='ocrx_word' id='word_1_198' title='bbox 962 1763 1054 1806; x_wconf 83' lang='lat' dir='ltr'>aliis</span> <span class='ocrx_word' id='word_1_199' title='bbox 1077 1780 1195 1807; x_wconf 87' lang='lat' dir='ltr'>accu-</span> 
     </span>
     <span class='ocr_line' id='line_1_31' title="bbox 131 1820 1194 1875; baseline 0 -12"><span class='ocrx_word' id='word_1_200' title='bbox 131 1847 134 1850; x_wconf 86' lang='lat'><em>-</em></span> <span class='ocrx_word' id='word_1_201' title='bbox 163 1822 243 1864; x_wconf 71' lang='lat' dir='ltr'>sare</span> <span class='ocrx_word' id='word_1_202' title='bbox 278 1821 534 1864; x_wconf 83' lang='lat' dir='ltr'>volentibus:</span> <span class='ocrx_word' id='word_1_203' title='bbox 570 1820 627 1863; x_wconf 88' lang='lat' dir='ltr'>ita</span> <span class='ocrx_word' id='word_1_204' title='bbox 661 1833 800 1865; x_wconf 87' lang='lat' dir='ltr'>tamen</span> <span class='ocrx_word' id='word_1_205' title='bbox 821 1853 833 1873; x_wconf 89' lang='lat'>‚</span> <span class='ocrx_word' id='word_1_206' title='bbox 866 1833 911 1864; x_wconf 90' lang='lat' dir='ltr'>ut</span> <span class='ocrx_word' id='word_1_207' title='bbox 942 1821 1045 1875; x_wconf 87' lang='lat' dir='ltr'>patri</span> <span class='ocrx_word' id='word_1_208' title='bbox 1070 1821 1194 1865; x_wconf 89' lang='lat' dir='ltr'>mari-</span> 
     </span>
     <span class='ocr_line' id='line_1_32' title="bbox 162 1877 1195 1933; baseline 0.002 -13"><span class='ocrx_word' id='word_1_209' title='bbox 162 1890 226 1921; x_wconf 89' lang='lat' dir='ltr'>tus</span> <span class='ocrx_word' id='word_1_210' title='bbox 249 1889 520 1933; x_wconf 82' lang='lat' dir='ltr'>anteponatur</span> <span class='ocrx_word' id='word_1_211' title='bbox 541 1908 552 1929; x_wconf 89' lang='lat'>‚</span> <span class='ocrx_word' id='word_1_212' title='bbox 588 1889 725 1933; x_wconf 88' lang='lat' dir='ltr'>utpote</span> <span class='ocrx_word' id='word_1_213' title='bbox 749 1877 892 1929; x_wconf 88' lang='lat' dir='ltr'>majori</span> <span class='ocrx_word' id='word_1_214' title='bbox 918 1878 1056 1922; x_wconf 90' lang='lat' dir='ltr'>dolore</span> <span class='ocrx_word' id='word_1_215' title='bbox 1079 1894 1195 1922; x_wconf 86' lang='lat' dir='ltr'>accu-</span> 
     </span>
     <span class='ocr_line' id='line_1_33' title="bbox 162 1935 1196 1991; baseline 0 -13"><span class='ocrx_word' id='word_1_216' title='bbox 162 1935 364 1978; x_wconf 81' lang='lat' dir='ltr'>sationem</span> <span class='ocrx_word' id='word_1_217' title='bbox 382 1947 654 1978; x_wconf 76' lang='lat' dir='ltr'>executuruS.</span> <span class='ocrx_word' id='word_1_218' title='bbox 685 1937 749 1990; x_wconf 79' lang='lat' dir='ltr'>(g)</span> <span class='ocrx_word' id='word_1_219' title='bbox 774 1938 868 1979; x_wconf 91' lang='lat' dir='ltr'>Hoc</span> <span class='ocrx_word' id='word_1_220' title='bbox 892 1935 1018 1980; x_wconf 81' lang='lat' dir='ltr'>etiam</span> <span class='ocrx_word' id='word_1_221' title='bbox 1045 1936 1081 1979; x_wconf 91' lang='lat' dir='ltr'>ei</span> <span class='ocrx_word' id='word_1_222' title='bbox 1104 1951 1196 1991; x_wconf 91' lang='lat' dir='ltr'>per-</span> 
     </span>
     <span class='ocr_line' id='line_1_34' title="bbox 158 1991 1193 2049; baseline 0.002 -14"><span class='ocrx_word' id='word_1_223' title='bbox 158 1992 345 2037; x_wconf 85' lang='lat' dir='ltr'>mittitur</span> <span class='ocrx_word' id='word_1_224' title='bbox 365 2024 378 2045; x_wconf 81' lang='lat'>,</span> <span class='ocrx_word' id='word_1_225' title='bbox 409 2005 454 2035; x_wconf 93' lang='lat' dir='ltr'>ut</span> <span class='ocrx_word' id='word_1_226' title='bbox 479 1991 733 2046; x_wconf 83' lang='lat' dir='ltr'>adulterum,</span> <span class='ocrx_word' id='word_1_227' title='bbox 763 2008 887 2049; x_wconf 89' lang='lat' dir='ltr'>quern</span> <span class='ocrx_word' id='word_1_228' title='bbox 922 1993 1102 2038; x_wconf 88' lang='lat' dir='ltr'>occidere</span> <span class='ocrx_word' id='word_1_229' title='bbox 1125 2009 1193 2037; x_wconf 90' lang='lat' dir='ltr'>ve-</span> 
     </span>
     <span class='ocr_line' id='line_1_35' title="bbox 163 2049 1190 2105; baseline 0.003 -14"><span class='ocrx_word' id='word_1_230' title='bbox 163 2061 299 2103; x_wconf 85' lang='lat' dir='ltr'>tetur,</span> <span class='ocrx_word' id='word_1_231' title='bbox 325 2049 477 2105; x_wconf 85' lang='lat' dir='ltr'>viginti</span> <span class='ocrx_word' id='word_1_232' title='bbox 503 2049 720 2093; x_wconf 87' lang='lat' dir='ltr'>continuas</span> <span class='ocrx_word' id='word_1_233' title='bbox 747 2050 853 2103; x_wconf 85' lang='lat' dir='ltr'>diei,</span> <span class='ocrx_word' id='word_1_234' title='bbox 877 2050 942 2093; x_wconf 88' lang='lat' dir='ltr'>vel</span> <span class='ocrx_word' id='word_1_235' title='bbox 968 2050 1099 2093; x_wconf 65' lang='lat' dir='ltr'>nostis</span> <span class='ocrx_word' id='word_1_236' title='bbox 1118 2050 1190 2094; x_wconf 90' lang='lat' dir='ltr'>ho-</span> 
     </span>
     <span class='ocr_line' id='line_1_36' title="bbox 164 2106 1190 2162; baseline 0.002 -13"><span class='ocrx_word' id='word_1_237' title='bbox 164 2122 224 2149; x_wconf 76' lang='lat' dir='ltr'>ras</span> <span class='ocrx_word' id='word_1_238' title='bbox 261 2106 373 2149; x_wconf 87' lang='lat' dir='ltr'>domi</span> <span class='ocrx_word' id='word_1_239' title='bbox 411 2122 594 2150; x_wconf 87' lang='lat' dir='ltr'>coercere</span> <span class='ocrx_word' id='word_1_240' title='bbox 630 2107 786 2161; x_wconf 88' lang='lat' dir='ltr'>liceat,</span> <span class='ocrx_word' id='word_1_241' title='bbox 827 2108 924 2150; x_wconf 91' lang='lat' dir='ltr'>dum</span> <span class='ocrx_word' id='word_1_242' title='bbox 958 2107 1190 2162; x_wconf 77' lang='lat' dir='ltr'>deprehensi</span> 
     </span>
     <span class='ocr_line' id='line_1_37' title="bbox 160 2164 1190 2222; baseline 0.003 -16"><span class='ocrx_word' id='word_1_243' title='bbox 160 2164 348 2206; x_wconf 87' lang='lat' dir='ltr'>criminis</span> <span class='ocrx_word' id='word_1_244' title='bbox 390 2164 503 2207; x_wconf 81' lang='lat' dir='ltr'>testes</span> <span class='ocrx_word' id='word_1_245' title='bbox 525 2165 720 2217; x_wconf 84' lang='lat' dir='ltr'>advocet,</span> <span class='ocrx_word' id='word_1_246' title='bbox 754 2180 928 2220; x_wconf 87' lang='lat' dir='ltr'>quorum</span> <span class='ocrx_word' id='word_1_247' title='bbox 952 2165 1027 2208; x_wconf 82' lang='lat' dir='ltr'>fide</span> <span class='ocrx_word' id='word_1_248' title='bbox 1050 2181 1190 2222; x_wconf 86' lang='lat' dir='ltr'>accep-</span> 
     </span>
     <span class='ocr_line' id='line_1_38' title="bbox 161 2219 1190 2277; baseline 0.004 -15"><span class='ocrx_word' id='word_1_249' title='bbox 161 2232 248 2264; x_wconf 82' lang='lat' dir='ltr'>tam</span> <span class='ocrx_word' id='word_1_250' title='bbox 282 2219 473 2272; x_wconf 82' lang='lat' dir='ltr'>injuriam</span> <span class='ocrx_word' id='word_1_251' title='bbox 511 2221 554 2264; x_wconf 86' lang='lat' dir='ltr'>in</span> <span class='ocrx_word' id='word_1_252' title='bbox 579 2220 727 2272; x_wconf 80' lang='lat' dir='ltr'>judicio</span> <span class='ocrx_word' id='word_1_253' title='bbox 751 2221 1023 2277; x_wconf 85' lang='lat' dir='ltr'>comprobet:</span> <span class='ocrx_word' id='word_1_254' title='bbox 1068 2238 1190 2277; x_wconf 82' lang='lat' dir='ltr'>quam</span> 
     </span>
     <span class='ocr_line' id='line_1_39' title="bbox 157 2277 1191 2334; baseline 0.004 -15"><span class='ocrx_word' id='word_1_255' title='bbox 157 2277 395 2321; x_wconf 77' lang='lat' dir='ltr'>facultatem</span> <span class='ocrx_word' id='word_1_256' title='bbox 419 2310 430 2330; x_wconf 90' lang='lat'>‚</span> <span class='ocrx_word' id='word_1_257' title='bbox 472 2278 513 2321; x_wconf 70' lang='grc' dir='ltr'>ὃς</span> <span class='ocrx_word' id='word_1_258' title='bbox 566 2279 613 2320; x_wconf 87' lang='lat' dir='ltr'>ad</span> <span class='ocrx_word' id='word_1_259' title='bbox 646 2290 802 2334; x_wconf 85' lang='lat' dir='ltr'>partem</span> <span class='ocrx_word' id='word_1_260' title='bbox 846 2279 973 2323; x_wconf 87' lang='lat' dir='ltr'>etiam</span> <span class='ocrx_word' id='word_1_261' title='bbox 1003 2279 1191 2323; x_wconf 79' lang='lat' dir='ltr'>adulterae</span> 
     </span>
     <span class='ocr_line' id='line_1_40' title="bbox 160 2334 1190 2389; baseline 0.005 -13"><span class='ocrx_word' id='word_1_262' title='bbox 160 2334 355 2389; x_wconf 82' lang='lat' dir='ltr'>sapientes</span> <span class='ocrx_word' id='word_1_263' title='bbox 382 2335 682 2378; x_wconf 77' lang='lat' dir='ltr'>extenderunt.</span> <span class='ocrx_word' id='word_1_264' title='bbox 715 2337 779 2388; x_wconf 76' lang='lat' dir='ltr'>(h)</span> <span class='ocrx_word' id='word_1_265' title='bbox 822 2336 976 2380; x_wconf 88' lang='lat' dir='ltr'>Prodiit</span> <span class='ocrx_word' id='word_1_266' title='bbox 1010 2338 1059 2379; x_wconf 85' lang='lat' dir='ltr'>ad</span> <span class='ocrx_word' id='word_1_267' title='bbox 1083 2337 1190 2381; x_wconf 87' lang='lat' dir='ltr'>hanc</span> 
     </span>
     <span class='ocr_line' id='line_1_41' title="bbox 160 2390 1191 2450; baseline 0.005 -17"><span class='ocrx_word' id='word_1_268' title='bbox 160 2390 292 2446; x_wconf 80' lang='lat' dir='ltr'>legem</span> <span class='ocrx_word' id='word_1_269' title='bbox 334 2393 373 2434; x_wconf 87' lang='lat' dir='ltr'>S.</span> <span class='ocrx_word' id='word_1_270' title='bbox 405 2393 460 2434; x_wconf 87' lang='lat' dir='ltr'>C.</span> <span class='ocrx_word' id='word_1_271' title='bbox 490 2408 512 2435; x_wconf 87' lang='lat' dir='ltr'>a</span> <span class='ocrx_word' id='word_1_272' title='bbox 542 2391 721 2436; x_wconf 69' lang='lat' dir='ltr'>Scaevola</span> <span class='ocrx_word' id='word_1_273' title='bbox 772 2392 946 2437; x_wconf 83' lang='lat' dir='ltr'>relatum</span> <span class='ocrx_word' id='word_1_274' title='bbox 979 2425 991 2447; x_wconf 90' lang='lat'>,</span> <span class='ocrx_word' id='word_1_275' title='bbox 1039 2410 1120 2450; x_wconf 85' lang='lat' dir='ltr'>quo</span> <span class='ocrx_word' id='word_1_276' title='bbox 1151 2412 1191 2438; x_wconf 81' lang='lat' dir='ltr'>a·</span> 
     </span>
     <span class='ocr_line' id='line_1_42' title="bbox 158 2447 1190 2503; baseline 0.006 -13"><span class='ocrx_word' id='word_1_277' title='bbox 158 2447 320 2491; x_wconf 77' lang='lat' dir='ltr'>dulterii</span> <span class='ocrx_word' id='word_1_278' title='bbox 363 2463 485 2503; x_wconf 83' lang='lat' dir='ltr'>poena</span> <span class='ocrx_word' id='word_1_279' title='bbox 528 2448 718 2503; x_wconf 63' lang='lat' dir='ltr'>pleS’citur</span> <span class='ocrx_word' id='word_1_280' title='bbox 758 2451 776 2503; x_wconf 85' lang='lat'>(</span> <span class='ocrx_word' id='word_1_281' title='bbox 812 2452 828 2491; x_wconf 84' lang='lat' dir='ltr'><em>i</em></span> <span class='ocrx_word' id='word_1_282' title='bbox 863 2452 880 2501; x_wconf 89' lang='lat'><em>)</em></span> <span class='ocrx_word' id='word_1_283' title='bbox 929 2450 1047 2493; x_wconf 78' lang='lat' dir='ltr'>simul</span> <span class='ocrx_word' id='word_1_284' title='bbox 1096 2468 1190 2496; x_wconf 86' lang='lat' dir='ltr'>cum</span> 
     </span>
     <span class='ocr_line' id='line_1_43' title="bbox 159 2504 1188 2563; baseline 0.005 -16"><span class='ocrx_word' id='word_1_285' title='bbox 159 2519 285 2548; x_wconf 67' lang='lat' dir='ltr'>uxore</span> <span class='ocrx_word' id='word_1_286' title='bbox 333 2504 377 2547; x_wconf 89' lang='lat' dir='ltr'>in</span> <span class='ocrx_word' id='word_1_287' title='bbox 425 2504 572 2548; x_wconf 87' lang='lat' dir='ltr'>scelere</span> <span class='ocrx_word' id='word_1_288' title='bbox 619 2505 863 2561; x_wconf 87' lang='lat' dir='ltr'>deprehensa</span> <span class='ocrx_word' id='word_1_289' title='bbox 907 2507 1079 2550; x_wconf 85' lang='lat' dir='ltr'>maritus</span> <span class='ocrx_word' id='word_1_290' title='bbox 1120 2510 1151 2552; x_wconf 90' lang='lat' dir='ltr'>is</span> <span class='ocrx_word' id='word_1_291' title='bbox 1176 2541 1188 2563; x_wconf 91' lang='lat'>,</span> 
     </span>
    </p>
   </div>
   <div class='ocr_carea' id='block_1_3' title="bbox 158 2560 1217 2616">
    <p class='ocr_par' dir='ltr' id='par_1_3' title="bbox 158 2560 1217 2616">
     <span class='ocr_line' id='line_1_44' title="bbox 158 2560 1217 2616; baseline 0.006 -13"><span class='ocrx_word' id='word_1_292' title='bbox 158 2561 228 2616; x_wconf 85' lang='lat' dir='ltr'>qui</span> <span class='ocrx_word' id='word_1_293' title='bbox 272 2560 379 2604; x_wconf 89' lang='lat' dir='ltr'>clam</span> <span class='ocrx_word' id='word_1_294' title='bbox 401 2593 414 2614; x_wconf 88' lang='lat'>‚</span> <span class='ocrx_word' id='word_1_295' title='bbox 457 2562 501 2604; x_wconf 70' lang='grc' dir='ltr'>δε</span> <span class='ocrx_word' id='word_1_296' title='bbox 532 2561 674 2606; x_wconf 86' lang='lat' dir='ltr'>callide</span> <span class='ocrx_word' id='word_1_297' title='bbox 716 2563 946 2606; x_wconf 88' lang='lat' dir='ltr'>adulterum</span> <span class='ocrx_word' id='word_1_298' title='bbox 978 2565 1093 2608; x_wconf 86' lang='lat' dir='ltr'>uxori</span> <span class='ocrx_word' id='word_1_299' title='bbox 1128 2566 1186 2609; x_wconf 89' lang='lat' dir='ltr'>su-</span> <span class='ocrx_word' id='word_1_300' title='bbox 1214 2593 1217 2596; x_wconf 60' lang='lat'><strong>&gt;</strong></span> 
     </span>
    </p>
   </div>
   <div class='ocr_carea' id='block_1_4' title="bbox 159 2618 1186 2729">
    <p class='ocr_par' dir='ltr' id='par_1_4' title="bbox 159 2618 1186 2729">
     <span class='ocr_line' id='line_1_45' title="bbox 159 2618 1186 2671; baseline 0.007 -11"><span class='ocrx_word' id='word_1_301' title='bbox 159 2618 309 2662; x_wconf 89' lang='lat' dir='ltr'>bccerit</span> <span class='ocrx_word' id='word_1_302' title='bbox 339 2651 351 2671; x_wconf 86' lang='lat'>,</span> <span class='ocrx_word' id='word_1_303' title='bbox 393 2630 438 2661; x_wconf 89' lang='lat' dir='ltr'>ut</span> <span class='ocrx_word' id='word_1_304' title='bbox 479 2634 571 2662; x_wconf 87' lang='lat' dir='ltr'>eam</span> <span class='ocrx_word' id='word_1_305' title='bbox 620 2621 663 2662; x_wconf 89' lang='lat' dir='ltr'>in</span> <span class='ocrx_word' id='word_1_306' title='bbox 705 2619 890 2664; x_wconf 89' lang='lat' dir='ltr'>fraudem</span> <span class='ocrx_word' id='word_1_307' title='bbox 937 2621 980 2664; x_wconf 87' lang='lat'>&amp;</span> <span class='ocrx_word' id='word_1_308' title='bbox 1029 2623 1186 2668; x_wconf 87' lang='lat' dir='ltr'>crimen</span> 
     </span>
     <span class='ocr_line' id='line_1_46' title="bbox 266 2676 827 2729; baseline 0.004 -12"><span class='ocrx_word' id='word_1_309' title='bbox 266 2677 295 2729; x_wconf 87' lang='lat' dir='ltr'><em>J</em></span> <span class='ocrx_word' id='word_1_310' title='bbox 298 2676 368 2718; x_wconf 82' lang='lat' dir='ltr'>ani</span> <span class='ocrx_word' id='word_1_311' title='bbox 398 2677 589 2719; x_wconf 78' lang='lat' dir='ltr'>Gravinae</span> <span class='ocrx_word' id='word_1_312' title='bbox 612 2708 622 2718; x_wconf 88' lang='lat'><strong>.</strong></span> <span class='ocrx_word' id='word_1_313' title='bbox 654 2679 769 2719; x_wconf 84' lang='lat' dir='ltr'>Tom.</span> <span class='ocrx_word' id='word_1_314' title='bbox 795 2680 827 2720; x_wconf 90' lang='grc' dir='ltr'>Ι.</span> 
     </span>
    </p>
   </div>
   <div class='ocr_carea' id='block_1_5' title="bbox 1237 114 2300 2732">
    <p class='ocr_par' dir='ltr' id='par_1_5' title="bbox 1237 114 2300 2686">
     <span class='ocr_line' id='line_1_47' title="bbox 2193 114 2300 170; baseline 0.028 -3"><span class='ocrx_word' id='word_1_315' title='bbox 2193 114 2300 170; x_wconf 85' lang='lat'>313</span> 
     </span>
     <span class='ocr_line' id='line_1_48' title="bbox 1252 163 2293 230; baseline 0.011 -23"><span class='ocrx_word' id='word_1_316' title='bbox 1252 163 1486 219; x_wconf 88' lang='lat' dir='ltr'>impelleret</span> <span class='ocrx_word' id='word_1_317' title='bbox 1518 197 1528 208; x_wconf 93' lang='lat'>.</span> <span class='ocrx_word' id='word_1_318' title='bbox 1573 167 1690 210; x_wconf 88' lang='lat' dir='ltr'>Nam</span> <span class='ocrx_word' id='word_1_319' title='bbox 1732 165 1906 222; x_wconf 87' lang='lat' dir='ltr'>quilibet</span> <span class='ocrx_word' id='word_1_320' title='bbox 1950 167 2119 224; x_wconf 83' lang='lat' dir='ltr'>suasor,</span> <span class='ocrx_word' id='word_1_321' title='bbox 2168 184 2293 230; x_wconf 86' lang='lat' dir='ltr'>atque</span> 
     </span>
     <span class='ocr_line' id='line_1_49' title="bbox 1250 222 2292 283; baseline 0.011 -19"><span class='ocrx_word' id='word_1_322' title='bbox 1250 223 1388 265; x_wconf 62' lang='lat' dir='ltr'>auS‘tor</span> <span class='ocrx_word' id='word_1_323' title='bbox 1420 255 1433 276; x_wconf 90' lang='lat'>,</span> <span class='ocrx_word' id='word_1_324' title='bbox 1476 223 1520 266; x_wconf 85' lang='lat'>&amp;</span> <span class='ocrx_word' id='word_1_325' title='bbox 1564 222 1847 268; x_wconf 11' lang='lat' dir='ltr'>machinator?</span> <span class='ocrx_word' id='word_1_326' title='bbox 1869 224 1987 277; x_wconf 81' lang='lat' dir='ltr'>hujus</span> <span class='ocrx_word' id='word_1_327' title='bbox 2031 227 2178 283; x_wconf 81' lang='lat' dir='ltr'>flagitii</span> <span class='ocrx_word' id='word_1_328' title='bbox 2210 231 2292 277; x_wconf 84' lang='lat' dir='ltr'>hac</span> 
     </span>
     <span class='ocr_line' id='line_1_50' title="bbox 1252 279 2286 337; baseline 0.011 -16"><span class='ocrx_word' id='word_1_329' title='bbox 1252 279 1339 335; x_wconf 84' lang='lat' dir='ltr'>lege</span> <span class='ocrx_word' id='word_1_330' title='bbox 1383 280 1751 336; x_wconf 83' lang='lat' dir='ltr'>comprehenditur</span> <span class='ocrx_word' id='word_1_331' title='bbox 1794 298 1861 337; x_wconf 83' lang='lat' dir='ltr'>per</span> <span class='ocrx_word' id='word_1_332' title='bbox 1903 298 1949 326; x_wconf 76' lang='lat' dir='ltr'>ea</span> <span class='ocrx_word' id='word_1_333' title='bbox 1995 287 2159 329; x_wconf 85' lang='lat' dir='ltr'>verba:</span> <span class='ocrx_word' id='word_1_334' title='bbox 2220 290 2286 332; x_wconf 76' lang='lat' dir='ltr'>Ne</span> 
     </span>
     <span class='ocr_line' id='line_1_51' title="bbox 1249 336 2289 395; baseline 0.013 -18"><span class='ocrx_word' id='word_1_335' title='bbox 1249 339 1340 390; x_wconf 70' lang='lat' dir='ltr'>quir</span> <span class='ocrx_word' id='word_1_336' title='bbox 1352 336 1510 392; x_wconf 72' lang='lat' dir='ltr'>posthac</span> <span class='ocrx_word' id='word_1_337' title='bbox 1524 337 1705 394; x_wconf 71' lang='lat' dir='ltr'>stuprum</span> <span class='ocrx_word' id='word_1_338' title='bbox 1720 372 1731 392; x_wconf 87' lang='lat'>,</span> <span class='ocrx_word' id='word_1_339' title='bbox 1758 341 1998 384; x_wconf 54' lang='lat' dir='ltr'>adulterium</span> <span class='ocrx_word' id='word_1_340' title='bbox 2012 338 2137 393; x_wconf 65' lang='lat' dir='ltr'>facito</span> <span class='ocrx_word' id='word_1_341' title='bbox 2156 344 2289 395; x_wconf 52' lang='lat' dir='ltr'>fluens</span> 
     </span>
     <span class='ocr_line' id='line_1_52' title="bbox 1248 395 2289 454; baseline 0.013 -21"><span class='ocrx_word' id='word_1_342' title='bbox 1248 395 1333 434; x_wconf 83' lang='lat' dir='ltr'>dolo</span> <span class='ocrx_word' id='word_1_343' title='bbox 1376 396 1478 436; x_wconf 66' lang='lat' dir='ltr'>malo</span> <span class='ocrx_word' id='word_1_344' title='bbox 1511 427 1522 448; x_wconf 88' lang='lat'>,</span> <span class='ocrx_word' id='word_1_345' title='bbox 1571 397 1639 439; x_wconf 78' lang='lat' dir='ltr'>ubi</span> <span class='ocrx_word' id='word_1_346' title='bbox 1693 398 1824 448; x_wconf 85' lang='lat' dir='ltr'>JCtus</span> <span class='ocrx_word' id='word_1_347' title='bbox 1878 398 2036 449; x_wconf 84' lang='lat' dir='ltr'>subjicit</span> <span class='ocrx_word' id='word_1_348' title='bbox 2068 432 2079 454; x_wconf 86' lang='lat'>‚</span> <span class='ocrx_word' id='word_1_349' title='bbox 2129 400 2185 444; x_wconf 53' lang='grc' dir='ltr'>(δ’</span> <span class='ocrx_word' id='word_1_350' title='bbox 2232 406 2289 447; x_wconf 62' lang='grc' dir='ltr'>αίῦ</span> 
     </span>
     <span class='ocr_line' id='line_1_53' title="bbox 1247 452 2286 515; baseline 0.012 -24"><span class='ocrx_word' id='word_1_351' title='bbox 1247 466 1333 492; x_wconf 77' lang='lat' dir='ltr'>eum</span> <span class='ocrx_word' id='word_1_352' title='bbox 1353 482 1364 503; x_wconf 88' lang='lat'>,</span> <span class='ocrx_word' id='word_1_353' title='bbox 1413 452 1485 506; x_wconf 69' lang='lat' dir='ltr'>qui</span> <span class='ocrx_word' id='word_1_354' title='bbox 1511 452 1661 506; x_wconf 71' lang='lat' dir='ltr'>suafit,</span> <span class='ocrx_word' id='word_1_355' title='bbox 1695 454 1750 497; x_wconf 68' lang='lat'>&amp;¹</span> <span class='ocrx_word' id='word_1_356' title='bbox 1779 456 1834 497; x_wconf 81' lang='lat' dir='ltr'>ad</span> <span class='ocrx_word' id='word_1_357' title='bbox 1863 472 1948 499; x_wconf 76' lang='lat' dir='ltr'>eum</span> <span class='ocrx_word' id='word_1_358' title='bbox 1981 457 2054 512; x_wconf 78' lang='lat' dir='ltr'>qui</span> <span class='ocrx_word' id='word_1_359' title='bbox 2075 456 2286 515; x_wconf 69' lang='lat' dir='ltr'>stuprum,</span> 
     </span>
     <span class='ocr_line' id='line_1_54' title="bbox 1248 505 2285 567; baseline 0.012 -17"><span class='ocrx_word' id='word_1_360' title='bbox 1248 505 1303 550; x_wconf 55' lang='grc' dir='ltr'><em>Θ</em></span> <span class='ocrx_word' id='word_1_361' title='bbox 1332 508 1574 552; x_wconf 77' lang='lat' dir='ltr'>adulterium</span> <span class='ocrx_word' id='word_1_362' title='bbox 1605 511 1770 564; x_wconf 75' lang='lat' dir='ltr'>intulit,</span> <span class='ocrx_word' id='word_1_363' title='bbox 1797 515 1996 567; x_wconf 74' lang='lat' dir='ltr'>pertinent</span> <span class='ocrx_word' id='word_1_364' title='bbox 2021 546 2030 556; x_wconf 93' lang='lat'>.</span> <span class='ocrx_word' id='word_1_365' title='bbox 2063 517 2127 567; x_wconf 69' lang='lat' dir='ltr'>(k</span> <span class='ocrx_word' id='word_1_366' title='bbox 2156 518 2172 567; x_wconf 94' lang='lat'><em>)</em></span> <span class='ocrx_word' id='word_1_367' title='bbox 2200 519 2285 562; x_wconf 70' lang='lat' dir='ltr'>Ex&lt;</span> 
     </span>
     <span class='ocr_line' id='line_1_55' title="bbox 1248 564 2284 627; baseline 0.013 -21"><span class='ocrx_word' id='word_1_368' title='bbox 1248 564 1345 607; x_wconf 89' lang='lat' dir='ltr'>cidit</span> <span class='ocrx_word' id='word_1_369' title='bbox 1376 579 1515 609; x_wconf 88' lang='lat' dir='ltr'>autem</span> <span class='ocrx_word' id='word_1_370' title='bbox 1547 569 1723 611; x_wconf 88' lang='lat' dir='ltr'>omnino</span> <span class='ocrx_word' id='word_1_371' title='bbox 1755 571 1926 613; x_wconf 83' lang='lat' dir='ltr'>maritus</span> <span class='ocrx_word' id='word_1_372' title='bbox 1958 571 2205 627; x_wconf 86' lang='lat' dir='ltr'>inposterum</span> <span class='ocrx_word' id='word_1_373' title='bbox 2233 577 2284 619; x_wconf 86' lang='lat' dir='ltr'>ab</span> 
     </span>
     <span class='ocr_line' id='line_1_56' title="bbox 1246 621 2285 678; baseline 0.013 -15"><span class='ocrx_word' id='word_1_374' title='bbox 1246 621 1456 666; x_wconf 85' lang='lat' dir='ltr'>accusandi</span> <span class='ocrx_word' id='word_1_375' title='bbox 1499 623 1584 674; x_wconf 81' lang='lat' dir='ltr'>jure</span> <span class='ocrx_word' id='word_1_376' title='bbox 1608 656 1618 676; x_wconf 91' lang='lat'>‚</span> <span class='ocrx_word' id='word_1_377' title='bbox 1653 625 1678 667; x_wconf 87' lang='lat' dir='ltr'>si</span> <span class='ocrx_word' id='word_1_378' title='bbox 1710 626 1890 671; x_wconf 83' lang='lat' dir='ltr'>delatum</span> <span class='ocrx_word' id='word_1_379' title='bbox 1934 629 2164 676; x_wconf 86' lang='lat' dir='ltr'>adulterum</span> <span class='ocrx_word' id='word_1_380' title='bbox 2199 649 2285 678; x_wconf 79' lang='lat' dir='ltr'>non</span> 
     </span>
     <span class='ocr_line' id='line_1_57' title="bbox 1249 679 2286 743; baseline 0.014 -23"><span class='ocrx_word' id='word_1_381' title='bbox 1249 679 1487 743; x_wconf 37' lang='lat' dir='ltr'>peregisse-t.</span> <span class='ocrx_word' id='word_1_382' title='bbox 1533 682 1652 735; x_wconf 77' lang='lat' dir='ltr'>Quod</span> <span class='ocrx_word' id='word_1_383' title='bbox 1695 696 1814 739; x_wconf 79' lang='lat' dir='ltr'>caput</span> <span class='ocrx_word' id='word_1_384' title='bbox 1866 688 2180 732; x_wconf 78' lang='lat' dir='ltr'>Hottomannus</span> <span class='ocrx_word' id='word_1_385' title='bbox 2213 693 2286 736; x_wconf 76' lang='lat' dir='ltr'>tri-</span> 
     </span>
     <span class='ocr_line' id='line_1_58' title="bbox 1249 737 2281 795; baseline 0.016 -19"><span class='ocrx_word' id='word_1_386' title='bbox 1249 737 1334 778; x_wconf 82' lang='lat' dir='ltr'>buit</span> <span class='ocrx_word' id='word_1_387' title='bbox 1366 743 1459 795; x_wconf 33' lang='lat' dir='ltr'>legi·</span> <span class='ocrx_word' id='word_1_388' title='bbox 1480 738 1677 781; x_wconf 77' lang='lat' dir='ltr'>Petroniae</span> <span class='ocrx_word' id='word_1_389' title='bbox 1709 771 1719 782; x_wconf 84' lang='lat'><strong>.</strong></span> <span class='ocrx_word' id='word_1_390' title='bbox 1766 743 1924 785; x_wconf 70' lang='lat' dir='ltr'>Verum</span> <span class='ocrx_word' id='word_1_391' title='bbox 1978 759 2027 787; x_wconf 91' lang='lat' dir='ltr'>ne</span> <span class='ocrx_word' id='word_1_392' title='bbox 2059 749 2281 793; x_wconf 82' lang='lat' dir='ltr'>concordes</span> 
     </span>
     <span class='ocr_line' id='line_1_59' title="bbox 1249 794 2282 858; baseline 0.016 -24"><span class='ocrx_word' id='word_1_393' title='bbox 1249 794 1398 846; x_wconf 84' lang='lat' dir='ltr'>nuptiae</span> <span class='ocrx_word' id='word_1_394' title='bbox 1452 797 1494 836; x_wconf 85' lang='lat' dir='ltr'>in</span> <span class='ocrx_word' id='word_1_395' title='bbox 1540 809 1733 858; x_wconf 85' lang='lat' dir='ltr'>perpetuo</span> <span class='ocrx_word' id='word_1_396' title='bbox 1787 798 2021 844; x_wconf 70' lang='lat' dir='ltr'>discrimine</span> <span class='ocrx_word' id='word_1_397' title='bbox 2072 805 2282 850; x_wconf 74' lang='lat' dir='ltr'>versaren-</span> 
     </span>
     <span class='ocr_line' id='line_1_60' title="bbox 1247 857 2283 910; baseline 0.014 -17"><span class='ocrx_word' id='word_1_398' title='bbox 1247 862 1312 893; x_wconf 89' lang='lat' dir='ltr'>tur</span> <span class='ocrx_word' id='word_1_399' title='bbox 1343 883 1354 903; x_wconf 90' lang='lat'>,</span> <span class='ocrx_word' id='word_1_400' title='bbox 1401 865 1502 894; x_wconf 90' lang='lat' dir='ltr'>neve</span> <span class='ocrx_word' id='word_1_401' title='bbox 1534 868 1724 908; x_wconf 65' lang='lat' dir='ltr'>conjuges</span> <span class='ocrx_word' id='word_1_402' title='bbox 1757 868 1941 910; x_wconf 84' lang='lat' dir='ltr'>paterent</span> <span class='ocrx_word' id='word_1_403' title='bbox 1985 857 2179 905; x_wconf 82' lang='lat' dir='ltr'>livoribus</span> <span class='ocrx_word' id='word_1_404' title='bbox 2210 880 2283 908; x_wconf 71' lang='lat' dir='ltr'>ex-</span> 
     </span>
     <span class='ocr_line' id='line_1_61' title="bbox 1247 910 2281 971; baseline 0.015 -23"><span class='ocrx_word' id='word_1_405' title='bbox 1247 920 1480 971; x_wconf 69' lang='lat' dir='ltr'>traneorum</span> <span class='ocrx_word' id='word_1_406' title='bbox 1505 941 1516 962; x_wconf 89' lang='lat'>‚</span> <span class='ocrx_word' id='word_1_407' title='bbox 1550 910 1619 965; x_wconf 87' lang='lat' dir='ltr'>qui</span> <span class='ocrx_word' id='word_1_408' title='bbox 1651 912 1698 953; x_wconf 90' lang='lat' dir='ltr'>ad</span> <span class='ocrx_word' id='word_1_409' title='bbox 1729 913 1996 958; x_wconf 85' lang='lat' dir='ltr'>accusandum</span> <span class='ocrx_word' id='word_1_410' title='bbox 2019 947 2030 967; x_wconf 83' lang='lat'>‚</span> <span class='ocrx_word' id='word_1_411' title='bbox 2075 933 2158 960; x_wconf 83' lang='lat' dir='ltr'>non</span> <span class='ocrx_word' id='word_1_412' title='bbox 2202 921 2281 965; x_wconf 82' lang='lat' dir='ltr'>stu·-</span> 
     </span>
     <span class='ocr_line' id='line_1_62' title="bbox 1245 964 2281 1031; baseline 0.016 -26"><span class='ocrx_word' id='word_1_413' title='bbox 1245 964 1311 1006; x_wconf 84' lang='lat' dir='ltr'>dio</span> <span class='ocrx_word' id='word_1_414' title='bbox 1359 964 1502 1008; x_wconf 80' lang='lat' dir='ltr'>alienae</span> <span class='ocrx_word' id='word_1_415' title='bbox 1552 967 1759 1021; x_wconf 71' lang='lat' dir='ltr'>pudicitiae</span> <span class='ocrx_word' id='word_1_416' title='bbox 1784 1002 1796 1022; x_wconf 86' lang='lat'>,</span> <span class='ocrx_word' id='word_1_417' title='bbox 1848 971 1908 1014; x_wconf 87' lang='lat' dir='ltr'>sed</span> <span class='ocrx_word' id='word_1_418' title='bbox 1941 971 2108 1017; x_wconf 84' lang='lat' dir='ltr'>vulnere</span> <span class='ocrx_word' id='word_1_419' title='bbox 2142 975 2281 1031; x_wconf 71' lang='lat' dir='ltr'>saepius</span> 
     </span>
     <span class='ocr_line' id='line_1_63' title="bbox 1243 1024 2281 1088; baseline 0.015 -26"><span class='ocrx_word' id='word_1_420' title='bbox 1243 1033 1418 1085; x_wconf 76' lang='lat' dir='ltr'>acceptae</span> <span class='ocrx_word' id='word_1_421' title='bbox 1471 1039 1493 1065; x_wconf 92' lang='lat' dir='ltr'>a</span> <span class='ocrx_word' id='word_1_422' title='bbox 1541 1024 1713 1069; x_wconf 89' lang='lat' dir='ltr'>muliere</span> <span class='ocrx_word' id='word_1_423' title='bbox 1766 1027 1929 1081; x_wconf 60' lang='lat' dir='ltr'>repulsae</span> <span class='ocrx_word' id='word_1_424' title='bbox 1975 1031 2281 1088; x_wconf 79' lang='lat' dir='ltr'>adducuntur3</span> 
     </span>
     <span class='ocr_line' id='line_1_64' title="bbox 1244 1080 2280 1142; baseline 0.015 -23"><span class='ocrx_word' id='word_1_425' title='bbox 1244 1090 1392 1142; x_wconf 74' lang='lat' dir='ltr'>eripuit</span> <span class='ocrx_word' id='word_1_426' title='bbox 1442 1080 1737 1126; x_wconf 87' lang='lat' dir='ltr'>Constantinus</span> <span class='ocrx_word' id='word_1_427' title='bbox 1777 1086 1980 1129; x_wconf 81' lang='lat' dir='ltr'>extraneis</span> <span class='ocrx_word' id='word_1_428' title='bbox 2021 1088 2146 1133; x_wconf 87' lang='lat' dir='ltr'>alieni</span> <span class='ocrx_word' id='word_1_429' title='bbox 2181 1091 2280 1135; x_wconf 89' lang='lat' dir='ltr'>tho-</span> 
     </span>
     <span class='ocr_line' id='line_1_65' title="bbox 1246 1136 2285 1201; baseline 0.016 -25"><span class='ocrx_word' id='word_1_430' title='bbox 1246 1150 1283 1198; x_wconf 42' lang='lat' dir='ltr'>ri·</span> <span class='ocrx_word' id='word_1_431' title='bbox 1321 1136 1531 1180; x_wconf 87' lang='lat' dir='ltr'>accusandi</span> <span class='ocrx_word' id='word_1_432' title='bbox 1580 1138 1852 1196; x_wconf 86' lang='lat' dir='ltr'>facultatem,</span> <span class='ocrx_word' id='word_1_433' title='bbox 1901 1159 2072 1201; x_wconf 80' lang='lat' dir='ltr'>eamque</span> <span class='ocrx_word' id='word_1_434' title='bbox 2116 1148 2285 1193; x_wconf 78' lang='lat' dir='ltr'>restrin-</span> 
     </span>
     <span class='ocr_line' id='line_1_66' title="bbox 1244 1193 2278 1259; baseline 0.015 -24"><span class='ocrx_word' id='word_1_435' title='bbox 1244 1204 1305 1235; x_wconf 83' lang='lat' dir='ltr'>xit</span> <span class='ocrx_word' id='word_1_436' title='bbox 1335 1193 1382 1235; x_wconf 90' lang='lat' dir='ltr'>ad</span> <span class='ocrx_word' id='word_1_437' title='bbox 1413 1209 1480 1237; x_wconf 88' lang='lat' dir='ltr'>eos</span> <span class='ocrx_word' id='word_1_438' title='bbox 1513 1226 1525 1248; x_wconf 89' lang='lat'>‚</span> <span class='ocrx_word' id='word_1_439' title='bbox 1569 1212 1668 1252; x_wconf 83' lang='lat' dir='ltr'>quos</span> <span class='ocrx_word' id='word_1_440' title='bbox 1701 1213 1816 1242; x_wconf 89' lang='lat' dir='ltr'>verus</span> <span class='ocrx_word' id='word_1_441' title='bbox 1848 1200 1964 1244; x_wconf 92' lang='lat' dir='ltr'>dolor</span> <span class='ocrx_word' id='word_1_442' title='bbox 2012 1218 2131 1259; x_wconf 85' lang='lat' dir='ltr'>urget</span> <span class='ocrx_word' id='word_1_443' title='bbox 2162 1222 2278 1251; x_wconf 85' lang='lat' dir='ltr'>com-</span> 
     </span>
     <span class='ocr_line' id='line_1_67' title="bbox 1244 1249 2280 1313; baseline 0.016 -23"><span class='ocrx_word' id='word_1_444' title='bbox 1244 1249 1458 1293; x_wconf 75' lang='lat' dir='ltr'>maculatae</span> <span class='ocrx_word' id='word_1_445' title='bbox 1516 1251 1720 1308; x_wconf 70' lang='lat' dir='ltr'>familiae,</span> <span class='ocrx_word' id='word_1_446' title='bbox 1766 1272 1913 1312; x_wconf 85' lang='lat' dir='ltr'>nempe</span> <span class='ocrx_word' id='word_1_447' title='bbox 1960 1274 2100 1313; x_wconf 85' lang='lat' dir='ltr'>praeter</span> <span class='ocrx_word' id='word_1_448' title='bbox 2149 1265 2280 1307; x_wconf 85' lang='lat' dir='ltr'>mari-</span> 
     </span>
     <span class='ocr_line' id='line_1_68' title="bbox 1246 1307 2278 1375; baseline 0.016 -28"><span class='ocrx_word' id='word_1_449' title='bbox 1246 1319 1334 1370; x_wconf 80' lang='lat' dir='ltr'>tum</span> <span class='ocrx_word' id='word_1_450' title='bbox 1376 1307 1420 1349; x_wconf 69' lang='grc' dir='ltr'>δε</span> <span class='ocrx_word' id='word_1_451' title='bbox 1460 1320 1617 1372; x_wconf 74' lang='lat' dir='ltr'>patrem</span> <span class='ocrx_word' id='word_1_452' title='bbox 1656 1342 1669 1363; x_wconf 82' lang='lat'>,</span> <span class='ocrx_word' id='word_1_453' title='bbox 1717 1312 1764 1354; x_wconf 87' lang='lat' dir='ltr'>ad</span> <span class='ocrx_word' id='word_1_454' title='bbox 1819 1315 2053 1360; x_wconf 76' lang='lat' dir='ltr'>necessarios</span> <span class='ocrx_word' id='word_1_455' title='bbox 2094 1318 2137 1361; x_wconf 70' lang='lat' dir='ltr'>Sc</span> <span class='ocrx_word' id='word_1_456' title='bbox 2185 1336 2278 1375; x_wconf 89' lang='lat' dir='ltr'>pro-</span> 
     </span>
     <span class='ocr_line' id='line_1_69' title="bbox 1245 1365 2280 1426; baseline 0.016 -22"><span class='ocrx_word' id='word_1_457' title='bbox 1245 1378 1417 1418; x_wconf 86' lang='lat' dir='ltr'>pinquos</span> <span class='ocrx_word' id='word_1_458' title='bbox 1436 1395 1448 1416; x_wconf 96' lang='lat'>,</span> <span class='ocrx_word' id='word_1_459' title='bbox 1481 1378 1538 1408; x_wconf 83' lang='lat' dir='ltr'>uti</span> <span class='ocrx_word' id='word_1_460' title='bbox 1573 1365 1740 1410; x_wconf 80' lang='lat' dir='ltr'>fratrem</span> <span class='ocrx_word' id='word_1_461' title='bbox 1764 1401 1778 1422; x_wconf 84' lang='lat'>,</span> <span class='ocrx_word' id='word_1_462' title='bbox 1811 1385 2000 1423; x_wconf 85' lang='lat' dir='ltr'>patruum</span> <span class='ocrx_word' id='word_1_463' title='bbox 2028 1406 2044 1426; x_wconf 61' lang='lat'><em>2</em></span> <span class='ocrx_word' id='word_1_464' title='bbox 2070 1375 2114 1417; x_wconf 67' lang='grc' dir='ltr'>ὃς</span> <span class='ocrx_word' id='word_1_465' title='bbox 2145 1391 2280 1421; x_wconf 85' lang='lat' dir='ltr'>avun-</span> 
     </span>
     <span class='ocr_line' id='line_1_70' title="bbox 1244 1419 2280 1483; baseline 0.014 -19"><span class='ocrx_word' id='word_1_466' title='bbox 1244 1419 1427 1483; x_wconf 75' lang='lat' dir='ltr'>culum:</span> <span class='ocrx_word' id='word_1_467' title='bbox 1471 1422 1615 1478; x_wconf 86' lang='lat' dir='ltr'>quibus</span> <span class='ocrx_word' id='word_1_468' title='bbox 1662 1425 1789 1469; x_wconf 83' lang='lat' dir='ltr'>etiam</span> <span class='ocrx_word' id='word_1_469' title='bbox 1844 1444 1913 1483; x_wconf 86' lang='lat' dir='ltr'>per</span> <span class='ocrx_word' id='word_1_470' title='bbox 1954 1431 2280 1479; x_wconf 77' lang='lat' dir='ltr'>Constantinum</span> 
     </span>
     <span class='ocr_line' id='line_1_71' title="bbox 1244 1477 2280 1542; baseline 0.015 -23"><span class='ocrx_word' id='word_1_471' title='bbox 1244 1477 1372 1540; x_wconf 75' lang='lat' dir='ltr'>licet,</span> <span class='ocrx_word' id='word_1_472' title='bbox 1416 1479 1465 1521; x_wconf 86' lang='lat' dir='ltr'>ab</span> <span class='ocrx_word' id='word_1_473' title='bbox 1507 1480 1761 1526; x_wconf 85' lang='lat' dir='ltr'>accusatione</span> <span class='ocrx_word' id='word_1_474' title='bbox 1794 1486 2014 1530; x_wconf 87' lang='lat' dir='ltr'>recedendo</span> <span class='ocrx_word' id='word_1_475' title='bbox 2041 1519 2053 1542; x_wconf 87' lang='lat'>,</span> <span class='ocrx_word' id='word_1_476' title='bbox 2097 1488 2280 1536; x_wconf 85' lang='lat' dir='ltr'>delatum</span> 
     </span>
     <span class='ocr_line' id='line_1_72' title="bbox 1244 1536 2278 1604; baseline 0.015 -28"><span class='ocrx_word' id='word_1_477' title='bbox 1244 1549 1402 1598; x_wconf 82' lang='lat' dir='ltr'>crimen</span> <span class='ocrx_word' id='word_1_478' title='bbox 1450 1536 1610 1581; x_wconf 87' lang='lat' dir='ltr'>abolere</span> <span class='ocrx_word' id='word_1_479' title='bbox 1647 1555 1657 1580; x_wconf 72' lang='grc' dir='ltr'><strong><em>ε</em></strong></span> <span class='ocrx_word' id='word_1_480' title='bbox 1701 1541 1811 1592; x_wconf 86' lang='lat' dir='ltr'>(l)</span> <span class='ocrx_word' id='word_1_481' title='bbox 1860 1558 1958 1587; x_wconf 87' lang='lat' dir='ltr'>nam</span> <span class='ocrx_word' id='word_1_482' title='bbox 2008 1560 2137 1601; x_wconf 88' lang='lat' dir='ltr'>neque</span> <span class='ocrx_word' id='word_1_483' title='bbox 2190 1548 2278 1604; x_wconf 83' lang='lat' dir='ltr'>lege</span> 
     </span>
     <span class='ocr_line' id='line_1_73' title="bbox 1245 1591 2279 1649; baseline 0.016 -16"><span class='ocrx_word' id='word_1_484' title='bbox 1245 1591 1351 1643; x_wconf 85' lang='lat' dir='ltr'>Julia</span> <span class='ocrx_word' id='word_1_485' title='bbox 1382 1593 1587 1637; x_wconf 86' lang='lat' dir='ltr'>extraneis</span> <span class='ocrx_word' id='word_1_486' title='bbox 1617 1596 1828 1640; x_wconf 85' lang='lat' dir='ltr'>accusandi</span> <span class='ocrx_word' id='word_1_487' title='bbox 1872 1599 2041 1645; x_wconf 87' lang='lat' dir='ltr'>facultas</span> <span class='ocrx_word' id='word_1_488' title='bbox 2074 1602 2154 1647; x_wconf 86' lang='lat' dir='ltr'>sine</span> <span class='ocrx_word' id='word_1_489' title='bbox 2187 1621 2279 1649; x_wconf 89' lang='lat' dir='ltr'>mo-</span> 
     </span>
     <span class='ocr_line' id='line_1_74' title="bbox 1245 1648 2279 1713; baseline 0.015 -23"><span class='ocrx_word' id='word_1_490' title='bbox 1245 1650 1295 1691; x_wconf 87' lang='lat' dir='ltr'>do</span> <span class='ocrx_word' id='word_1_491' title='bbox 1329 1648 1613 1713; x_wconf 34' lang='lat' dir='ltr'>ullo—dabatur</span> <span class='ocrx_word' id='word_1_492' title='bbox 1639 1668 1651 1706; x_wconf 81' lang='lat'>3</span> <span class='ocrx_word' id='word_1_493' title='bbox 1684 1653 1744 1696; x_wconf 89' lang='lat' dir='ltr'>sed</span> <span class='ocrx_word' id='word_1_494' title='bbox 1776 1656 1991 1703; x_wconf 52' lang='lat' dir='ltr'>arctiorem</span> <span class='ocrx_word' id='word_1_495' title='bbox 2035 1659 2239 1705; x_wconf 87' lang='lat' dir='ltr'>habebant</span> <span class='ocrx_word' id='word_1_496' title='bbox 2262 1678 2279 1706; x_wconf 65' lang='grc' dir='ltr'><strong><em>τ</em></strong></span> 
     </span>
     <span class='ocr_line' id='line_1_75' title="bbox 1245 1709 2278 1768; baseline 0.016 -21"><span class='ocrx_word' id='word_1_497' title='bbox 1245 1721 1330 1768; x_wconf 80' lang='lat' dir='ltr'>non</span> <span class='ocrx_word' id='word_1_498' title='bbox 1372 1721 1485 1750; x_wconf 86' lang='lat' dir='ltr'>enim</span> <span class='ocrx_word' id='word_1_499' title='bbox 1528 1709 1584 1751; x_wconf 87' lang='lat' dir='ltr'>eis</span> <span class='ocrx_word' id='word_1_500' title='bbox 1631 1709 1776 1754; x_wconf 84' lang='lat' dir='ltr'>licebat</span> <span class='ocrx_word' id='word_1_501' title='bbox 1823 1715 2004 1760; x_wconf 83' lang='lat' dir='ltr'>accusare</span> <span class='ocrx_word' id='word_1_502' title='bbox 2056 1719 2278 1766; x_wconf 86' lang='lat' dir='ltr'>mulierem</span> 
     </span>
     <span class='ocr_line' id='line_1_76' title="bbox 1243 1762 2282 1827; baseline 0.014 -22"><span class='ocrx_word' id='word_1_503' title='bbox 1243 1762 1423 1827; x_wconf 77' lang='lat' dir='ltr'>alienam</span> <span class='ocrx_word' id='word_1_504' title='bbox 1449 1796 1461 1817; x_wconf 85' lang='lat'>‚</span> <span class='ocrx_word' id='word_1_505' title='bbox 1509 1766 1583 1808; x_wconf 86' lang='lat' dir='ltr'>nisi</span> <span class='ocrx_word' id='word_1_506' title='bbox 1627 1768 1735 1820; x_wconf 87' lang='lat' dir='ltr'>prius</span> <span class='ocrx_word' id='word_1_507' title='bbox 1778 1770 1911 1814; x_wconf 85' lang='lat' dir='ltr'>virum</span> <span class='ocrx_word' id='word_1_508' title='bbox 1946 1805 1958 1826; x_wconf 89' lang='lat'>,</span> <span class='ocrx_word' id='word_1_509' title='bbox 2001 1773 2128 1818; x_wconf 87' lang='lat' dir='ltr'>etiam</span> <span class='ocrx_word' id='word_1_510' title='bbox 2162 1776 2282 1820; x_wconf 83' lang='lat' dir='ltr'>leno-</span> 
     </span>
     <span class='ocr_line' id='line_1_77' title="bbox 1244 1826 2281 1884; baseline 0.014 -21"><span class='ocrx_word' id='word_1_511' title='bbox 1244 1836 1344 1884; x_wconf 72' lang='lat' dir='ltr'>cinii</span> <span class='ocrx_word' id='word_1_512' title='bbox 1387 1835 1646 1884; x_wconf 77' lang='lat' dir='ltr'>compertum</span> <span class='ocrx_word' id='word_1_513' title='bbox 1693 1826 1969 1879; x_wconf 86' lang='lat' dir='ltr'>postularent.</span> <span class='ocrx_word' id='word_1_514' title='bbox 2013 1833 2151 1884; x_wconf 91' lang='lat' dir='ltr'>(m)</span> <span class='ocrx_word' id='word_1_515' title='bbox 2193 1833 2281 1877; x_wconf 83' lang='lat' dir='ltr'>Sci-</span> 
     </span>
     <span class='ocr_line' id='line_1_78' title="bbox 1245 1877 2280 1942; baseline 0.015 -23"><span class='ocrx_word' id='word_1_516' title='bbox 1245 1877 1341 1940; x_wconf 76' lang='lat' dir='ltr'>licet</span> <span class='ocrx_word' id='word_1_517' title='bbox 1374 1878 1505 1922; x_wconf 84' lang='lat' dir='ltr'>Vlsum</span> <span class='ocrx_word' id='word_1_518' title='bbox 1537 1879 1613 1924; x_wconf 88' lang='lat' dir='ltr'>fuit</span> <span class='ocrx_word' id='word_1_519' title='bbox 1647 1884 1907 1928; x_wconf 89' lang='lat' dir='ltr'>verecundius</span> <span class='ocrx_word' id='word_1_520' title='bbox 1947 1889 2150 1942; x_wconf 84' lang='lat' dir='ltr'>agendum</span> <span class='ocrx_word' id='word_1_521' title='bbox 2182 1906 2280 1935; x_wconf 74' lang='lat' dir='ltr'>curn</span> 
     </span>
     <span class='ocr_line' id='line_1_79' title="bbox 1244 1936 2279 2002; baseline 0.012 -23"><span class='ocrx_word' id='word_1_522' title='bbox 1244 1950 1415 1991; x_wconf 67' lang='lat' dir='ltr'>conjuge</span> <span class='ocrx_word' id='word_1_523' title='bbox 1473 1936 1519 1981; x_wconf 91' lang='lat' dir='ltr'>de</span> <span class='ocrx_word' id='word_1_524' title='bbox 1574 1954 1699 1983; x_wconf 81' lang='lat' dir='ltr'>uxore</span> <span class='ocrx_word' id='word_1_525' title='bbox 1755 1941 1819 1984; x_wconf 89' lang='lat' dir='ltr'>sua</span> <span class='ocrx_word' id='word_1_526' title='bbox 1876 1943 1975 1986; x_wconf 89' lang='lat' dir='ltr'>bene</span> <span class='ocrx_word' id='word_1_527' title='bbox 2027 1947 2233 2002; x_wconf 85' lang='lat' dir='ltr'>cogitante</span> <span class='ocrx_word' id='word_1_528' title='bbox 2265 1979 2279 2002; x_wconf 84' lang='lat'>‚</span> 
     </span>
     <span class='ocr_line' id='line_1_80' title="bbox 1245 2000 2285 2049; baseline 0.013 -15"><span class='ocrx_word' id='word_1_529' title='bbox 1245 2008 1319 2036; x_wconf 90' lang='lat' dir='ltr'>nec</span> <span class='ocrx_word' id='word_1_530' title='bbox 1367 2008 1436 2048; x_wconf 82' lang='lat' dir='ltr'>per</span> <span class='ocrx_word' id='word_1_531' title='bbox 1476 2007 1717 2040; x_wconf 81' lang='lat' dir='ltr'>extraneum</span> <span class='ocrx_word' id='word_1_532' title='bbox 1762 2000 1898 2042; x_wconf 82' lang='lat' dir='ltr'>uxoris</span> <span class='ocrx_word' id='word_1_533' title='bbox 1961 2002 2082 2045; x_wconf 89' lang='lat' dir='ltr'>fidem</span> <span class='ocrx_word' id='word_1_534' title='bbox 2132 2005 2167 2047; x_wconf 90' lang='lat' dir='ltr'>ei</span> <span class='ocrx_word' id='word_1_535' title='bbox 2222 2005 2285 2049; x_wconf 78' lang='lat' dir='ltr'>su-</span> 
     </span>
     <span class='ocr_line' id='line_1_81' title="bbox 1245 2050 2286 2113; baseline 0.013 -22"><span class='ocrx_word' id='word_1_536' title='bbox 1245 2050 1418 2113; x_wconf 58' lang='lat' dir='ltr'>speffiam</span> <span class='ocrx_word' id='word_1_537' title='bbox 1468 2052 1757 2109; x_wconf 79' lang='lat' dir='ltr'>reddendam,</span> <span class='ocrx_word' id='word_1_538' title='bbox 1802 2071 1931 2112; x_wconf 82' lang='lat' dir='ltr'>neque</span> <span class='ocrx_word' id='word_1_539' title='bbox 1985 2059 2120 2103; x_wconf 87' lang='lat' dir='ltr'>alieno</span> <span class='ocrx_word' id='word_1_540' title='bbox 2174 2060 2286 2105; x_wconf 86' lang='lat' dir='ltr'>livo-</span> 
     </span>
     <span class='ocr_line' id='line_1_82' title="bbox 1244 2109 2278 2172; baseline 0.014 -24"><span class='ocrx_word' id='word_1_541' title='bbox 1244 2123 1284 2169; x_wconf 71' lang='lat' dir='ltr'>re</span> <span class='ocrx_word' id='word_1_542' title='bbox 1315 2109 1587 2172; x_wconf 27' lang='lat' dir='ltr'>‘coniugalem</span> <span class='ocrx_word' id='word_1_543' title='bbox 1629 2112 1824 2167; x_wconf 86' lang='lat' dir='ltr'>pudorem</span> <span class='ocrx_word' id='word_1_544' title='bbox 1875 2115 2044 2169; x_wconf 83' lang='lat' dir='ltr'>publicae</span> <span class='ocrx_word' id='word_1_545' title='bbox 2093 2117 2278 2162; x_wconf 74' lang='lat' dir='ltr'>infamiae</span> 
     </span>
     <span class='ocr_line' id='line_1_83' title="bbox 1242 2165 2277 2224; baseline 0.014 -18"><span class='ocrx_word' id='word_1_546' title='bbox 1242 2165 1574 2215; x_wconf 71' lang='lat' dir='ltr'>subjiciendum.</span> <span class='ocrx_word' id='word_1_547' title='bbox 1627 2171 1839 2224; x_wconf 75' lang='lat' dir='ltr'>Quoniam</span> <span class='ocrx_word' id='word_1_548' title='bbox 1884 2187 1979 2215; x_wconf 89' lang='lat' dir='ltr'>vero</span> <span class='ocrx_word' id='word_1_549' title='bbox 2021 2189 2066 2217; x_wconf 89' lang='lat' dir='ltr'>ea</span> <span class='ocrx_word' id='word_1_550' title='bbox 2117 2175 2277 2220; x_wconf 76' lang='lat' dir='ltr'>ratione</span> 
     </span>
     <span class='ocr_line' id='line_1_84' title="bbox 1241 2222 2282 2276; baseline 0.013 -13"><span class='ocrx_word' id='word_1_551' title='bbox 1241 2222 1535 2266; x_wconf 83' lang='lat' dir='ltr'>Constantinus</span> <span class='ocrx_word' id='word_1_552' title='bbox 1593 2225 1642 2268; x_wconf 90' lang='lat' dir='ltr'>ab</span> <span class='ocrx_word' id='word_1_553' title='bbox 1696 2228 1916 2271; x_wconf 83' lang='lat' dir='ltr'>accusando</span> <span class='ocrx_word' id='word_1_554' title='bbox 1971 2231 2170 2275; x_wconf 83' lang='lat' dir='ltr'>adulterio</span> <span class='ocrx_word' id='word_1_555' title='bbox 2214 2249 2282 2276; x_wconf 90' lang='lat' dir='ltr'>ar-</span> 
     </span>
     <span class='ocr_line' id='line_1_85' title="bbox 1240 2283 2277 2341; baseline 0.013 -20"><span class='ocrx_word' id='word_1_556' title='bbox 1240 2291 1303 2322; x_wconf 89' lang='lat' dir='ltr'>cet</span> <span class='ocrx_word' id='word_1_557' title='bbox 1334 2293 1575 2332; x_wconf 78' lang='lat' dir='ltr'>extraneos·‚</span> <span class='ocrx_word' id='word_1_558' title='bbox 1606 2283 1700 2338; x_wconf 78' lang='lat' dir='ltr'>quia</span> <span class='ocrx_word' id='word_1_559' title='bbox 1732 2284 1952 2341; x_wconf 81' lang='lat' dir='ltr'>indignum</span> <span class='ocrx_word' id='word_1_560' title='bbox 1987 2287 2145 2332; x_wconf 82' lang='lat' dir='ltr'>videtur</span> <span class='ocrx_word' id='word_1_561' title='bbox 2176 2306 2277 2335; x_wconf 82' lang='lat' dir='ltr'>con-</span> 
     </span>
     <span class='ocr_line' id='line_1_86' title="bbox 1240 2337 2276 2401; baseline 0.012 -22"><span class='ocrx_word' id='word_1_562' title='bbox 1240 2337 1376 2380; x_wconf 87' lang='lat' dir='ltr'>cordes</span> <span class='ocrx_word' id='word_1_563' title='bbox 1430 2339 1590 2393; x_wconf 83' lang='lat' dir='ltr'>nuptias</span> <span class='ocrx_word' id='word_1_564' title='bbox 1643 2352 1932 2386; x_wconf 81' lang='lat' dir='ltr'>extraneorurn</span> <span class='ocrx_word' id='word_1_565' title='bbox 1977 2346 2141 2391; x_wconf 87' lang='lat' dir='ltr'>audacia</span> <span class='ocrx_word' id='word_1_566' title='bbox 2186 2363 2276 2401; x_wconf 84' lang='lat' dir='ltr'>per-</span> 
     </span>
     <span class='ocr_line' id='line_1_87' title="bbox 1241 2394 2273 2453; baseline 0.011 -17"><span class='ocrx_word' id='word_1_567' title='bbox 1241 2394 1403 2438; x_wconf 67' lang='lat' dir='ltr'>turbare</span> <span class='ocrx_word' id='word_1_568' title='bbox 1428 2411 1441 2448; x_wconf 79' lang='lat'>3</span> <span class='ocrx_word' id='word_1_569' title='bbox 1491 2396 1650 2451; x_wconf 82' lang='lat' dir='ltr'>colligit</span> <span class='ocrx_word' id='word_1_570' title='bbox 1681 2397 1875 2450; x_wconf 72' lang='lat' dir='ltr'>Cujacius</span> <span class='ocrx_word' id='word_1_571' title='bbox 1900 2432 1911 2453; x_wconf 87' lang='lat'>,</span> <span class='ocrx_word' id='word_1_572' title='bbox 1956 2400 2064 2444; x_wconf 66' lang='lat' dir='ltr'>faf‘co</span> <span class='ocrx_word' id='word_1_573' title='bbox 2094 2403 2273 2448; x_wconf 88' lang='lat' dir='ltr'>divortio</span> 
     </span>
     <span class='ocr_line' id='line_1_88' title="bbox 1242 2455 2271 2516; baseline 0.013 -24"><span class='ocrx_word' id='word_1_574' title='bbox 1242 2463 1376 2495; x_wconf 86' lang='lat' dir='ltr'>vetera</span> <span class='ocrx_word' id='word_1_575' title='bbox 1407 2464 1708 2514; x_wconf 33' lang='lat' dir='ltr'>‘extraneorum</span> <span class='ocrx_word' id='word_1_576' title='bbox 1762 2455 1850 2507; x_wconf 86' lang='lat' dir='ltr'>jura</span> <span class='ocrx_word' id='word_1_577' title='bbox 1892 2457 2088 2514; x_wconf 73' lang='lat' dir='ltr'>resurgere</span> <span class='ocrx_word' id='word_1_578' title='bbox 2114 2491 2126 2512; x_wconf 86' lang='lat'>,</span> <span class='ocrx_word' id='word_1_579' title='bbox 2175 2462 2271 2516; x_wconf 85' lang='lat' dir='ltr'>quia,</span> 
     </span>
     <span class='ocr_line' id='line_1_89' title="bbox 1241 2508 2275 2570; baseline 0.011 -20"><span class='ocrx_word' id='word_1_580' title='bbox 1241 2508 1362 2551; x_wconf 79' lang='lat' dir='ltr'>nullae</span> <span class='ocrx_word' id='word_1_581' title='bbox 1402 2525 1484 2560; x_wconf 69' lang='lat' dir='ltr'>jam</span> <span class='ocrx_word' id='word_1_582' title='bbox 1527 2511 1745 2554; x_wconf 82' lang='lat' dir='ltr'>consistunt</span> <span class='ocrx_word' id='word_1_583' title='bbox 1789 2514 1975 2568; x_wconf 78' lang='lat' dir='ltr'>nuptiae,</span> <span class='ocrx_word' id='word_1_584' title='bbox 2019 2532 2115 2570; x_wconf 80' lang='lat' dir='ltr'>quas</span> <span class='ocrx_word' id='word_1_585' title='bbox 2146 2533 2275 2561; x_wconf 79' lang='lat' dir='ltr'>vexa-</span> 
     </span>
     <span class='ocr_line' id='line_1_90' title="bbox 1242 2565 2270 2629; baseline 0.01 -21"><span class='ocrx_word' id='word_1_586' title='bbox 1242 2581 1280 2609; x_wconf 85' lang='lat' dir='ltr'>re</span> <span class='ocrx_word' id='word_1_587' title='bbox 1314 2565 1359 2608; x_wconf 83' lang='lat' dir='ltr'>sit</span> <span class='ocrx_word' id='word_1_588' title='bbox 1393 2565 1503 2609; x_wconf 88' lang='lat' dir='ltr'>nefas</span> <span class='ocrx_word' id='word_1_589' title='bbox 1531 2584 1543 2621; x_wconf 80' lang='lat'>3</span> <span class='ocrx_word' id='word_1_590' title='bbox 1588 2585 1635 2612; x_wconf 85' lang='lat' dir='ltr'>ac</span> <span class='ocrx_word' id='word_1_591' title='bbox 1670 2569 1797 2612; x_wconf 88' lang='lat' dir='ltr'>solum</span> <span class='ocrx_word' id='word_1_592' title='bbox 1832 2586 2042 2625; x_wconf 86' lang='lat' dir='ltr'>permanet</span> <span class='ocrx_word' id='word_1_593' title='bbox 2074 2574 2232 2617; x_wconf 87' lang='lat' dir='ltr'>crimen</span> <span class='ocrx_word' id='word_1_594' title='bbox 2257 2609 2270 2629; x_wconf 93' lang='lat'>,</span> 
     </span>
     <span class='ocr_line' id='line_1_91' title="bbox 1237 2623 2274 2686; baseline 0.011 -21"><span class='ocrx_word' id='word_1_595' title='bbox 1237 2623 1343 2678; x_wconf 86' lang='lat' dir='ltr'>quod</span> <span class='ocrx_word' id='word_1_596' title='bbox 1389 2623 1488 2668; x_wconf 89' lang='lat' dir='ltr'>utile</span> <span class='ocrx_word' id='word_1_597' title='bbox 1521 2625 1566 2668; x_wconf 81' lang='lat' dir='ltr'>sit</span> <span class='ocrx_word' id='word_1_598' title='bbox 1598 2626 1830 2681; x_wconf 80' lang='lat' dir='ltr'>rcipublicae</span> <span class='ocrx_word' id='word_1_599' title='bbox 1862 2629 2060 2673; x_wconf 85' lang='lat' dir='ltr'>vindicari</span> <span class='ocrx_word' id='word_1_600' title='bbox 2094 2662 2104 2674; x_wconf 89' lang='lat'>.</span> <span class='ocrx_word' id='word_1_601' title='bbox 2151 2634 2167 2683; x_wconf 98' lang='lat'>(</span> <span class='ocrx_word' id='word_1_602' title='bbox 2199 2649 2224 2675; x_wconf 87' lang='lat' dir='ltr'>n</span> <span class='ocrx_word' id='word_1_603' title='bbox 2254 2635 2274 2686; x_wconf 85' lang='lat'><em>)</em></span> 
     </span>
    </p>

    <p class='ocr_par' dir='ltr' id='par_1_6' title="bbox 1824 2688 2274 2732">
     <span class='ocr_line' id='line_1_92' title="bbox 1824 2688 2274 2732; baseline 0.011 -4"><span class='ocrx_word' id='word_1_604' title='bbox 1824 2688 1861 2729; x_wconf 82' lang='lat' dir='ltr'><strong>R</strong></span> <span class='ocrx_word' id='word_1_605' title='bbox 1895 2701 1914 2728; x_wconf 89' lang='lat' dir='ltr'>r</span> <span class='ocrx_word' id='word_1_606' title='bbox 2185 2690 2274 2732; x_wconf 75' lang='lat' dir='ltr'>Mi-</span> 
     </span>
    </p>
   </div>
   <div class='ocr_carea' id='block_1_6' title="bbox 156 2746 2273 2774">
    <p class='ocr_par' dir='ltr' id='par_1_7' title="bbox 156 2746 2273 2774">
     <span class='ocr_line' id='line_1_93' title="bbox 156 2746 2273 2774; baseline 0.008 -19"><span class='ocrx_word' id='word_1_607' title='bbox 156 2746 1186 2765; x_wconf 50' lang='lat' dir='ltr'><strong>m—‘———————-———-——n——n——-</strong></span> <span class='ocrx_word' id='word_1_608' title='bbox 1243 2754 2273 2774; x_wconf 50' lang='lat' dir='ltr'>——n—n—--—-——n—-——·——-—-&#39;—-—-—‘q</span> 
     </span>
    </p>
   </div>
   <div class='ocr_carea' id='block_1_7' title="bbox 161 2776 1177 3138">
    <p class='ocr_par' dir='ltr' id='par_1_8' title="bbox 203 2776 945 2821">
     <span class='ocr_line' id='line_1_94' title="bbox 203 2776 945 2821; baseline 0.004 -12"><span class='ocrx_word' id='word_1_609' title='bbox 203 2777 261 2818; x_wconf 79' lang='lat' dir='ltr'>(a)</span> <span class='ocrx_word' id='word_1_610' title='bbox 286 2781 324 2810; x_wconf 89' lang='lat' dir='ltr'>L.</span> <span class='ocrx_word' id='word_1_611' title='bbox 341 2776 500 2818; x_wconf 73' lang='lat' dir='ltr'>conflante</span> <span class='ocrx_word' id='word_1_612' title='bbox 509 2776 547 2821; x_wconf 81' lang='lat' dir='ltr'>ff.</span> <span class='ocrx_word' id='word_1_613' title='bbox 564 2779 606 2810; x_wconf 78' lang='lat' dir='ltr'>ad</span> <span class='ocrx_word' id='word_1_614' title='bbox 618 2780 680 2821; x_wconf 79' lang='lat' dir='ltr'>leg.</span> <span class='ocrx_word' id='word_1_615' title='bbox 690 2780 721 2820; x_wconf 87' lang='lat' dir='ltr'><em>J</em></span> <span class='ocrx_word' id='word_1_616' title='bbox 725 2782 769 2812; x_wconf 83' lang='lat' dir='ltr'>ul·</span> <span class='ocrx_word' id='word_1_617' title='bbox 784 2780 822 2812; x_wconf 76' lang='lat' dir='ltr'>de</span> <span class='ocrx_word' id='word_1_618' title='bbox 837 2781 945 2814; x_wconf 70' lang='lat' dir='ltr'>adult.</span> 
     </span>
    </p>

    <p class='ocr_par' dir='ltr' id='par_1_9' title="bbox 201 2821 650 2865">
     <span class='ocr_line' id='line_1_95' title="bbox 201 2821 650 2865; baseline 0.002 -11"><span class='ocrx_word' id='word_1_619' title='bbox 201 2822 260 2863; x_wconf 77' lang='lat' dir='ltr'>(b)</span> <span class='ocrx_word' id='word_1_620' title='bbox 286 2826 324 2856; x_wconf 90' lang='lat' dir='ltr'>L.</span> <span class='ocrx_word' id='word_1_621' title='bbox 340 2824 420 2854; x_wconf 76' lang='lat' dir='ltr'>vim.</span> <span class='ocrx_word' id='word_1_622' title='bbox 441 2825 469 2865; x_wconf 65' lang='lat'>§⁴</span> <span class='ocrx_word' id='word_1_623' title='bbox 491 2833 517 2854; x_wconf 88' lang='lat'>1.</span> <span class='ocrx_word' id='word_1_624' title='bbox 530 2821 568 2865; x_wconf 76' lang='lat' dir='ltr'>ff.</span> <span class='ocrx_word' id='word_1_625' title='bbox 586 2824 650 2855; x_wconf 76' lang='lat' dir='ltr'>eod.</span> 
     </span>
    </p>

    <p class='ocr_par' dir='ltr' id='par_1_10' title="bbox 202 2867 1134 2915">
     <span class='ocr_line' id='line_1_96' title="bbox 202 2867 1134 2915; baseline 0.009 -16"><span class='ocrx_word' id='word_1_626' title='bbox 202 2868 257 2908; x_wconf 78' lang='lat' dir='ltr'>(c)</span> <span class='ocrx_word' id='word_1_627' title='bbox 283 2867 394 2905; x_wconf 72' lang='lat' dir='ltr'>Cujac.</span> <span class='ocrx_word' id='word_1_628' title='bbox 414 2868 449 2899; x_wconf 82' lang='lat' dir='ltr'>in</span> <span class='ocrx_word' id='word_1_629' title='bbox 465 2869 658 2910; x_wconf 64' lang='lat' dir='ltr'>12apin.tt«.·g&gt;</span> <span class='ocrx_word' id='word_1_630' title='bbox 681 2878 730 2907; x_wconf 80' lang='lat'>15.</span> <span class='ocrx_word' id='word_1_631' title='bbox 761 2870 897 2911; x_wconf 61' lang='lat' dir='ltr'>respons:</span> <span class='ocrx_word' id='word_1_632' title='bbox 916 2872 946 2914; x_wconf 56' lang='grc' dir='ltr'>ᾗ.</span> <span class='ocrx_word' id='word_1_633' title='bbox 960 2873 1134 2915; x_wconf 59' lang='lat' dir='ltr'>praescript.</span> 
     </span>
    </p>

    <p class='ocr_par' dir='ltr' id='par_1_11' title="bbox 161 2913 1177 3001">
     <span class='ocr_line' id='line_1_97' title="bbox 202 2913 1177 2961; baseline 0.009 -19"><span class='ocrx_word' id='word_1_634' title='bbox 202 2913 264 2951; x_wconf 78' lang='lat' dir='ltr'>(d)</span> <span class='ocrx_word' id='word_1_635' title='bbox 288 2914 325 2943; x_wconf 81' lang='lat' dir='ltr'>L.</span> <span class='ocrx_word' id='word_1_636' title='bbox 346 2914 461 2945; x_wconf 75' lang='lat' dir='ltr'>mariti</span> <span class='ocrx_word' id='word_1_637' title='bbox 475 2935 485 2951; x_wconf 80' lang='lat'><strong>‚</strong></span> <span class='ocrx_word' id='word_1_638' title='bbox 516 2915 544 2955; x_wconf 83' lang='lat'>§.</span> <span class='ocrx_word' id='word_1_639' title='bbox 559 2915 617 2953; x_wconf 77' lang='lat' dir='ltr'>sex</span> <span class='ocrx_word' id='word_1_640' title='bbox 629 2914 780 2956; x_wconf 71' lang='lat' dir='ltr'>mensium</span> <span class='ocrx_word' id='word_1_641' title='bbox 797 2914 912 2957; x_wconf 54' lang='grc' dir='ltr'>ὥρᾳ.</span> <span class='ocrx_word' id='word_1_642' title='bbox 926 2915 965 2957; x_wconf 76' lang='lat' dir='ltr'>ff.</span> <span class='ocrx_word' id='word_1_643' title='bbox 980 2919 1034 2949; x_wconf 82' lang='lat' dir='ltr'>hoe</span> <span class='ocrx_word' id='word_1_644' title='bbox 1048 2919 1102 2950; x_wconf 76' lang='lat' dir='ltr'>tit.</span> <span class='ocrx_word' id='word_1_645' title='bbox 1115 2921 1177 2961; x_wconf 80' lang='lat' dir='ltr'>leg.</span> 
     </span>
     <span class='ocr_line' id='line_1_98' title="bbox 161 2956 1175 3001; baseline 0.008 -13"><span class='ocrx_word' id='word_1_646' title='bbox 161 2966 193 2988; x_wconf 76' lang='lat'>1.</span> <span class='ocrx_word' id='word_1_647' title='bbox 216 2958 244 2998; x_wconf 86' lang='lat'>§.</span> <span class='ocrx_word' id='word_1_648' title='bbox 260 2956 542 3001; x_wconf 78' lang='lat' dir='ltr'>accusationemff</span> <span class='ocrx_word' id='word_1_649' title='bbox 558 2960 601 2990; x_wconf 81' lang='lat' dir='ltr'>ad</span> <span class='ocrx_word' id='word_1_650' title='bbox 617 2961 761 2999; x_wconf 65' lang='lat' dir='ltr'>Turpia.</span> <span class='ocrx_word' id='word_1_651' title='bbox 779 2959 888 2997; x_wconf 74' lang='lat' dir='ltr'>cujac.</span> <span class='ocrx_word' id='word_1_652' title='bbox 904 2960 967 3001; x_wconf 79' lang='lat' dir='ltr'>obs.</span> <span class='ocrx_word' id='word_1_653' title='bbox 986 2962 1105 2999; x_wconf 76' lang='lat' dir='ltr'><em>15.lib.</em></span> <span class='ocrx_word' id='word_1_654' title='bbox 1123 2975 1175 2996; x_wconf 88' lang='lat'>20.</span> 
     </span>
    </p>

    <p class='ocr_par' dir='ltr' id='par_1_12' title="bbox 204 3002 1097 3047">
     <span class='ocr_line' id='line_1_99' title="bbox 204 3002 1097 3047; baseline 0.008 -15"><span class='ocrx_word' id='word_1_655' title='bbox 204 3002 255 3039; x_wconf 60' lang='lat' dir='ltr'>(ex</span> <span class='ocrx_word' id='word_1_656' title='bbox 283 3004 321 3032; x_wconf 89' lang='lat' dir='ltr'>L.</span> <span class='ocrx_word' id='word_1_657' title='bbox 340 3003 455 3041; x_wconf 75' lang='lat' dir='ltr'>mariti</span> <span class='ocrx_word' id='word_1_658' title='bbox 470 3013 521 3042; x_wconf 84' lang='lat'>29.</span> <span class='ocrx_word' id='word_1_659' title='bbox 542 3005 570 3046; x_wconf 83' lang='lat'>§.</span> <span class='ocrx_word' id='word_1_660' title='bbox 588 3005 650 3035; x_wconf 70' lang='lat' dir='ltr'>ult.</span> <span class='ocrx_word' id='word_1_661' title='bbox 665 3002 704 3047; x_wconf 76' lang='lat' dir='ltr'>ff.</span> <span class='ocrx_word' id='word_1_662' title='bbox 720 3005 763 3037; x_wconf 80' lang='lat' dir='ltr'>ad</span> <span class='ocrx_word' id='word_1_663' title='bbox 775 3007 838 3047; x_wconf 80' lang='lat' dir='ltr'>leg.</span> <span class='ocrx_word' id='word_1_664' title='bbox 847 3007 926 3045; x_wconf 81' lang='lat' dir='ltr'>Jul.</span> <span class='ocrx_word' id='word_1_665' title='bbox 942 3007 979 3037; x_wconf 80' lang='lat' dir='ltr'>de</span> <span class='ocrx_word' id='word_1_666' title='bbox 991 3007 1097 3039; x_wconf 67' lang='lat' dir='ltr'>adult.</span> 
     </span>
    </p>

    <p class='ocr_par' dir='ltr' id='par_1_13' title="bbox 163 3043 1172 3138">
     <span class='ocr_line' id='line_1_100' title="bbox 202 3043 1172 3095; baseline 0.013 -22"><span class='ocrx_word' id='word_1_667' title='bbox 202 3043 267 3086; x_wconf 79' lang='lat' dir='ltr'>(f)</span> <span class='ocrx_word' id='word_1_668' title='bbox 292 3046 327 3074; x_wconf 86' lang='lat' dir='ltr'>L.</span> <span class='ocrx_word' id='word_1_669' title='bbox 347 3054 375 3076; x_wconf 77' lang='lat'>2.</span> <span class='ocrx_word' id='word_1_670' title='bbox 398 3048 425 3088; x_wconf 85' lang='lat'>§.</span> <span class='ocrx_word' id='word_1_671' title='bbox 443 3049 565 3088; x_wconf 74' lang='lat' dir='ltr'>penult.</span> <span class='ocrx_word' id='word_1_672' title='bbox 581 3050 644 3090; x_wconf 81' lang='lat' dir='ltr'>leg·</span> <span class='ocrx_word' id='word_1_673' title='bbox 663 3058 692 3087; x_wconf 84' lang='lat'>3.</span> <span class='ocrx_word' id='word_1_674' title='bbox 710 3051 774 3092; x_wconf 83' lang='lat' dir='ltr'>leg.</span> <span class='ocrx_word' id='word_1_675' title='bbox 788 3060 819 3088; x_wconf 81' lang='lat'>4.</span> <span class='ocrx_word' id='word_1_676' title='bbox 837 3052 865 3092; x_wconf 84' lang='lat'>§.</span> <span class='ocrx_word' id='word_1_677' title='bbox 888 3061 913 3081; x_wconf 89' lang='lat'>1.</span> <span class='ocrx_word' id='word_1_678' title='bbox 928 3052 991 3093; x_wconf 67' lang='lat' dir='ltr'>leg.</span> <span class='ocrx_word' id='word_1_679' title='bbox 1013 3055 1090 3095; x_wconf 84' lang='lat'>11-§.</span> <span class='ocrx_word' id='word_1_680' title='bbox 1118 3057 1172 3086; x_wconf 84' lang='lat'>60.</span> 
     </span>
     <span class='ocr_line' id='line_1_101' title="bbox 163 3090 1082 3138; baseline 0.01 -17"><span class='ocrx_word' id='word_1_681' title='bbox 163 3090 187 3121; x_wconf 63' lang='grc' dir='ltr'>Ι,</span> <span class='ocrx_word' id='word_1_682' title='bbox 209 3099 257 3129; x_wconf 80' lang='lat'>14·</span> <span class='ocrx_word' id='word_1_683' title='bbox 276 3091 305 3132; x_wconf 87' lang='lat'>§.</span> <span class='ocrx_word' id='word_1_684' title='bbox 323 3092 447 3132; x_wconf 77' lang='lat' dir='ltr'>penult.</span> <span class='ocrx_word' id='word_1_685' title='bbox 464 3093 488 3124; x_wconf 81' lang='lat' dir='ltr'>l.</span> <span class='ocrx_word' id='word_1_686' title='bbox 510 3101 561 3132; x_wconf 83' lang='lat'>30.</span> <span class='ocrx_word' id='word_1_687' title='bbox 581 3093 610 3136; x_wconf 77' lang='lat'>§.</span> <span class='ocrx_word' id='word_1_688' title='bbox 632 3099 657 3125; x_wconf 79' lang='lat' dir='ltr'>r.</span> <span class='ocrx_word' id='word_1_689' title='bbox 670 3091 710 3137; x_wconf 70' lang='lat' dir='ltr'>ff</span> <span class='ocrx_word' id='word_1_690' title='bbox 724 3095 767 3128; x_wconf 80' lang='lat' dir='ltr'>ad</span> <span class='ocrx_word' id='word_1_691' title='bbox 781 3094 931 3138; x_wconf 76' lang='lat' dir='ltr'>1eg.Jul.</span> <span class='ocrx_word' id='word_1_692' title='bbox 947 3097 983 3131; x_wconf 76' lang='lat' dir='ltr'>de</span> <span class='ocrx_word' id='word_1_693' title='bbox 994 3098 1082 3132; x_wconf 74' lang='lat' dir='ltr'>adul.</span> 
     </span>
    </p>
   </div>
   <div class='ocr_carea' id='block_1_8' title="bbox 1274 2784 2271 3099">
    <p class='ocr_par' dir='ltr' id='par_1_14' title="bbox 1278 2784 1681 2829">
     <span class='ocr_line' id='line_1_102' title="bbox 1278 2784 1681 2829; baseline 0.01 -15"><span class='ocrx_word' id='word_1_694' title='bbox 1278 2784 1337 2821; x_wconf 78' lang='lat' dir='ltr'>(a)</span> <span class='ocrx_word' id='word_1_695' title='bbox 1363 2785 1400 2816; x_wconf 83' lang='lat' dir='ltr'>L.</span> <span class='ocrx_word' id='word_1_696' title='bbox 1421 2797 1449 2817; x_wconf 89' lang='lat'>2.</span> <span class='ocrx_word' id='word_1_697' title='bbox 1467 2787 1494 2828; x_wconf 87' lang='lat'>§.</span> <span class='ocrx_word' id='word_1_698' title='bbox 1513 2788 1531 2818; x_wconf 89' lang='lat'>8</span> <span class='ocrx_word' id='word_1_699' title='bbox 1558 2784 1597 2829; x_wconf 78' lang='lat' dir='ltr'>ff</span> <span class='ocrx_word' id='word_1_700' title='bbox 1616 2787 1681 2818; x_wconf 78' lang='lat' dir='ltr'>eod.</span> 
     </span>
    </p>

    <p class='ocr_par' dir='ltr' id='par_1_15' title="bbox 1275 2829 2271 2917">
     <span class='ocr_line' id='line_1_103' title="bbox 1275 2829 2271 2879; baseline 0.011 -21"><span class='ocrx_word' id='word_1_701' title='bbox 1275 2829 1337 2867; x_wconf 68' lang='lat' dir='ltr'>(b)</span> <span class='ocrx_word' id='word_1_702' title='bbox 1363 2833 1510 2873; x_wconf 76' lang='lat' dir='ltr'>Leapire</span> <span class='ocrx_word' id='word_1_703' title='bbox 1526 2829 1661 2875; x_wconf 71' lang='lat' dir='ltr'>23-ffad</span> <span class='ocrx_word' id='word_1_704' title='bbox 1673 2833 1735 2874; x_wconf 54' lang='lat' dir='ltr'>leg,</span> <span class='ocrx_word' id='word_1_705' title='bbox 1748 2834 1868 2874; x_wconf 70' lang='lat' dir='ltr'>jul-de</span> <span class='ocrx_word' id='word_1_706' title='bbox 1878 2834 2022 2868; x_wconf 52' lang='lat' dir='ltr'>aduluin</span> <span class='ocrx_word' id='word_1_707' title='bbox 2038 2835 2184 2878; x_wconf 73' lang='lat' dir='ltr'>princ-(5</span> <span class='ocrx_word' id='word_1_708' title='bbox 2203 2839 2271 2879; x_wconf 52' lang='lat' dir='ltr'>§.L</span> 
     </span>
     <span class='ocr_line' id='line_1_104' title="bbox 1277 2874 1790 2917; baseline 0.012 -13"><span class='ocrx_word' id='word_1_709' title='bbox 1277 2874 1328 2912; x_wconf 75' lang='grc' dir='ltr'>(ι’)</span> <span class='ocrx_word' id='word_1_710' title='bbox 1355 2877 1391 2905; x_wconf 81' lang='lat' dir='ltr'>L.</span> <span class='ocrx_word' id='word_1_711' title='bbox 1411 2877 1441 2908; x_wconf 78' lang='lat' dir='ltr'>is</span> <span class='ocrx_word' id='word_1_712' title='bbox 1455 2874 1547 2914; x_wconf 74' lang='lat' dir='ltr'>cujus</span> <span class='ocrx_word' id='word_1_713' title='bbox 1566 2887 1617 2915; x_wconf 79' lang='lat'>14·</span> <span class='ocrx_word' id='word_1_714' title='bbox 1634 2877 1659 2917; x_wconf 85' lang='lat'>§.</span> <span class='ocrx_word' id='word_1_715' title='bbox 1683 2888 1709 2908; x_wconf 83' lang='lat'>1.</span> <span class='ocrx_word' id='word_1_716' title='bbox 1726 2880 1790 2910; x_wconf 73' lang='lat' dir='ltr'>eod.</span> 
     </span>
    </p>

    <p class='ocr_par' dir='ltr' id='par_1_16' title="bbox 1276 2919 2113 2967">
     <span class='ocr_line' id='line_1_105' title="bbox 1276 2919 2113 2967; baseline 0.008 -16"><span class='ocrx_word' id='word_1_717' title='bbox 1276 2919 1337 2957; x_wconf 76' lang='lat' dir='ltr'>(k)</span> <span class='ocrx_word' id='word_1_718' title='bbox 1359 2922 1401 2964; x_wconf 14' lang='lat' dir='ltr'>AL.</span> <span class='ocrx_word' id='word_1_719' title='bbox 1425 2923 1483 2953; x_wconf 81' lang='lat' dir='ltr'>haec</span> <span class='ocrx_word' id='word_1_720' title='bbox 1497 2920 1593 2954; x_wconf 71' lang='lat' dir='ltr'>verba</span> <span class='ocrx_word' id='word_1_721' title='bbox 1612 2933 1658 2954; x_wconf 87' lang='lat'>12.</span> <span class='ocrx_word' id='word_1_722' title='bbox 1674 2920 1714 2966; x_wconf 68' lang='lat' dir='ltr'>ff</span> <span class='ocrx_word' id='word_1_723' title='bbox 1730 2924 1772 2955; x_wconf 77' lang='lat' dir='ltr'>ad</span> <span class='ocrx_word' id='word_1_724' title='bbox 1786 2925 1847 2967; x_wconf 80' lang='lat' dir='ltr'>leg.</span> <span class='ocrx_word' id='word_1_725' title='bbox 1862 2926 1936 2967; x_wconf 80' lang='lat' dir='ltr'>Jul.</span> <span class='ocrx_word' id='word_1_726' title='bbox 1954 2925 1992 2958; x_wconf 80' lang='lat' dir='ltr'>de</span> <span class='ocrx_word' id='word_1_727' title='bbox 2006 2925 2113 2958; x_wconf 72' lang='lat' dir='ltr'>adult.</span> 
     </span>
    </p>

    <p class='ocr_par' dir='ltr' id='par_1_17' title="bbox 1276 2964 1769 3008">
     <span class='ocr_line' id='line_1_106' title="bbox 1276 2964 1769 3008; baseline 0.012 -14"><span class='ocrx_word' id='word_1_728' title='bbox 1276 2964 1327 3002; x_wconf 81' lang='lat' dir='ltr'>(l)</span> <span class='ocrx_word' id='word_1_729' title='bbox 1354 2967 1392 2996; x_wconf 85' lang='lat' dir='ltr'>L.</span> <span class='ocrx_word' id='word_1_730' title='bbox 1413 2967 1564 3008; x_wconf 71' lang='lat' dir='ltr'>quamvis</span> <span class='ocrx_word' id='word_1_731' title='bbox 1583 2977 1635 3006; x_wconf 84' lang='lat'>30.</span> <span class='ocrx_word' id='word_1_732' title='bbox 1654 2971 1688 2999; x_wconf 88' lang='lat' dir='ltr'>C.</span> <span class='ocrx_word' id='word_1_733' title='bbox 1705 2969 1769 3000; x_wconf 60' lang='lat' dir='ltr'>eoi.</span> 
     </span>
    </p>

    <p class='ocr_par' dir='ltr' id='par_1_18' title="bbox 1274 3008 2107 3057">
     <span class='ocr_line' id='line_1_107' title="bbox 1274 3008 2107 3057; baseline 0.007 -18"><span class='ocrx_word' id='word_1_734' title='bbox 1274 3008 1346 3047; x_wconf 74' lang='lat' dir='ltr'>(ra)</span> <span class='ocrx_word' id='word_1_735' title='bbox 1371 3011 1406 3040; x_wconf 86' lang='lat' dir='ltr'>L.</span> <span class='ocrx_word' id='word_1_736' title='bbox 1429 3010 1554 3052; x_wconf 76' lang='lat' dir='ltr'>constan</span> <span class='ocrx_word' id='word_1_737' title='bbox 1563 3021 1585 3043; x_wconf 78' lang='lat' dir='ltr'>t.</span> <span class='ocrx_word' id='word_1_738' title='bbox 1612 3016 1660 3044; x_wconf 88' lang='lat'>16.</span> <span class='ocrx_word' id='word_1_739' title='bbox 1673 3011 1712 3056; x_wconf 80' lang='lat' dir='ltr'>ff</span> <span class='ocrx_word' id='word_1_740' title='bbox 1728 3015 1770 3046; x_wconf 80' lang='lat' dir='ltr'>ad</span> <span class='ocrx_word' id='word_1_741' title='bbox 1784 3016 1933 3057; x_wconf 63' lang='lat' dir='ltr'>leg·Jul.</span> <span class='ocrx_word' id='word_1_742' title='bbox 1952 3016 1988 3046; x_wconf 79' lang='lat' dir='ltr'>de</span> <span class='ocrx_word' id='word_1_743' title='bbox 2001 3015 2107 3047; x_wconf 72' lang='lat' dir='ltr'>adult.</span> 
     </span>
    </p>

    <p class='ocr_par' dir='ltr' id='par_1_19' title="bbox 1274 3054 2266 3099">
     <span class='ocr_line' id='line_1_108' title="bbox 1274 3054 2266 3099; baseline 0.011 -13"><span class='ocrx_word' id='word_1_744' title='bbox 1274 3054 1336 3092; x_wconf 76' lang='grc' dir='ltr'>(η)</span> <span class='ocrx_word' id='word_1_745' title='bbox 1361 3056 1440 3089; x_wconf 80' lang='lat' dir='ltr'>vide</span> <span class='ocrx_word' id='word_1_746' title='bbox 1455 3060 1488 3091; x_wconf 74' lang='lat' dir='ltr'>C·</span> <span class='ocrx_word' id='word_1_747' title='bbox 1515 3057 1669 3099; x_wconf 71' lang='lat' dir='ltr'>Theodos.</span> <span class='ocrx_word' id='word_1_748' title='bbox 1685 3058 1724 3091; x_wconf 63' lang='grc' dir='ltr'>Θ·</span> <span class='ocrx_word' id='word_1_749' title='bbox 1740 3057 1786 3092; x_wconf 74' lang='lat' dir='ltr'>ibi</span> <span class='ocrx_word' id='word_1_750' title='bbox 1800 3057 1952 3094; x_wconf 76' lang='lat' dir='ltr'>Gothofr.</span> <span class='ocrx_word' id='word_1_751' title='bbox 1978 3061 2033 3094; x_wconf 78' lang='lat' dir='ltr'>hoc</span> <span class='ocrx_word' id='word_1_752' title='bbox 2050 3060 2106 3094; x_wconf 71' lang='lat' dir='ltr'>tir.</span> <span class='ocrx_word' id='word_1_753' title='bbox 2137 3059 2175 3094; x_wconf 65' lang='lat'>&lt;3⁴</span> <span class='ocrx_word' id='word_1_754' title='bbox 2209 3062 2266 3097; x_wconf 72' lang='lat' dir='ltr'>haec</span> 
     </span>
    </p>
   </div>
   <div class='ocr_carea' id='block_1_9' title="bbox 1223 3097 1317 3138">
    <p class='ocr_par' dir='ltr' id='par_1_20' title="bbox 1223 3097 1317 3138">
     <span class='ocr_line' id='line_1_109' title="bbox 1223 3097 1317 3138; baseline 0 -8"><span class='ocrx_word' id='word_1_755' title='bbox 1223 3097 1295 3138; x_wconf 77' lang='lat' dir='ltr'>lege</span> <span class='ocrx_word' id='word_1_756' title='bbox 1308 3120 1317 3130; x_wconf 93' lang='lat'>.</span> 
     </span>
    </p>
   </div>
  </div>
 </body>
</html>
