2596 3479
245 162 486 216 coniceiurae
521 161 730 208 scribentis
756 195 768 217 ,
801 163 867 206 bes
897 161 975 204 sive
995 159 1063 202 des
1087 154 1181 200 inde
1216 155 1279 199 di-

246 221 358 265 &um
382 254 394 276 ‚
426 222 520 280 quia
547 222 733 278 deinceps
761 221 811 264 ab
834 219 907 263 esse
928 218 1147 261 dematur:
1181 227 1281 256 nam

245 280 416 323 dodrans
441 281 571 325 demit
601 281 652 323 ab
669 279 742 323 ess‘e
777 277 1079 334 quadrantem3
1110 271 1280 336 dex-tans

248 339 345 381 duas
370 341 508 382 uncias
531 355 541 391 3
573 337 706 381 deunx
733 351 859 380 unam
894 367 903 378 .
937 331 1089 395 Nihilo
1113 328 1281 397 ‘felicior

244 397 298 440 est
327 398 488 440 Vossius
521 398 610 449 bes,
645 396 722 439 sive
747 395 817 448 des
833 391 985 436 dffilum
1010 388 1277 453 existimans?

242 455 336 509 quia
363 454 540 498 demitur
563 454 688 497 triens
708 453 766 505 (¹⁵)
786 452 969 507 Septunx
992 449 1199 504 originem
1220 444 1275 486 fui

240 513 426 555 nominis
469 528 516 555 ex
561 511 595 554 se
636 511 820 564 profert.
863 507 994 551 Semis
1024 518 1276 568 quamquam

238 569 379 612 deduci
405 570 528 626 potest
554 570 603 611 ab
624 569 742 620 ›i‘fatou
765 599 777 620 ‚
809 565 982 617 trajectis
1009 576 1201 607 extremis
1226 559 1274 602 li-

238 627 333 670 tcris
363 659 375 681 ,
410 641 549 670 tamen
578 628 768 668 Varrone
789 623 978 676 austere,
1011 621 1141 676 placet
1168 618 1250 681 han

235 696 382 728 vocem
411 685 571 727 asserere
600 683 749 739 linguae
771 681 907 725 latinae
927 680 993 734 ‚se
1016 678 1130 722 enim
1153 676 1273 740 signi-

233 742 331 786 ficar
372 742 591 785 dimidium
618 773 629 793 ‚
680 753 724 782 ut
765 739 915 794 selibra
959 736 1015 780 (9'
1040 734 1272 797 semod1u3e‚

233 799 343 856 quasi
387 800 497 844 librae
538 798 756 842 dimidium
790 796 834 839 δι
868 795 1029 838 modii:
1061 806 1181 848 atque
1216 803 1272 833 ita

225 858 381 913 semis,
427 858 552 901 veluti
580 857 727 911 semia>-
756 854 971 896 dimidium
1001 848 1093 906 affis
1120 881 1129 891 .
1173 850 1267 891 Sex-

230 927 326 959 tans
364 917 490 960 etiarn
531 917 828 957 Romanorum
879 911 932 953 est
982 907 1230 951 vocabulum
1258 936 1271 958 ,

231 973 339 1028 quasi
380 974 486 1016 sexta
535 987 624 1025 pars
657 972 774 1013 affis:
810 968 917 1024 quod
948 965 1078 1009 simile
1113 965 1271 1026 videtur

210 1032 375 1073 Graeco
408 1031 488 1080 ἔξας
519 1028 693 1079 ejusdem
739 1023 1050 1082 significationis
1076 1055 1086 1065 .
1131 1024 1271 1076 Magis

232 1100 371 1130 tamen
418 1087 463 1128 ad
507 1088 698 1129 Graecurn
744 1084 889 1126 sonum
923 1082 1120 1125 accedunt
1169 1095 1264 1136 qua-

227 1147 350 1188 drans
401 1145 443 1187 &
487 1146 608 1187 triens
641 1175 653 1193 ,
697 1139 990 1198 significatione
1046 1152 1185 1182 tamen
1246 1153 1269 1179 a

228 1202 383 1246 Graecis
409 1202 559 1246 diversa
576 1234 585 1245 .
619 1200 736 1249 Tpt'ou
768 1198 881 1243 enim
901 1199 1142 1241 Graecorum
1159 1227 1171 1248 ‚
1193 1209 1263 1237 un-

225 1260 272 1303 de
301 1263 586 1304 Romanorum
608 1256 736 1302 triens
752 1289 762 1309 ,
783 1270 865 1299 tres
885 1256 971 1297 assis
999 1267 1128 1310 partes
1149 1254 1239 1296 sum
1254 1283 1266 1305 ,

225 1317 304 1360 five
332 1331 410 1361 tres
436 1317 567 1360 unciae
592 1334 602 1358 :
637 1315 740 1368 apud
768 1316 979 1356 Romanos
1012 1328 1108 1356 vero
1141 1311 1266 1354 triens

227 1376 367 1418 uncias
394 1375 580 1418 continet
616 1384 824 1429 quatuor:
859 1370 913 1414 est
953 1370 1109 1413 etenim
1146 1369 1264 1413 tertia

222 1447 314 1488 pars
346 1434 457 1476 assis.
492 1431 642 1480 Τετράς
684 1429 730 1471 ad
763 1427 875 1480 cujus
918 1427 1157 1482 exemplum
1190 1441 1261 1469 na-

220 1502 308 1533 tum
336 1491 388 1533 esi
422 1493 706 1532 Romanorum
747 1486 946 1542 quadrans
970 1516 982 1537 ,
1016 1485 1120 1539 apud
1148 1486 1257 1527 Grae-

221 1563 290 1591 cos
314 1560 487 1603 quatuor
518 1543 809 1598 compleffitur
835 1544 975 1586 uncias
997 1557 1006 1582 τ
1041 1558 1135 1584 cum
1163 1556 1260 1596 qua-

225 1604 344 1648 drans
382 1605 483 1658 apud
524 1606 735 1646 Romanos
777 1600 919 1644 uncias
961 1599 1259 1655 comple&atur

225 1674 340 1716 tres3
373 1663 424 1705 est
449 1661 606 1705 etenim
644 1664 730 1714 pars
759 1659 846 1701 assis
878 1669 1022 1715 quarta
1043 1690 1052 1699 .
1085 1659 1149 1709 (a)
1181 1658 1259 1700 His

223 1719 432 1763 vocabulis
462 1719 566 1773 apud
589 1717 754 1760 idoneos
797 1716 1011 1770 cultosque
1046 1715 1258 1769 scriptores

221 1778 422 1821 usurarius
448 1779 534 1820 assis
559 1790 653 1820 cum
683 1774 757 1816 suis
775 1773 1027 1828 exprimitur
1046 1773 1254 1829 partibus:

219 1851 294 1890 pro
314 1851 394 1891 quo
416 1834 571 1877 barbari
599 1831 887 1873 substituerunt
907 1829 1122 1873 duodecim
1139 1862 1150 1881 ,
1186 1845 1256 1885 pro

217 1892 482 1945 centenario,
503 1904 547 1934 ut
571 1888 760 1933 undecim
777 1921 788 1941 ,
817 1887 877 1931 vel
905 1888 1044 1932 decem
1060 1921 1071 1941 ‚
1091 1888 1158 1931 vel
1182 1903 1253 1930 no-

216 1965 312 1993 vem
342 1983 354 2002 ‚
388 1948 450 1993 vel
485 1945 704 2003 osto-„vel
745 1945 924 1999 septem,
956 1944 1018 1990 vel
1047 1945 1112 1989 sex
1139 1977 1150 1998 ,
1184 1944 1251 1988 vel

221 2007 401 2064 quinque
417 2006 507 2057 ,vel
533 2017 734 2060 quatuor,
756 2003 820 2046 vel
843 2016 946 2058 tres,
967 2003 1034 2047 vel
1060 2003 1138 2046 duo
1154 2035 1166 2056 ,
1186 2004 1252 2046 vel

217 2080 373 2108 unum:
407 2080 502 2108 cum
534 2064 663 2106 dicere
683 2061 915 2115 oportuisset
947 2061 1081 2105 usuras
1113 2074 1250 2105 cenre-

201 2123 335 2166 -sxmas
357 2154 367 2174 ‚
395 2123 592 2173 deunces,
625 2120 864 2174 durantes,
895 2119 1134 2172 dodrantes,
1169 2118 1246 2162 bes-

215 2179 298 2231 se3‚
331 2180 537 2234 septunces
563 2211 573 2232 ‚
607 2176 775 2220 semisses
796 2207 808 2229 ,
831 2177 1083 2233 quincunces
1120 2175 1245 2220 trien-

213 2249 300 2289 tes,
333 2237 573 2291 quadrantes
597 2235 822 2286 sextantes,
843 2235 1009 2277 uncias:
1045 2234 1149 2278 unde
1176 2233 1244 2291 qui

213 2293 393 2337 scribunt
442 2293 655 2349 pecuniam
706 2289 882 2335 foenerat
932 2292 980 2335 ad
1042 2292 1248 2336 rationem

213 2363 386 2407 quatuor
428 2367 500 2407 pro
535 2348 774 2394 centenario
813 2381 825 2402 ,
887 2348 1015 2394 latine
1061 2349 1246 2393 dicerent

210 2409 436 2461 expeditius
460 2441 473 2463 ,
516 2408 734 2464 pecuniam
779 2405 955 2450 foenerat
1012 2407 1078 2450 sub
1119 2407 1246 2451 usuris

180 2499 182 2501 .
211 2466 429 2509 trientibus
451 2499 463 2520 ‚
511 2467 553 2509 ἃ
587 2465 644 2508 ita
677 2466 719 2507 in
759 2464 959 2520 reliquis.
999 2465 1246 2509 Centefimae

213 2523 335 2566 usurae
360 2555 372 2578 ‚
415 2540 539 2581 quam
584 2523 817 2579 frequenter
848 2524 1092 2567 invenimus
1139 2524 1243 2581 apud

250 2684 302 2723 ζ’
320 2682 339 2721 D
371 2681 472 2720 Cuius
497 2691 609 2715 tamen
633 2682 823 2722 coniestnra
847 2694 920 2718 eam
944 2685 1100 2717 imitatur
1132 2708 1144 2722 ,
1180 2694 1243 2728 qua

218 2727 316 2770 paulo
355 2734 432 2760 ante
470 2727 578 2760 deunx
604 2727 773 2761 dicebatur
797 2729 885 2770 quast
912 2739 946 2761 as
971 2728 1082 2761 demta
1108 2728 1203 2762 uncia
1230 2752 1239 2769 ‚

214 2779 268 2805 aut
295 2770 436 2805 dextans
467 2772 553 2812 quasi
581 2771 759 2805 dese'xtans
784 2796 796 2812 ‚
825 2781 881 2805 aut
905 2773 1046 2806 dodrans
1073 2774 1159 2814 quasi
1186 2774 1242 2808 de-

209 2816 372 2861 quadrans
404 2838 410 2847 .
441 2818 483 2847 Et
510 2816 638 2849 fallitur
663 2815 769 2848 forsan
795 2817 970 2851 Salmasius
997 2841 1008 2857 ,
1047 2828 1106 2850 nec
1131 2819 1241 2854 minus

207 2868 341 2895 veteres
364 2861 505 2894 ducssem
532 2871 591 2903 pro
611 2861 780 2903 dupondio
792 2861 948 2895 dixerunt
964 2886 975 2903 ,
998 2873 1097 2905 quam
1110 2865 1241 2900 treffem

214 2918 277 2952 pro
302 2905 473 2950 tripondio
494 2930 504 2949 ‚
529 2907 585 2939 etsi
615 2917 679 2938 vox
704 2906 817 2940 dueffis
843 2907 919 2940 dein
943 2908 1172 2944 interciderit.

248 2953 315 2994 (a)
337 2952 466 2986 Salmas.
485 2953 521 2985 de
536 2952 625 2985 modo
641 2952 725 2994 usur.
743 2961 809 2993 cap.
832 2955 863 2984 6.
889 2961 964 2997 pag.
983 2962 1059 2994 255.

248 2998 308 3040 (b)
333 3002 385 3031 De
397 2999 487 3031 modo
504 2996 591 3039 usur.
605 3005 672 3041 cap.
688 3008 719 3041 7.
749 3004 829 3041 pag·
845 3008 922 3040 ²73·

248 3045 304 3084 (c)
327 3045 437 3083 satyr.
456 3053 484 3082 ς.
717 3085 720 3088 ἢ

253 3091 350 3130 [⁴³]
377 3093 458 3131 Quae
482 3096 596 3121 tamen
622 3086 801 3133 aliquoties
826 3088 860 3122 in
888 3085 958 3127 iure
983 3099 1211 3130 memorantur
1228 3117 1240 3138 ‚

207 3142 242 3170 ut
268 3142 405 3182 apparet
428 3145 467 3169 ex
498 3134 673 3169 Briffionio
697 3135 733 3173 ia
755 3145 836 3172 voce
860 3134 1025 3172 dodrans.

685 83 788 143 m:
831 81 1021 162 JtJRE
1059 76 1481 138 NATURAH
1506 121 1526 155 ‚
1571 80 1986 155 GENTmM,

1328 157 1540 215 scriptores
1565 173 1750 214 veteres,
1770 161 1925 217 insigne
1947 169 2267 206 monumentum
2292 158 2364 206 ad·-

1326 215 1440 259 ducit
1475 231 1527 261 ex
1552 218 1682 262 veteri
1707 218 1971 274 inscriptione
1995 217 2238 264 Salmasius:
2272 219 2362 272 (b)

1329 273 1436 337 unde
1458 275 1617 319 ratione
1642 276 1742 320 bene
1763 277 1975 330 subduSta,
1996 276 2209 322 manifesto
2237 292 2368 334 appa-

1328 331 1431 374 rebit
1453 333 1663 388 quantitas
1687 336 1901 379 unciarum
1927 335 2140 379 duodecim
2168 335 2212 379 in
2230 349 2361 379 annos

1328 387 1527 444 singulos.
1560 392 1683 435 Hanc
1708 408 1792 436 non
1821 393 1999 437 Romani
2031 392 2224 447 exemplo
2247 394 2358 436 Grae-

1325 461 1470 491 corum
1500 448 1764 493 centesimam
1785 482 1799 504 ‚
1829 465 1876 495 ut
1903 450 2118 494 Salmasius
2157 451 2363 494 existima-

1326 503 1419 557 bat;
1453 505 1514 550 sed
1533 506 1668 551 Graeci
1698 508 1889 564 exemplo
1912 510 2200 553 Romanorum
2227 507 2366 548 ἑκατο-

1323 561 1385 624 σᾷν
1423 563 1533 604 τόκον
1562 564 1820 619 appellarunt
1844 599 1855 620 ,
1886 579 1930 608 ut
1959 567 2198 609 Gronovius
2230 565 2365 607 osten·

1351 631 1408 672 ιτς
1439 620 1678 678 easdemque
1705 637 1936 676 vocarunt,
1968 624 2021 665 ob
2045 639 2091 667 ea
2108 656 2120 677 ‚
2152 639 2240 680 quae
2263 636 2366 675 prae-

1323 675 1503 721 diximus
1527 710 1540 731 ‚
1573 681 1704 723 usuras
1728 681 1822 722 asses
1845 711 1854 722 .
1886 680 2150 734 Quincunces
2180 712 2193 734 ,
2225 680 2269 724 δε
2294 679 2362 723 de-

1326 749 1448 777 unces
1476 750 1678 781 memorat
1708 737 1857 779 Persius
1882 752 1896 776 .·
1930 737 1988 787 (c)
2176 765 2182 769 -

1378 792 1493 845 Quid
1519 796 1657 850 petis?
1688 808 1731 837 ut
1743 795 1920 848 nummi,
1953 811 2051 850 quos
2081 795 2144 837 hic
2163 794 2365 850 quincun-

1439 867 1478 893 ce
1499 851 1663 907 modesto
2332 880 2334 882 v

1378 907 1597 953 Nutrieras
1629 910 1773 954 avidos
1799 921 1964 967 perga-at
1992 909 2132 963 sudore
2162 911 2328 953 deunces
2346 941 2358 953 .

1324 966 1598 1009 Dextantium
1655 969 1867 1010 usurarum
1919 969 2133 1021 vestigium
2189 968 2366 1011 ostendit·

1321 1022 1536 1066 Salmasius
1555 1024 1598 1066 in
1623 1023 1703 1067 alia
1729 1025 1997 1080 inscriptione
2019 1042 2028 1067 :
2062 1041 2184 1081 quam
2218 1026 2363 1070 eodem

1322 1080 1453 1134 capite
1475 1082 1665 1124 adducit.

1377 1139 1660 1183 Dodrantium
1690 1139 1900 1182 usurarum
1929 1139 2042 1182 nulla
2081 1137 2187 1182 mihi
2226 1138 2357 1184 adhuc

1319 1195 1455 1239 oblata
1480 1198 1535 1241 est
1580 1197 1764 1241 mentio.
1792 1199 1894 1250 (**)
1928 1198 2157 1240 Usurarum
2194 1198 2371 1240 bessium.

1319 1254 1423 1296 testis
1459 1255 1513 1297 est
1549 1256 1702 1299 Cicero
1742 1255 1791 1298 ad
1818 1256 2007 1298 Atticum
2039 1256 2125 1307 (d)
2165 1255 2230 1297 his
2270 1270 2376 1309 ver-—

1319 1310 1402 1354 bis:
1436 1313 1582 1355 Foenus
1612 1329 1658 1354 ex
1692 1314 1833 1355 triente
1863 1313 1999 1356 idibus
2028 1314 2270 1369 quintilibus
2288 1311 2359 1365 fa-

1314 1369 1416 1412 ssum
1447 1368 1499 1426 est
1530 1369 1695 1426 bqfflbus
1715 1402 1725 1413 .
1767 1371 1989 1426 Septunces
2023 1372 2157 1413 usuras
2195 1370 2356 1412 conser-

1317 1427 1430 1469 vavit
1480 1444 1710 1471 marmorea
1757 1427 1893 1471 tabula
1945 1428 2174 1471 testamenti
2215 1428 2356 1470 Vene-

1314 1484 1382 1527 tiis
1411 1516 1424 1537 ‚
1469 1501 1593 1541 quarn
1625 1486 1771 1536 eodem
1813 1486 1945 1541 capite
1981 1485 2196 1528 Salmasius
2227 1483 2360 1537 expli-

1313 1542 1422 1585 cavit
1449 1574 1458 1583 .
1504 1544 1585 1595 (e)
1615 1543 1847 1586 Semissium
1886 1558 1982 1586 vero
2015 1542 2225 1585 usurarum
2264 1541 2358 1596 plu-

1313 1615 1352 1641 ra
1385 1598 1619 1643 testimonia
1656 1612 1884 1643 occurrunt
1915 1632 1927 1653 ‚
1972 1615 2066 1643 cum
2104 1599 2229 1642 essent
2269 1613 2361 1641 cre-

1311 1656 1461 1700 briores
1487 1690 1500 1711 ,
1544 1670 1684 1712 utpote
1715 1658 1859 1713 mediae
1895 1657 2001 1704 inter
2029 1658 2231 1700 maximas
2258 1687 2270 1709 ,
2309 1655 2354 1699 ὃς

1310 1714 1506 1758 minimas
1553 1715 1683 1758 usuras
1719 1731 1729 1756 τ
1775 1715 1818 1758 &
1861 1715 1955 1758 finis
1998 1714 2234 1771 graviorum
2261 1745 2274 1767 ,
2306 1728 2354 1756 ac

1310 1772 1515 1815 leviorum
1555 1772 1724 1816 initium
1761 1803 1771 1814 .
1826 1773 1949 1815 Unde
1983 1772 2195 1826 Ulpianus
2221 1802 2231 1813 .
2274 1769 2356 1823 (f)

1307 1831 1362 1871 Et
1393 1827 1468 1881 mst
1493 1829 1697 1885 posuerint
1730 1829 1883 1872 heredes
1913 1828 2053 1882 usuras
2085 1830 2254 1871 leviores
2285 1828 2351 1869 in-

1306 1900 1367 1928 tra
1380 1887 1453 1941 sex
1473 1888 1621 1941 menses
1635 1919 1648 1941 ‚
1668 1885 1734 1940 fin
1753 1889 1886 1930 minus
1905 1887 2043 1941 usura's
2055 1883 2232 1941 sormffes
2250 1885 2351 1926 Rei-

1299 1945 1463 2000 publica
1501 1946 1677 2000 pendant
1707 1977 1717 1988 .
1775 1946 1948 1988 Easdem
1992 1943 2161 1987 semisses
2214 1942 2350 1985 usuras

1304 2002 1557 2046 Modestinus
1604 2001 1783 2058 appellat
1810 2034 1819 2044 .
1852 2004 1938 2058 (g)
1980 2001 2248 2055 Quincunces
2300 2016 2348 2044 u·

1304 2061 1409 2104 suras
1447 2074 1589 2116 praeter
1637 2058 1813 2103 Persium
1849 2059 2030 2102 Scaevola
2052 2091 2065 2113 ‚
2106 2058 2216 2111 (h)
2258 2073 2348 2102 me-

1301 2131 1436 2162 morat
1490 2118 1621 2162 etiam
1671 2117 1715 2161 ὅ(
1763 2117 1978 2172 Ulpianus
2013 2133 2024 2158 t
2086 2119 2104 2170 (
2131 2117 2146 2159 i
2171 2118 2188 2167 )
2240 2115 2346 2170 apud

1297 2191 1420 2231 quem
1462 2177 1588 2219 etiam
1622 2174 1677 2218 est
1723 2175 1884 2218 mentio
1919 2176 1967 2218 de
2004 2174 2222 2217 trientibus
2254 2174 2346 2216 usu-

1297 2233 1350 2275 ris
1380 2265 1393 2288 ,
1425 2235 1492 2285 (k
1519 2234 1536 2285 )
1577 2247 1676 2289 quas
1708 2234 1845 2287 passim
1881 2232 2052 2285 reperies
2093 2230 2199 2283 apud
2232 2243 2342 2274 vete-

1297 2306 1388 2344 res,
1433 2289 1632 2346 praecipue
1670 2289 1955 2344 Lampridium
1982 2321 1994 2343 ‚
2048 2288 2120 2342 [l]
2166 2287 2342 2342 Capito-

1296 2347 1432 2391 linum
1459 2380 1471 2401 ‚
1503 2349 1605 2399 (m)
1636 2346 1889 2390 Ciceronem
1917 2379 1929 2399 ‚
1960 2347 2046 2398 (n)
2084 2344 2342 2399 Quadrantes

1296 2406 1418 2449 usurae
1449 2406 1647 2460 leguntur
1681 2405 1785 2460 apud
1821 2403 2048 2448 Scaevolam
2076 2436 2086 2447 .
2118 2405 2179 2456 (ο
2206 2404 2222 2453 )
2263 2402 2340 2446 Sed

1293 2464 1407 2507 nulla
1432 2463 1592 2506 mentio
1623 2464 1666 2506 in
1691 2461 1776 2514 jure
1815 2462 2063 2506 sext-antium
2086 2494 2096 2505 .
2139 2460 2337 2504 Tandem

1291 2522 1570 2567 descendimus
1611 2521 1661 2565 ad
1691 2520 1826 2565 usuras
1859 2520 2001 2565 uncias
2031 2552 2045 2575 ‚
2095 2533 2245 2574 nempe
2286 2517 2337 2561 ad

2261 2589 2340 2618 un-

1336 2685 1398 2724 (A)
1424 2683 1528 2725 Eprst.
1551 2696 1601 2724 14.
1626 2684 1734 2724 libai..
1827 2683 1883 2726 (e)
1929 2685 2011 2727 Pag-
2029 2685 2107 2725 278.

1335 2730 1419 2772 (f)
1445 2733 1482 2762 L.
1501 2742 1531 2772 5.
1557 2728 1594 2772 ff
1611 2731 1649 2762 de
1663 2738 1744 2772 oper.
1759 2729 1834 2772 pub.

1336 2775 1398 2818 (g)
1423 2774 1630 2809 Modestinus
1643 2777 1667 2808 Ι.
1688 2786 1738 2808 10.
1749 2773 1791 2818 ff
1811 2775 1851 2807 de
1861 2773 2046 2816 pollicine-
2062 2768 2250 2807 Columella
2268 2768 2328 2805 lib·

1318 2845 1326 2854 .
1351 2832 1387 2853 ea
1411 2843 1419 2851 .
1436 2829 1468 2858 3.

1292 2832 1307 2862 3
1336 2826 1408 2906 (top
1425 2869 1461 2898 L.
1477 2867 1625 2900 creditor.
1643 2868 1672 2910 ς.
1692 2863 1815 2898 'Titius
1827 2862 1864 2904 ff.
1882 2865 1920 2896 de
1928 2863 2089 2905 solution·

1335 2911 1389 2950 (ἱ)
1414 2914 1451 2944 L.
1467 2924 1499 2951 7.
1514 2910 1551 2954 ff.
1569 2913 1607 2944 de
1621 2908 1799 2950 adminisiv.
1820 2920 1883 2942 tut.

1335 2957 1397 2996 (k)
1426 2958 1461 2987 1..
1477 2970 1498 2998 7
1527 2959 1556 3000 §.
1578 2967 1628 2990 xo.
1643 2954 1680 2995 ff
1695 2956 1733 2988 de
1747 2953 1927 2996 adminissr.
1943 2962 2010 2988 rut.

1335 3003 1387 3041 (Ι)
1417 3004 1459 3034 In
1476 3003 1569 3036 Alex·
1587 3006 1695 3036 Sever.

1334 3048 1403 3088 (m)
1433 3049 1471 3078 In
1490 3048 1565 3080 νίκα
1582 3047 1751 3081 Antonini
1766 3046 1821 3078 Pin·
1839 3067 1850 3078 .

1317 3092 1398 3133 ⁴0⁸)
1423 3095 1466 3125 In
1482 3091 1570 3134 episi.
1589 3093 1629 3124 ad
1653 3094 1759 3125 Aetic.
2171 3113 2174 3119 ·

1335 3139 1394 3180 (o)
1418 3141 1458 3173 L.
1477 3137 1594 3175 liberto
1609 3148 1662 3174 21.
1681 3139 1711 3183 §·
1726 3137 1855 3184 largius
1867 3146 1901 3179 4-
1911 3133 1954 3183 ff.
1967 3135 2006 3174 de
2022 3144 2097 3173 ann·
2112 3136 2221 3181 tegat·
