2596 3479
204 96 306 134 102

199 155 328 206 miis;
362 151 530 209 ibique,
562 164 683 210 atque
715 154 840 198 etiarn
875 155 917 197 in
949 153 1100 198 Galliis
1133 153 1241 199 inter

204 214 419 255 Senatores
453 210 576 255 lefi‘tus
597 244 608 264 ,
643 225 685 255 ut
717 213 919 269 dignitate
940 244 953 266 ‚
987 213 1052 255 ubi
1087 213 1242 266 liceret,

203 283 387 315 uteretur
427 301 436 311 .
484 270 716 313 Bononiam
764 286 858 313 vero
892 283 1057 313 vocatus
1089 287 1108 313 a
1143 273 1245 315 Gre-

203 328 320 387 gorio
352 329 482 372 XIII.
516 328 649 371 nescio
681 344 759 383 qua
795 327 923 371 Italiae
956 328 1198 374 infelicitate
1231 362 1242 384 ‚

205 386 403 432 recusavit
435 386 482 428 ad
513 387 730 442 antiquum
764 387 963 430 bonarum
995 387 1147 430 artium
1170 388 1237 431 do-

204 444 413 489 micilium
450 443 619 487 venire:
653 460 734 500 quo
766 460 861 488 eum
888 457 1068 488 veterum
1101 446 1239 489 saltem

205 502 590 556 jurisconsultorum
616 501 826 546 celebritas
852 535 863 556 ,
907 518 1128 559 eorumque
1156 520 1238 547 me-

205 562 336 605 moria
371 559 570 616 religione
603 561 779 616 quadarn
821 560 1077 617 antiquitatis
1102 562 1236 605 conse-

203 632 314 663 crata
340 650 352 671 ‚
385 617 615 673 pertrahere
643 618 837 662 debuisset
865 652 873 661 .
929 621 1052 661 Porro
1079 619 1237 670 Cujacii

201 677 312 720 fama
336 677 378 718 in
407 676 692 720 remotissimas
718 677 901 732 regiones
927 690 1013 720 tarn
1040 676 1118 720 late
1150 709 1160 728 s
1194 694 1238 720 ac

202 733 336 789 rapide
365 734 590 791 vagabatur
623 767 634 788 ‚
688 748 731 777 ut
755 734 1040 778 incredibilem
1078 735 1237 778 audito·

199 807 291 836 rum
337 792 498 835 turbam
544 792 694 836 sedibus
728 794 866 848 patriis
900 805 1031 835 motos
1063 793 1110 834 ad
1144 808 1237 836 eum

199 850 466 896 conduxerit.
501 851 679 906 Unaque
714 851 797 894 haec
829 852 1020 892 omnium
1047 849 1129 901 eius
1154 849 1237 894 lau-

199 909 296 952 dum
329 908 450 951 instar
483 908 559 951 erit
586 939 599 961 ‚
642 909 746 963 quod
777 909 821 951 δε
851 908 1073 963 Josephum
1108 908 1236 952 Scali-

197 982 341 1024 gerum
377 966 563 1008 habuerit
596 966 822 1009 auditorem
863 982 872 1007 τ
925 966 995 1021 qui
1040 965 1238 1022 gloriatur

202 1027 245 1069 in
277 1024 360 1076 jure
393 1023 506 1066 civili
541 1022 746 1066 doctorem
780 1022 956 1067 habuisse
989 1023 1237 1077 Cujacium‚

196 1096 409 1137 nunquam
452 1082 520 1123 abs
564 1080 598 1122 se
633 1079 713 1124 fine
747 1081 941 1137 peculiari
977 1081 1091 1125 laude
1124 1098 1235 1125 com-

197 1151 476 1183 memoratum
511 1170 519 1180 .
569 1139 741 1182 Etenim
768 1171 780 1192 ,
825 1152 966 1195 praeter
996 1139 1076 1183 alia
1110 1139 1198 1183 loca
1225 1171 1237 1194 ‚

197 1197 436 1241 invenimus
468 1196 511 1239 in
544 1196 828 1252 Scaligerianis
860 1197 1081 1250 Cujacium
1114 1215 1137 1241 a
1168 1199 1236 1249 Jo-

200 1255 321 1312 sepho
353 1254 618 1309 margaritam
650 1255 1037 1305 Jurisconsultorum
1071 1256 1232 1299 vocari:

196 1328 319 1368 quem
354 1311 424 1355 sibi
462 1324 623 1354 tantum
659 1311 842 1367 scripsisse
875 1313 997 1356 tradit
1026 1345 1038 1367 ‚
1081 1314 1123 1356 ἃ
1167 1313 1237 1355 do-

195 1371 270 1414 &is
303 1387 312 1410 ε
361 1368 490 1424 ipsum
526 1383 622 1411 vero
653 1369 908 1426 Scaligerum
935 1403 947 1423 ‚
992 1370 1130 1415 relicta
1166 1387 1231 1425 pa-

195 1428 274 1470 tria
305 1459 317 1481 ,
367 1439 584 1482 exceptum
617 1443 640 1471 a
671 1427 844 1477 Cujacio
878 1428 1084 1472 Valentiae
1108 1461 1120 1482 ‚
1165 1429 1234 1484 qui

193 1501 289 1529 eum
323 1487 339 1536 (
372 1497 414 1527 ut
447 1485 568 1527 verba
601 1483 680 1539 ipsa
715 1485 883 1529 referam
920 1488 935 1537 )
968 1487 1009 1528 in
1041 1488 1114 1529 illa
1134 1489 1235 1529 navi

195 1543 452 1598 nauseantem
485 1543 665 1585 bonorum
687 1542 910 1596 studiorum
940 1542 1053 1601 gustu
1086 1542 1232 1597 refecit.

193 1603 331 1656 Quam
374 1601 426 1643 ob
469 1599 626 1643 causam
671 1600 706 1643 ei
744 1603 793 1643 ab
826 1603 916 1644 Deo
951 1605 1057 1644 bona
1088 1602 1232 1644 omnia

190 1671 379 1714 precatur
428 1658 570 1712 optimo
614 1656 669 1700 (9⁴
700 1659 1005 1715 incomparabili
1055 1661 1140 1703 viro
1163 1692 1175 1713 ‚
1207 1678 1231 1701 a

192 1733 267 1772 quo
294 1712 431 1770 fuzffet
463 1716 563 1757 bona
587 1715 658 1768 spe
682 1716 925 1769 sustentatus
945 1751 953 1759 .
990 1717 1105 1760 Idem
1137 1718 1230 1760 Sca-

191 1775 296 1830 liger
332 1772 497 1817 scribit:
534 1775 738 1828 quidquid
768 1777 957 1817 Alciatus
987 1771 1193 1829 inchoaffet
1218 1807 1229 1825 ,

189 1828 400 1886 abfhlvtffe
430 1831 670 1884 Cuimium,
703 1831 757 1874 (θ’
782 1833 1146 1887 Jurz'sprudentiam
1162 1843 1232 1886 per

183 1889 304 1943 suam
336 1887 456 1945 ipsius
484 1889 570 1931 vim
603 1887 807 1945 explicaffe
830 1922 838 1932 .
885 1892 1073 1934 Eundem
1111 1889 1230 1933 refert

189 1947 303 2002 super
335 1959 470 2002 tapeto
504 1962 680 2001 pronum
706 1979 718 1999 ‚
772 1947 961 2004 librisque
1007 1948 1221 1991 circumfu

191 2003 277 2046 surn
313 2003 446 2060 legere
478 2004 753 2046 consuevisse.
787 2006 874 2048 1³0st
909 2005 1068 2057 subjicit
1094 2037 1106 2057 ‚
1140 2007 1223 2048 Cu·

185 2060 336 2116 jacium
380 2062 592 2104 Theoi-iam
619 2062 733 2113 Juris
761 2063 941 2106 Romani
971 2064 1117 2107 veteris
1148 2066 1227 2105 cal-

185 2116 296 2174 luzffe
328 2120 469 2176 optime
506 2136 520 2159 .·
571 2118 659 2162 usus
693 2136 788 2163 vero
821 2121 987 2164 forensis
1019 2137 1102 2165 non
1135 2134 1220 2164 tan-

185 2188 274 2220 tum
307 2176 417 2220 fuisse
451 2177 641 2232 ignarum
678 2209 691 2230 ‚
744 2178 803 2221 sed
837 2179 1029 2234 cupidum
1063 2194 1224 2235 quoque

182 2233 408 2278 dediscendi
436 2265 447 2285 ,
482 2234 506 2277 fi
541 2233 635 2290 quid
669 2235 918 2278 imbibisset:
955 2253 1003 2280 ne
1025 2253 1046 2279 a
1071 2239 1224 2280 Rorna-

181 2306 237 2334 no
268 2290 353 2343 jure
385 2291 671 2335 distraheretur
696 2324 705 2335 .
739 2292 928 2344 Ejusdem
961 2308 1098 2338 autem
1133 2310 1203 2348 pro

181 2349 353 2393 bitatem
401 2348 479 2394 hoc
510 2363 755 2407 argumento
789 2353 1030 2406 comprobat
1061 2384 1073 2405 ‚
1117 2353 1221 2407 quod

178 2406 284 2450 haud
337 2406 529 2462 exiguam
583 2408 668 2451 auri
729 2408 930 2453 summam
984 2410 1026 2455 in
1069 2410 1222 2453 alendis

178 2464 382 2520 discipulis
414 2465 548 2509 amifit
575 2497 587 2519 ,
629 2467 725 2509 dum
770 2483 792 2509 a
837 2467 970 2511 Patria
1004 2469 1218 2523 pecuniam

178 2524 474 2585 expeRarent.
518 2524 676 2568 Eodem
711 2524 920 2581 Scaligero
953 2527 1046 2570 tesle
1074 2558 1086 2579 ‚
1133 2527 1217 2569 Cu-

179 2581 303 2630 ,acius
336 2582 382 2624 ad
413 2582 474 2634 jus
505 2583 648 2625 omnia
682 2583 879 2627 referebat
915 2616 926 2636 ‚
968 2584 1010 2628 &
1043 2601 1137 2628 cum
1170 2584 1220 2627 ab

177 2637 373 2693 imperito
433 2639 570 2695 aliquo
631 2642 940 2685 Grammaticus
995 2642 1213 2696 appellare-

178 2706 245 2739 tur
270 2727 282 2749 ,
330 2696 533 2740 subridens
564 2698 836 2753 excipiebat:
869 2701 990 2743 Dolet
1023 2700 1112 2742 huic
1135 2700 1216 2754 sci-

217 2868 268 2907 (⁴¹
288 2866 307 2905 )

174 2912 440 2945 Protestantium
477 2912 734 2948 dissimulantis,
773 2924 874 2956 quam
904 2925 971 2946 rem
1004 2914 1042 2946 ad
1068 2917 1215 2950 Ecclesiae

172 2954 336 2994 judicium
380 2958 587 2992 remittentis
631 2957 784 2992 videtur.
816 2963 961 2992 Denatus
988 2961 1032 2992 est
1060 2963 1215 2998 Cuiaeius

167 3012 256 3035 anno
286 3003 395 3036 aetatis
422 3003 682 3047 septuagesimo.
724 3008 823 3038 Anno
850 3005 938 3037 enim
968 3006 1084 3039 christi
1116 3017 1211 3045 1520.

167 3056 284 3082 natum
312 3049 374 3082 esse
391 3072 401 3089 ‚
428 3058 472 3082 ex
504 3050 702 3082 testamento
727 3049 797 3087 ejus
825 3051 949 3083 constat
966 3072 975 3088 ,
1005 3052 1087 3085 Filia
1117 3052 1208 3091 ejus,

165 3092 337 3133 Susanna,
383 3102 534 3138 tempore
576 3095 695 3128 mortis
730 3093 801 3134 ejus
841 3097 978 3129 trimula
1017 3106 1113 3134 erat,
1154 3108 1209 3132 aut

159 3146 251 3183 certe
284 3147 387 3175 aetate
415 3152 482 3174 non
510 3140 620 3174 multo
652 3139 761 3178 major
779 3164 789 3180 ,
818 3142 991 3185 progenita
1032 3153 1073 3176 ex
1100 3144 1207 3177 secun-

160 3182 202 3217 δὴ
229 3183 360 3225 Cuiasii
397 3197 524 3228 uxore,
553 3185 708 3223 Gabriele
736 3191 864 3222 Harvea
881 3211 890 3220 .
918 3187 983 3223 Illa
1006 3185 1130 3223 famam
1152 3193 1211 3223 Pa-

518 2832 1005 2845 —————————

354 2866 454 2908 Qucd
485 2875 596 2899 tamen
623 2867 696 2898 aliis
722 2867 843 2901 callide
886 2869 988 2911 magis
1018 2871 1214 2910 religionem

628 77 753 132 DE
812 77 1102 132 ORTU
1159 81 1288 135 ET
1340 83 1962 140 PROGRESSU

1289 158 1379 200 licet
1403 157 1448 213 se
1480 176 1555 202 non
1587 157 1658 216 effe
1690 163 1808 205 talem
1845 193 1855 204 .
1908 163 1958 205 In
2003 160 2161 219 legibus
2195 173 2337 207 tamen

1289 217 1394 259 XII.
1426 217 1685 262 Tabularum
1715 251 1726 273 ‚
1770 220 1951 277 Scaliger
1985 221 2110 265 tradit
2145 254 2158 276 ,
2200 222 2268 264 abs
2304 220 2340 264 se

1292 273 1423 316 multa
1455 275 1676 326 Cujacium
1700 278 1902 332 didicisse,
1937 278 2000 322 his
2028 279 2157 323 verbis
2183 296 2193 321 :
2227 279 2338 322 Nal-

1289 333 1351 373 lus
1395 329 1447 386 est
1485 365 1496 384 ,
1545 335 1618 388 qui
1647 336 1695 378 de
1727 337 1878 388 legibus
1900 339 2001 382 XII.
2034 338 2185 381 Tabul.
2218 338 2341 393 quid-

1289 405 1411 454 qusfm
1441 390 1570 433 docere
1601 409 1659 434 me
1686 393 1825 450 poffit‚
1858 411 1904 438 ne
1935 396 2003 439 Cu
2019 395 2128 439 acius
2154 397 2334 452 quidem:

1289 465 1375 509 qut<
1403 465 1476 491 non
1518 449 1811 505 inficiabatur,
1862 470 1922 495 me
1966 454 2030 496 illi
2072 455 2199 497 multa
2229 455 2339 496 indi-

1289 504 1385 557 calle
1407 537 1418 557 ‚
1451 524 1533 562 quae
1563 509 1749 553 hac‘lenus
1779 527 1866 553 eum
1899 513 2097 554 latuerant
2121 544 2129 554 .
2168 511 2335 568 Sibique

1291 563 1430 606 multoe
1466 563 1571 609 laudi
1603 567 1716 611 ducit
1743 600 1755 622 ‚
1797 569 1904 624 quod
1935 586 1958 612 a
1990 569 2164 620 Cujacio
2198 569 2335 613 laude·

1291 635 1380 675 tur,
1412 620 1540 665 horno
1571 623 1726 680 alioqui
1756 641 1838 668 non
1867 627 2196 672 modestissimus.
2231 627 2335 670 Non

1289 691 1383 723 ante
1408 679 1600 744 (Jujacius
1620 683 1667 725 ad
1688 684 1915 727 docendum
1936 685 2175 737 accedebat,
2208 700 2335 739 quam

1290 738 1462 793 septenis
1488 770 1499 792 ,
1533 753 1602 783 aut
1633 741 1792 784 ofi'tonis
1826 740 1936 784 horis
1961 753 2329 796 commentaretur3

1287 796 1329 838 &
1375 795 1441 839 ubi
1487 797 1695 842 difficilem
1741 799 1877 842 locum
1933 798 2179 852 inveniret,
2226 799 2334 842 haud

1289 853 1460 909 pudebat
1503 855 1639 899 virum
1667 888 1678 909 ,
1726 856 1844 901 solius
1877 857 2061 900 veritatis
2093 857 2287 911 cupidum
2317 888 2331 911 ,

1288 924 1450 965 tempus
1480 912 1528 955 ad
1560 914 1843 958 meditandum
1881 915 2037 959 sumere
2071 945 2078 954 .
2133 916 2333 958 Veterem

1285 969 1563 1014 eruditionem
1595 972 1699 1014 tanti
1734 972 1906 1016 faciebat
1937 1005 1949 1026 ‚
1996 985 2041 1016 ut
2070 988 2116 1015 ea
2152 973 2185 1016 se
2217 973 2332 1017 dice-

1286 1040 1346 1070 ret
1390 1027 1432 1069 in
1475 1026 1560 1080 jure
1595 1029 1708 1072 civili
1743 1042 1940 1086 tanquam
1974 1031 2100 1073 hamo
2134 1030 2278 1084 piscari
2317 1063 2329 1074 .

1285 1086 1399 1129 Cum
1430 1085 1622 1128 animum
1655 1085 1810 1129 laxaret
1848 1118 1859 1140 ‚
1909 1087 1953 1130 δε
1996 1086 2218 1130 intervalla
2253 1089 2331 1131 stu-

1284 1143 1448 1186 diorum
1481 1142 1764 1199 frequentibus
1794 1145 2004 1188 conviviis
2035 1161 2115 1188 una
2147 1161 2242 1188 cum
2269 1145 2332 1188 di-

1286 1201 1447 1255 scipulis
1490 1214 1755 1256 occuparet,
1815 1202 1973 1247 nullam
2027 1203 2185 1246 interea
2234 1201 2331 1253 juris

1285 1260 1543 1302 mentionem
1578 1258 1721 1303 inferri
1755 1261 1983 1316 patiebatur
2015 1293 2024 1303 .
2069 1261 2172 1303 Belli
2206 1261 2330 1304 Civi-

1285 1316 1333 1360 lis
1377 1329 1561 1372 tempore
1597 1349 1608 1370 ,
1654 1332 1750 1360 cum
1809 1330 2017 1373 putaretur
2069 1317 2335 1362 Heuricianis

1285 1375 1465 1429 partibus
1497 1374 1632 1417 favere
1654 1406 1666 1427 ,
1711 1375 2016 1430 credereturque
2049 1376 2094 1419 de
2140 1375 2332 1418 tradenda

1284 1433 1471 1476 Henrico
1521 1448 1589 1486 per
1641 1431 1802 1476 infidias
1851 1433 2087 1490 Biturigum
2133 1434 2228 1475 urbe
2261 1449 2335 1477 oc-

1283 1491 1394 1534 culta
1425 1490 1592 1534 consilia
1625 1489 1728 1533 inire
1756 1523 1767 1544 ,
1815 1490 2010 1534 seditione
2044 1490 2228 1545 populari
2263 1506 2332 1545 pe-

1283 1564 1333 1592 ne
1378 1548 1455 1591 fuit
1498 1547 1702 1603 oppressus
1729 1580 1741 1601 ,
1786 1548 1848 1590 vir
1894 1547 2047 1604 alioqui
2100 1548 2333 1603 Religionis

1284 1610 1484 1650 Romanae
1514 1606 1791 1648 tenacissimus
1834 1638 1846 1659 ‚
1891 1605 2188 1661 impatiensque
2233 1605 2335 1649 adeo

1283 1681 1418 1709 rerum
1454 1679 1655 1707 novarum
1690 1696 1701 1717 ,
1748 1675 1791 1706 ut
1834 1663 1881 1706 de
1928 1665 2042 1707 rebus
2086 1663 2132 1706 ad
2167 1662 2335 1718 religio-

1283 1739 1377 1766 nem
1430 1721 1727 1777 pertinentibus
1778 1734 1940 1764 r0=atus
1985 1754 1996 1773 ‚
2062 1721 2330 1776 quaestionem

1280 1782 1326 1823 ad
1372 1779 1562 1824 Ecclefiae
1593 1777 1792 1828 judicium
1826 1781 1907 1830 (²⁴⁸)
1942 1779 2170 1822 remitteret
2265 1777 2330 1821 his

1283 1840 1413 1881 verbis
1457 1854 1466 1879 ε
1514 1836 1637 1878 Nihil
1681 1836 1749 1879 hoc
1786 1837 1841 1878 ad
1884 1837 2071 1880 Edic‘sum
2108 1837 2293 1878 Praetoris
2320 1867 2330 1878 .

1282 1898 1476 1939 Praeterea
1519 1906 1603 1939 erat
1645 1894 1744 1937 adeo
1787 1910 1808 1937 a
1842 1893 2088 1938 factionibus
2120 1893 2278 1936 alienus
2312 1924 2325 1947 ,

1281 1955 1531 2010 ingenioque
1582 1963 1668 1994 tam
1714 1952 1934 2008 placidus,
1989 1965 2032 1995 ut
2074 1951 2325 1994 militarium

1280 2012 1535 2055 tumultuum
1580 2043 1583 2046 -
1655 2009 1698 2052 δί
1743 2009 2019 2066 frequentium
2078 2009 2325 2051 seditionum

1278 2070 1394 2113 taedio
1420 2101 1434 2124 ,
1484 2069 1578 2110 vitae
1611 2067 1843 2110 naturalem
1875 2067 2082 2122 abruperit
2115 2066 2276 2109 cursum
2310 2097 2323 2120 ,

1276 2143 1399 2184 quem
1443 2142 1514 2182 pro
1549 2125 1728 2180 corporis
1763 2126 1958 2170 firmitate
1994 2157 2006 2178 ‚
2048 2137 2169 2179 atque
2221 2125 2328 2168 inte-

1274 2202 1345 2240 gra
1401 2183 1635 2227 valetudine
1682 2182 1845 2236 longius
1897 2182 2141 2239 produxisset
2188 2198 2196 2222 :
2251 2180 2326 2224 nisi

1274 2241 1473 2286 defecisset
1530 2256 1682 2295 angore
1735 2240 1917 2293 animi,
1965 2239 2145 2290 suscepto
2187 2254 2209 2282 e
2261 2238 2324 2281 Iu-

1272 2300 1407 2344 &uosa
1448 2313 1592 2342 eorum
1637 2311 1874 2349 temporum
1921 2298 1962 2339 in
2010 2296 2148 2339 Gallia
2185 2295 2324 2339 litera·

1275 2374 1365 2402 rum
1389 2389 1403 2408 ,
1435 2356 1477 2399 ἃ
1510 2356 1712 2398 bonarum
1745 2355 1893 2397 artium
1929 2354 2029 2398 facie
2065 2371 2074 2395 :
2129 2369 2217 2410 quae
2251 2369 2345 2397 no--·

1273 2418 1330 2460 bis
1379 2413 1600 2465 Cujacium
1645 2412 1806 2456 abstulit
1849 2413 1995 2456 octavo
2038 2412 2080 2454 &
2127 2412 2322 2469 sexagesi-

1272 2491 1341 2518 mo
1385 2472 1513 2516 aetatis
1558 2471 1633 2514 suae
1674 2486 1785 2514 anno
1824 2503 1835 2525 ,
1892 2487 1914 2513 a
1970 2470 2136 2513 Christo
2180 2484 2320 2514 autem

1273 2545 1369 2575 nato
1411 2530 1608 2573 MDXC.
1654 2542 1799 2585 quarto
1847 2529 2052 2572 Kalendas
2095 2528 2274 2572 oflobris
2309 2560 2322 2582 ‚

1271 2590 1409 2634 reli&a
1458 2604 1507 2631 ex
1566 2587 1733 2631 secunda
1791 2603 1916 2631 uxore
1960 2587 2046 2630 filia
2091 2586 2316 2629 Susanna:

1268 2648 1333 2692 cui
1366 2645 1614 2699 mandavit,
1659 2658 1702 2688 ut
1736 2644 2032 2690 bibliothecam
2075 2645 2118 2689 in
2164 2643 2324 2686 heredi-

1267 2717 1350 2749 tate
1382 2715 1583 2760 repertam
1616 2702 1778 2758 sparsim
1814 2704 2004 2747 venderet
2031 2735 2043 2757 ,
2087 2717 2168 2757 quo
2201 2700 2320 2764 libr-is

2277 2775 2324 2802 m

1266 2840 1492 2855 —————-

1265 2878 1326 2910 tris
1360 2873 1527 2917 impudica
1554 2873 1624 2905 vita
1650 2871 1902 2912 dehonestavit,
1948 2883 2047 2916 quam
2077 2874 2112 2906 in
2146 2883 2214 2905 rem
2241 2872 2316 2905 lusit

1267 2921 1446 2956 Merillius
1461 2942 1473 2958 ‚

1357 2967 1495 2999 Viderat
1516 2986 1527 3004 ,
1551 2963 1723 3003 immensos
1751 2962 1866 3001 Cujaci
1893 2972 1975 2995 nan
2017 2962 2141 2996 labores

1360 3013 1549 3046 AEternum
1579 3011 1670 3051 parri
1701 3007 1907 3052 promeruisse
1929 3009 2021 3042 decta
2038 3032 2046 3039 .

1361 3058 1504 3099 Ingenio
1544 3056 1630 3088 haud
1666 3062 1801 3097 poterat
1839 3065 1907 3086 tam
1933 3066 2088 3097 magnum
2114 3063 2235 3098 equam
2258 3059 2321 3097 pa·

1406 3112 1535 3134 renum

1379 3147 1502 3189 Bitia,
1538 3146 1621 3190 quod
1649 3145 1787 3189 potuit,
1813 3147 2031 3189 corporefeeir
2045 3154 2145 3189 opus.
