2524 3479
741 105 1092 180 JURIS
1176 105 1700 160 CIVILIS.

198 187 270 232 bus
297 216 308 239 ‚
341 181 593 241 principibus
617 180 813 226 Civitatis
849 180 947 222 viris
978 178 1171 222 adhibitis
1192 211 1204 232 ,

196 242 489 288 conscientiam
530 239 711 284 veritatis
736 270 748 291 ‚
782 238 984 293 scripturae
1005 269 1017 290 ,
1066 254 1113 281 ac
1146 249 1205 279 te-

193 301 313 343 stibus
337 298 600 355 anteposuit3
634 295 895 349 absolutoque
919 296 1104 337 Varrone
1120 296 1202 347 ‚·O-

192 356 401 401 E’taciliam
429 389 442 410 ,
485 364 578 399 cum
614 353 689 395 suis
732 351 969 406 turpissimis
1002 352 1204 406 captioni-

194 415 266 458 bus
286 447 298 467 ‚
331 430 352 458 e
386 415 454 457 suo
485 410 699 464 conspe&u
730 411 837 452 abire
867 408 995 460 jussit.
1032 411 1131 452 Haec
1162 424 1203 452 e-

191 469 251 522 jus
283 471 439 527 equitas
470 484 564 512 cum
594 467 751 511 solertia
773 498 785 520 ‚
815 466 858 509 &
889 466 1045 509 summa
1078 466 1202 509 scien-

196 529 252 572 tia
282 528 377 580 juris
415 525 647 578 conspirans
675 556 685 576 ‚
732 539 906 577 regnum
936 524 1204 580 quodammo-

187 586 241 629 do
287 584 354 628 illi
391 583 555 626 tradidit
600 580 844 632 judiciorum
886 596 898 633 3
942 592 993 623 ut
1017 580 1204 636 quamvis

188 641 451 685 consulatum
475 655 559 682 non
588 636 747 694 gesserit
774 670 785 690 ,
819 637 1041 681 consularis
1062 653 1203 680 tamen

191 699 226 741 ei
274 715 359 742 non
392 697 566 741 defuerit
597 696 813 739 auctoritas
835 727 843 737 .
877 695 1088 738 Tribunus
1121 694 1204 750 ple-

190 755 248 798 bis
281 769 438 800 creatus
473 755 607 809 legem
647 753 778 805 tulit,
812 768 934 806 quam
969 752 1165 796 habemus
1191 783 1203 805 ‚

187 813 429 869 Aquiliam.
462 813 520 864 (Ὅ
546 812 734 853 Domum
759 809 900 852 habuit
933 809 977 852 in
1007 809 1203 853 Vimina-

188 869 215 912 li
249 902 260 922 ‚
295 868 605 926 magnificentia
636 899 647 920 ‚
689 868 732 910 &
765 866 1073 922 pulchritudine
1118 882 1202 909 me-

183 927 452 970 morabilem.
482 927 544 978 (a)
575 925 726 967 Praetor
751 925 828 968 fuit
860 940 954 967 cum
983 925 1201 968 Cicerone.

358 1010 397 1053 C
458 1013 498 1054 A
562 1011 590 1052 P
651 1013 694 1053 U
756 1011 800 1051 T
920 1012 1034 1054 LXI.

453 1071 519 1114 De
549 1068 596 1111 L.
621 1069 742 1112 Lucio
773 1068 907 1111 Balbo
934 1100 942 1109 .

351 1156 531 1199 Lucilius
548 1155 693 1199 Balbus
713 1154 857 1198 Stoicae
875 1153 1069 1199 doetrinae
1091 1154 1197 1210 prin-

137 1265 141 1269 ·
297 1232 321 1255 A
374 1214 555 1268 cipatum
575 1246 586 1266 ‚
620 1226 733 1255 aetate
760 1213 851 1263 fua,
879 1213 1038 1263 tenuit3
1061 1226 1102 1254 ut
1131 1228 1196 1255 ne-

182 1287 252 1313 mo
274 1271 369 1314 huic
389 1286 437 1313 ex
464 1270 619 1314 Graecis
639 1281 959 1322 anteponeretur
975 1300 984 1310 .
1010 1271 1195 1322 Quapro-

178 1341 266 1382 pter
299 1328 410 1370 suum
441 1343 540 1381 opus
573 1326 608 1369 ei
650 1325 885 1367 Antiochus
926 1323 1193 1380 philosophus

178 1385 317 1435 milit,
349 1385 390 1426 &
415 1400 435 1425 a
473 1385 678 1425 Cicerone
707 1382 748 1424 in
789 1381 959 1437 dialogis
991 1383 1037 1423 de
1077 1396 1214 1426 natu-⁷

180 1459 224 1483 ra
248 1442 420 1484 Deorum
460 1441 690 1483 Stoicarum
721 1439 897 1493 partium
926 1438 1108 1482 defensor
1134 1440 1194 1482 in-

180 1499 340 1541 ducitur
370 1530 378 1539 .
422 1498 534 1540 Serv.
575 1495 804 1550 Sulpicium
842 1496 984 1539 habuit
1037 1498 1078 1539 in
1110 1496 1193 1548 jure

179 1555 294 1598 civili
315 1555 555 1607 discipulum
579 1586 591 1607 ,
611 1553 680 1609 qui
711 1555 839 1609 plures
867 1554 1013 1597 Lucilii
1037 1554 1194 1598 senten-

184 1612 264 1655 tias
303 1612 416 1654 libris
448 1612 686 1667 complexus
722 1612 775 1653 est
811 1612 910 1654 suis:
945 1627 1038 1654 cum
1074 1613 1183 1655 Luci

181 1669 228 1711 l-ii
253 1670 396 1723 scripta
421 1684 502 1711 non
526 1668 822 1721 permanserint
845 1700 853 1711 .
887 1669 1074 1712 Eundem
1102 1669 1189 1711 Bal-

180 1727 281 1769 bum
306 1727 398 1769 Cic.
436 1727 476 1768 in
519 1727 645 1770 Bruto
677 1726 838 1768 doff'uirn
863 1758 875 1778 ,
906 1726 1192 1782 eruditumque

186 1797 305 1839 atque
339 1783 584 1826 considerata
609 1783 797 1825 tarditate
823 1783 1037 1825 hominem
1061 1796 1191 1827 vocat.

184 1839 573 1884 Henelius-fratrem
598 1841 707 1883 hunc
732 1840 828 1882 facit
849 1839 973 1891 illius,
994 1841 1061 1895 qui
1083 1839 1190 1883 Stoi-

183 1913 273 1941 cam
304 1897 535 1941 dots’trinam
564 1898 605 1940 in
633 1897 844 1940 Tullianis
871 1897 981 1939 libris
1003 1898 1190 1953 exponit.

334 1955 374 1998 C
429 1958 476 1999 uA
541 1956 569 1997 P
630 1957 672 1997 U
734 1956 777 1997 T
896 1956 1034 1998 LXII.

492 2014 557 2056 De
589 2016 668 2057 Cn.
701 2012 868 2066 Aufidio
888 2044 898 2054 .

2192 125 2290 177 43·

1396 182 1436 224 C
1495 185 1538 226 A
1597 181 1626 223 P
1688 180 1731 222 U
1793 176 1837 219 T

1573 269 1639 312 De
1668 269 1719 311 C.
1738 265 1958 320 Iuventio.

1254 353 1460 455 CAjus
1487 352 1702 405 Juventius
1727 384 1739 404 ,
1772 353 1837 396 cui
1875 353 1925 395 ab
1946 345 2148 412 aliquibus
2172 355 2267 400 Titi

1387 425 1620 466 praenomen
1661 410 1923 463 imponitur,
1967 422 1999 449 ts
2030 409 2104 452 else
2150 425 2264 464 puta-

1253 480 1342 521 tur,
1373 484 1497 523 quem
1524 468 1672 510 Cicero
1701 466 1836 508 scribit
1865 467 2040 521 peritum
2068 465 2179 511 fuisse
2204 468 2269 519 ju-

1252 525 1304 567 ris
1319 557 1330 578 ‚
1350 525 1392 568 δὲ
1419 541 1502 568 non
1528 539 1614 566 tam
1636 523 1718 566 acri
1746 524 1979 579 eloquentia
1997 553 2008 574 ‚
2028 538 2152 577 quam
2174 541 2265 570 ver-

1253 583 1336 625 suta
1369 615 1382 636 ‚
1423 599 1469 625 ac
1507 581 1636 635 magis
1667 580 1715 622 ad
1755 580 2024 624 irretiendum
2057 582 2219 625 animos
2251 615 2265 640 ε

1252 639 1336 690 (b)
1378 655 1501 693 quam
1534 640 1581 681 ad
1618 636 1917 682 confutandum
1955 638 2098 680 idonea
2126 669 2135 680 .
2180 641 2265 684 Hic

1250 694 1358 738 inter
1389 696 1522 739 Mutii
1554 694 1770 749 discipulos
1801 727 1812 748 ,
1856 695 1898 739 &
1931 696 2041 737 Serv.
2092 695 2265 751 Sulpicii

1251 762 1513 809 pr'aeceptores
1547 752 1737 808 ponitur:
1772 751 1882 802 cujus
1910 751 2041 796 servii
2068 750 2178 798 libris
2191 755 2264 809 Ju-

1251 811 1381 854 ventii
1416 811 1559 866 scripta
1591 810 1913 865 promebantur.

1393 926 1434 969 C
1494 927 1533 969 A
1596 925 1625 967 P
1685 926 1729 968 U
1790 926 1834 967 T
1953 924 2114 971 LXIV.

1548 1012 1614 1054 De
1643 1013 1735 1053 Sex.
1769 1011 1969 1069 Papyrio.

1963 180 2128 228 LXIlI.

1342 1098 1503 1151 Jusdem
1524 1097 1774 1142 auS’toritatis
1800 1129 1811 1150 ‚
1845 1114 1890 1140 ac
1928 1096 2043 1141 sortis
2077 1098 2153 1142 fuit
2178 1101 2248 1144 Se-

1372 1169 1462 1198 xtus
1498 1156 1718 1209 papyrius:
1754 1170 1849 1196 nam
1881 1155 1925 1198 ὃς
1945 1157 2074 1199 Mutii
2096 1158 2258 1200 auditor

1247 1211 1321 1253 suit
1343 1243 1354 1264 ‚
1387 1213 1429 1253 ὃς
1462 1212 1589 1254 Servii
1627 1226 1846 1266 praeceptor
1875 1243 1887 1265 ‚
1918 1210 2172 1270 ejusdemque
2206 1214 2257 1259 li·

1248 1268 1326 1310 bris
1359 1268 1520 1323 posteris
1553 1269 1746 1312 traditus.

1408 1353 1447 1395 C
1509 1355 1546 1395 A
1612 1353 1640 1394 P
1701 1354 1741 1394 U
1805 1354 1848 1395 T
1967 1358 2101 1400 LXV.

1511 1410 1577 1453 De
1606 1411 1746 1452 Servio
1779 1410 1955 1467 Sulpicio
1978 1446 1986 1456 .

1316 1495 1377 1540 Ed
1411 1495 1490 1547 jam
1524 1495 1571 1538 ad
1606 1496 1791 1540 Servium
1831 1494 2058 1552 Sulpicium
2092 1530 2103 1548 ,
2148 1498 2254 1544 inte-

1344 1553 1488 1606 grioris
1519 1554 1710 1596 doetrinae
1754 1553 1913 1596 fontem
1946 1583 1958 1604 ‚
2011 1556 2222 1601 veniamus
2245 1588 2254 1599 .

1244 1609 1372 1661 Cujus
1414 1610 1623 1665 prudentia
1656 1627 1749 1654 cum
1784 1610 1978 1665 privatim
2012 1645 2024 1665 ‚
2058 1626 2146 1657 tum
2182 1630 2254 1668 pu-

1246 1666 1347 1710 blice
1374 1668 1525 1723 populo
1557 1671 1746 1710 Romano
1773 1666 1925 1723 profuit
1952 1683 1961 1708 t
1998 1670 2176 1725 privatos
2212 1687 2255 1715 e·

1245 1725 1331 1767 nim
1366 1725 1576 1767 scientiam
1612 1724 1746 1778 juri33
1782 1741 1866 1768 rem
1914 1741 2007 1769 vero
2040 1728 2248 1783 publicam

1243 1781 1369 1823 animi
1406 1782 1554 1824 virtute
1587 1781 1691 1832 juvit
1724 1815 1735 1835 ‚
1780 1795 1898 1838 atque
1937 1784 2136 1828 confilio.
2169 1787 2250 1837 (c)

1242 1837 1440 1882 Ciceroni
1478 1839 1554 1881 fuit
1586 1840 1881 1882 communione
1915 1839 2135 1885 studiorum
2162 1874 2173 1896 ‚
2205 1842 2249 1885 &

1243 1896 1455 1938 voluntate
1490 1897 1531 1938 in
1562 1897 1785 1951 Republica
1814 1896 2131 1942 administranda
2151 1914 2252 1943 con-

1238 1952 1537 2005 junctissimuffi
1568 1969 1689 2008 quem
1716 1954 1784 1996 sibi
1815 1954 2019 2009 Sulpicius
2053 1956 2251 2012 eloquen-

1238 2010 1294 2051 tia
1347 2011 1599 2064 praeslantem
1639 2010 1663 2062 ‚'
1706 2011 1885 2065 superare
1934 2010 2247 2067 jurisprudentia

282 2069 341 2111 N.
368 2069 550 2112 Aufidius
593 2069 758 2112 omissus
800 2086 821 2110 a
852 2067 1079 2122 Pomponio
1116 2068 1189 2111 Ci-
1238 2066 1400 2109 voluit:
1446 2067 1493 2109 ad
1525 2083 1645 2121 quam
1692 2083 1789 2110 eum
1819 2067 1975 2119 adpulit
2014 2069 2246 2125 objurgatio

293 2128 469 2180 ,ceronis
502 2138 617 2169 aetate
661 2127 702 2167 in
747 2125 1069 2179 jurisperitorum
1114 2141 1187 2168 nu-

180 2197 299 2224 mero
332 2181 410 2225 fuit
443 2215 451 2224 .
487 2182 597 2225 Huic
630 2182 788 2225 caecitas
833 2197 962 2237 neque
1006 2182 1189 2224 scientia-

179 2254 271 2282 rum
306 2238 445 2282 lumen
479 2254 608 2295 neque
642 2256 778 2282 rerum
811 2239 1078 2294 gerendarum
1131 2238 1186 2281 fa-

176 2296 379 2339 cultatem
405 2296 582 2339 ademit:
607 2311 703 2339 riam
726 2298 788 2339 vir
809 2294 1016 2351 praetorius
1040 2295 1188 2349 suin&

1238 2125 1289 2176 Q.
1313 2123 1442 2166 Mutii
1469 2123 1656 2166 Scaevolae
1678 2124 1788 2187 &qm
1822 2140 1844 2166 a
1874 2124 2060 2179 Sulpicio
2095 2127 2142 2169 de
2173 2143 2245 2171 cu-

1236 2180 1387 2232 jusdam
1413 2181 1533 2223 amici
1562 2195 1727 2236 negotio
1749 2194 2045 2238 interrogatu3,
2066 2199 2160 2227 cum
2190 2184 2246 2228 se-

1240 2238 1319 2280 mel
1340 2251 1460 2293 atque
1482 2239 1628 2280 iterum
1653 2237 1968 2292 respondisset,&
1983 2240 2144 2283 Servius
2164 2239 2246 2284 irn-

1238 2295 1380 2350 peritia
1406 2295 1501 2346 juris
1529 2311 1611 2337 non
1635 2295 1766 2338 adhuc
1797 2296 2245 2351 perciperet;(d>indi-

177 2353 431 2409 gravissimas
464 2354 507 2396 in
542 2354 693 2397 Senatu
740 2353 959 2397 sententias
989 2353 1147 2397 dicebat
1175 2386 1187 2406 ‚
1213 2363 1382 2409 'gnatus
1404 2368 1636 2407 parumper,
1653 2365 1767 2407 turpe
1787 2351 1890 2395 dixit
1913 2352 1985 2396 esse
2003 2355 2244 2409 patricio‚&

173 2411 410 2466 &graecam
445 2411 595 2465 scripsit
630 2411 839 2455 historiam
869 2443 880 2465 ‚
914 2411 955 2453 ὃ(
985 2411 1094 2454 suum
1126 2411 1186 2454 os·
1237 2410 1363 2452 nobili
1396 2410 1582 2453 &causas
1597 2408 1989 2465 oranti‚jus,inquo
2006 2412 2244 2465 versaretur,

173 2469 315 2511 ficium
344 2467 487 2512 amicis
518 2468 824 2524 diligentissime
860 2468 1065 2524 proestitit.

1237 2468 1507 2523 ignorarem
1529 2469 1669 2523 Itaque
1694 2466 1856 2509 Servius
1883 2467 2030 2523 pudore
2055 2468 2245 2521 affeetus,

2198 2527 2249 2570 ad

220 2645 227 2673 s
248 2636 299 2677 *)
326 2635 423 2678 Quo-d
453 2645 566 2671 tamen
598 2650 663 2671 nori
680 2639 756 2671 satis
773 2638 917 2670 constare
933 2659 943 2675 ,
970 2637 1037 2677 ipse
1055 2638 1189 2678 profite-
1211 2658 1217 2681 3
1236 2636 1354 2670 Rhodo
1383 2635 1506 2669 scilicet
1522 2658 1532 2675 ‚
1574 2636 1718 2669 reversus
1733 2659 1743 2676 ,
1772 2635 2034 2679 jurisprudentiae
2059 2637 2193 2671 demum
2217 2638 2249 2672 se

172 2689 254 2721 tur,
280 2684 317 2714 de
346 2686 419 2724 Leg.
442 2683 480 2714 <5
498 2685 535 2714 s.
553 2687 585 2714 C.
606 2695 629 2715 c.
650 2686 717 2715 CX.

748 2694 811 2725 qua
841 2682 874 2713 in
903 2692 935 2714 re
961 2682 1188 2715 assentientem
1211 2681 1422 2726 laddixerit.
1463 2684 1588 2713 Verum
1636 2681 1715 2713 illud
1758 2681 1847 2723 prius
1888 2692 1944 2723 per
1971 2682 2248 2725 anticipationem

175 2725 272 2759 habet
299 2728 413 2760 Virum
437 2731 613 2760 Summi-im
631 2728 813 2760 Gerardum
829 2726 952 2759 Noodt.
971 2729 1012 2759 cd
1028 2731 1062 2759 L.
1084 2729 1185 2769 Aqui·
1210 2729 1215 2743 ¹
1235 2727 1317 2759 dicit
1350 2726 1551 2768 Pomponius
1567 2747 1578 2764 ,
1606 2725 1759 2759 Rhodum
1791 2737 1869 2758 vero
1897 2737 2007 2760 recens
2034 2739 2052 2760 a
2068 2729 2174 2762 Mucii
2190 2730 2251 2762 ob.

174 2772 254 2801 liam
294 2773 361 2813 cap.
387 2783 410 2803 ι.
459 2773 612 2814 Pighiiim
656 2782 765 2806 temen
795 2772 942 2815 plerique
969 2773 1147 2814 sequuntur
1175 2795 1185 2811 ‚

1236 2771 1421 2814 iurgatione
1446 2771 1618 2815 <Sulpicius
1645 2772 1739 2813 petiit
1759 2792 1767 2808 ‚
1796 2779 1832 2803 ut
1852 2769 1940 2810 juri,
1968 2769 2058 2808 cujus
2074 2774 2145 2807 usus
2164 2775 2250 2807 solus

173 2815 228 2856 qui
259 2813 341 2849 hanc
371 2818 476 2860 legem
502 2820 606 2851 latam
641 2827 733 2860 putat
763 2822 799 2850 A.
831 2821 874 2851 U.
905 2821 942 2851 C.
960 2819 1137 2851 DLXXll.
1169 2829 1187 2850 a
1209 2831 1215 2869 ᾗ
1237 2827 1332 2859 penes
1361 2817 1547 2850 Scaevolam
1561 2816 1664 2849 suerat
1685 2838 1693 2851 ,
1722 2824 1829 2848 artem
1846 2815 2026 2856 adiiceret,
2054 2830 2118 2862 quo
2139 2820 2245 2853 nomi-

177 2860 216 2889 1..
231 2861 350 2901 Aquilo
383 2863 501 2901 Gallo,
535 2864 687 2897 Tribuno
717 2863 845 2905 plebis.

221 2904 301 2942 (a)
333 2905 414 2938 plin.
437 2907 491 2940 lib,
516 2920 562 2949 ¹7·
582 2916 648 2952 cap.
672 2919 698 2940 1.
748 2910 768 2950 ζ
784 2908 832 2947 b)
858 2907 926 2942 Cic.
944 2909 979 2940 in
996 2910 1091 2940 Brut.

222 2949 300 2986 (⁶)
326 2951 382 2985 Cic
411 2953 444 2984 in
476 2954 571 2985 Beut.

225 2993 244 3031 C
260 2992 312 3030 fl]
340 2998 495 3037 Pompon.
518 3001 540 3030 l.
559 3009 588 3030 2.
619 2999 655 3030 de
668 2999 749 3041 orig.
782 2996 844 3036 jur.
878 3002 905 3042 §.
921 3009 977 3037 43.

1207 2871 1215 2895 ε
1236 2874 1273 2895 ne
1301 2873 1377 2894 eum
1406 2861 1515 2894 laudat
1534 2883 1544 2899 ‚
1573 2862 1786 2904 Scaevolaeque
1802 2863 1942 2903 opponit
1957 2864 2074 2896 Cicero
2089 2866 2124 2897 ia
2146 2869 2250 2900 Bruto

1208 2897 1257 2955 lc.
1280 2918 1333 2943 4¹·
1367 2905 1523 2939 Resediffe
1558 2907 1681 2949 aliquid
1711 2906 1796 2938 sellis
1828 2906 1860 2938 in
1876 2908 1987 2940 animo
2012 2910 2147 2950 Sulpicii
2176 2922 2250 2954 pro-

1208 2956 1214 2997 ς’
1236 2962 1310 2994 pter
1338 2952 1547 2984 severitatem
1584 2952 1720 2993 responsi
1738 2949 1888 2984 Muciani
1904 2976 1914 2989 ,
1940 2964 1979 2984 ex
1995 2956 2174 2988 acerbitate
2191 2970 2251 2991 iio.

1200 3015 1202 3017 >
1234 3007 1343 3030 tatum
1373 2996 1485 3039 colligi
1519 2997 1648 3039 potest,
1674 2997 1791 3038 quibus
1821 2998 1927 3028 Mucii
1959 2998 2077 3041 scripta
2095 3003 2249 3042 perstrin-

225 3037 309 3076 ('‘)
336 3040 430 3078 Quod
458 3041 528 3074 falfi
559 3043 666 3085 arguit
696 3048 773 3076 Ant.
793 3044 987 3085 Augustinus
1013 3043 1051 3073 de
1065 3042 1183 3074 Nomi·
1230 3043 1304 3080 xit,
1345 3043 1374 3073 δε
1417 3052 1487 3083 quae
1532 3041 1721 3082 reprehensa
1769 3041 1875 3073 Mucii
1904 3043 2011 3082 capita
2039 3046 2250 3086 appellantur

179 3081 277 3113 nibus
306 3083 539 3118 Pxndefiuum
571 3090 626 3119 col.
646 3099 722 3127 224.
755 3089 900 3130 primum
917 3113 924 3125 ἵ
957 3087 1042 3130 quod
1060 3093 1184 3120 ecaevo-
1231 3087 1342 3119 Gellio
1358 3090 1396 3118 L.
1419 3089 1453 3117 V.
1470 3093 1535 3128 cap.
1558 3096 1584 3117 1.
1602 3085 1803 3125 Exemplum
1819 3088 1853 3117 in
1867 3089 1924 3124 l.3.
1945 3089 1962 3129 §
1990 3092 2020 3119 6.
2036 3092 2079 3120 D.
2101 3092 2137 3122 de
2149 3098 2247 3133 penu.

184 3127 213 3157 3³
241 3126 410 3166 supe-stite
424 3149 434 3165 s
451 3131 581 3163 Servius
599 3143 662 3163 non
678 3133 825 3165 floruerit
841 3134 944 3173 &oria
960 3132 1156 3176 eloquentiae
1172 3154 1181 3168 ,
1232 3135 1295 3174 leg.
1324 3131 1503 3164 Uberrime
1531 3129 1570 3161 da
1605 3140 1642 3162 eo
1670 3130 1735 3175 egit
1755 3132 1817 3164 Vix
1832 3131 1943 3166 Celeb.
1961 3134 2144 3168 Everardus
2164 3140 2249 3171 Orto

195 3181 249 3205 ¹3¹ss
279 3170 365 3214 ‘l‘ffld
391 3171 513 3206 dudum
542 3177 611 3219 1³0st
635 3186 781 3212 mortem
809 3179 985 3220 scaevolae,
1012 3188 1052 3212 ex
1081 3177 1185 3212 insuia
1204 3201 1216 3216 2
1232 3178 1268 3211 in
1293 3177 1445 3212 oratione
1475 3175 1653 3220 singulari.
