2596 3479
229 73 330 110 ιιι
655 53 762 107 DE
808 52 997 127 JURE
1042 46 1959 118 NATURAL13GENT1UM3

210 134 360 175 tribuat
386 127 503 173 alteri
535 127 668 173 lucem
697 146 705 171 ι
760 142 804 172 ut
836 143 957 172 unius
983 127 1087 169 vitio
1117 126 1164 170 in
1196 127 1250 170 al·
1310 125 1491 168 hominis
1519 125 1681 181 propria
1713 158 1726 180 ,
1767 127 1882 169 debet
1905 126 1943 168 ei
1971 119 2089 168 unice
2116 121 2316 179 imperare
2335 124 2349 175 3

211 190 334 233 terius
367 188 591 232 utilitatem
625 186 819 231 converso
861 218 873 239 3
923 201 1018 229 cum
1054 184 1252 228 varietate
1308 184 1471 236 perinde
1504 197 1624 240 atque
1651 182 1715 227 lex
1741 182 1921 239 corporis
1947 194 2101 226 naturae
2129 194 2349 237 corporum

209 264 345 292 rerum
402 259 632 290 creatarum
696 244 999 288 universitatem
1057 256 1253 297 perpetuo
1304 240 1542 283 dominatur
1575 241 1768 284 universae
1799 272 1807 282 .
1864 243 1925 284 De
1959 256 2037 296 qua
2062 239 2149 295 lege
2182 251 2348 282 tantum

210 319 372 351 tueatur
415 338 424 347 .
477 304 600 346 Unde
635 319 655 345 a
681 301 895 345 communi
934 315 1077 344 natura
1112 299 1250 355 procul
1305 297 1358 360 est
1386 297 1548 339 homini
1573 297 1679 342 adse
1705 299 2000 352 derivandum,
2033 309 2234 362 quantum
2252 310 2348 339 curn

207 365 353 408 absunt
381 362 505 415 vitia,
539 360 780 417 singulisque
811 372 972 403 tantum
1002 358 1177 402 insident
1193 373 1249 401 re·
1307 355 1359 397 sui
1396 355 1551 409 potiore
1577 368 1721 399 natura
1752 389 1764 411 3
1798 372 1945 411 nempe
1971 372 2065 400 cum
2095 354 2348 411 cogitatione

209 423 281 466 bus
322 421 478 465 ratione
517 419 703 474 cujusque
734 418 875 474 speciei
905 450 917 470 3
952 433 1039 472 quae
1075 415 1253 459 diflolvi-
1305 413 1555 456 concordet.
1588 413 1738 468 Qualia
1765 415 1853 459 sunt
1880 413 2054 457 nutritio
2077 446 2088 466 3
2124 414 2347 456 liberorum

210 493 305 524 tur
297 514 308 545 ³.
342 496 425 523 non
459 494 554 522 vero
578 477 779 530 aliarum,
813 491 899 532 quse
923 474 1181 519 dissolutione
1201 473 1256 517 il-
1310 469 1503 525 susceptio
1529 502 1540 525 3
1572 470 1796 526 educatio,
1828 472 1925 525 justa
1957 504 1968 526 3
1999 471 2042 514 δι
2073 471 2219 514 rationi
2247 485 2349 514 con-

211 538 249 583 la
271 540 526 596 gignuntur.
1305 543 1452 591 gruens
1477 527 1704 584 perfunffio
1730 505 1947 574 serisuum:
1997 529 2191 583 tantisper
2215 527 2346 584 quoad

1305 586 1565 642 cogitationis
1590 601 1734 631 natura
1760 587 2042 641 praestantior
2034 603 2076 631 in
2097 601 2263 642 corpore
2286 601 2349 627 vi-

417 682 459 725 C
520 682 559 724 A
621 679 652 722 P
712 681 756 722 U
817 679 860 721 T
972 678 1050 721 IV'
1304 656 1430 699 geat.
1465 645 1559 700 Qlo
1592 645 1796 701 respexisse
1830 645 2022 688 videntur
2047 641 2348 696 Iurisconsulti,

1305 717 1400 744 cum
1427 701 1510 746 liaec
1536 714 1688 746 naturae
1710 702 1845 746 officia
1863 701 2105 744 communia
2121 700 2236 744 nobis
2252 715 2349 743 curn

1305 760 1446 804 ceteris
1473 759 1722 804 animalibus
1748 793 1760 814 3
1805 776 1825 804 e
1858 758 2035 804 naturali
2066 758 2150 814 lege
2176 756 2349 812 repetie-

1305 830 1432 861 runt.
1484 820 1586 862 Non
1616 834 1764 872 enirn,
1797 817 1972 861 arbitror
1997 849 2010 872 3
2054 832 2100 860 ea
2130 832 2201 870 pro
2230 827 2350 858 natu-

1305 876 1377 919 rali
1405 876 1494 933 lege
1520 875 1706 920 hominis
1731 875 1963 920 habuerunt
1996 891 2009 929 3
2054 873 2128 918 nisi
2153 884 2352 930 quatenus

1304 949 1399 977 curn
1433 934 1592 978 ratione
1617 933 1925 989 conjunguntur
1959 950 1971 988 3
2018 949 2114 976 nam
2149 945 2351 995 quatenus

211 1001 435 1105 NUm
466 1012 604 1044 autem
638 996 732 1053 quia
766 996 929 1052 fingulae
962 1011 1022 1040 res
1048 993 1256 1039 inanimes
1303 1008 1325 1034 a
1357 992 1573 1035 communi
1601 1008 1738 1035 rerum
1763 1007 1989 1036 ceterarum
2019 1004 2163 1034 natura
2188 989 2352 1054 profici-

364 1072 464 1101 vitia
498 1056 717 1112 suscipiunt
752 1086 764 1108 ‚
815 1055 903 1099 ideo
946 1070 1041 1098 cum
1076 1053 1177 1097 vitio
1209 1053 1256 1096 si-
1306 1048 1468 1093 scuntur
1499 1081 1512 1103 ,
1563 1048 1670 1104 leges
1693 1048 1858 1105 quidem
1886 1049 1977 1092 sunt
2005 1063 2157 1091 naturce
2181 1062 2355 1090 univer-

209 1117 299 1162 mul
332 1116 425 1172 culp
429 1131 496 1158 am
529 1128 657 1158 etiarn
691 1112 975 1156 contrahunt?
1010 1114 1069 1154 At
1100 1127 1222 1168 quam
1241 1143 1253 1165 3
1306 1107 1350 1150 sae
1376 1138 1388 1160 3
1426 1122 1511 1150 non
1539 1105 1647 1163 leges
1674 1106 1898 1150 hominum
1924 1120 2078 1149 naturae
2106 1104 2349 1167 peculiaris.

208 1174 373 1219 obsecro
401 1205 413 1227 3
445 1171 769 1228 adscripserimus
801 1170 967 1226 culpam
999 1171 1114 1213 rebus
1147 1201 1159 1223 3
1192 1185 1255 1212 ra·
1304 1167 1443 1217 Atque
1478 1165 1535 1208 ita
1571 1165 1773 1208 dfflorum
1799 1164 2073 1221 repugnantia
2110 1194 2123 1217 ,
2175 1161 2354 1218 superius

215 1233 330 1276 tione
363 1231 594 1275 carentibus
631 1261 644 1283 3
693 1243 781 1284 quae
813 1228 991 1271 motibus
1022 1227 1252 1282 affibusque
1304 1223 1482 1266 indicata
1508 1255 1520 1276 3
1553 1223 1871 1266 removebitur.-
1904 1223 1947 1266 &
1975 1238 2060 1275 jus,
2093 1220 2201 1278 quod
2235 1230 2356 1263 natu-

217 1289 293 1333 suis
338 1301 492 1332 naturae
535 1287 728 1331 universae
760 1299 951 1339 perpetuo
981 1296 1159 1340 parent3
1199 1299 1253 1327 ei-
1306 1296 1347 1322 ra
1371 1281 1513 1324 omnia
1546 1280 1745 1323 animalia
1767 1280 1906 1323 docuit
1943 1313 1956 1334 3
2008 1295 2103 1324 cum
2145 1277 2231 1342 lege
2257 1292 2354 1321 con·

210 1363 290 1403 que
327 1346 496 1389 reddunt
519 1376 531 1397 3
563 1343 668 1400 quod
702 1354 974 1397 acceperunt,
1006 1357 1137 1398 neque
1165 1342 1254 1384 vim
1306 1337 1442 1381 veniet
1476 1337 1676 1380 rationis:
1712 1353 1799 1393 quae
1827 1353 1998 1381 munera
2021 1352 2205 1391 corporis
2233 1334 2350 1379 nobis

214 1405 260 1449 in
294 1404 327 1447 se
363 1403 513 1446 babent
545 1402 713 1445 ullam
704 1433 716 1453 3
742 1416 825 1456 qua
859 1399 1089 1449 renitantur
1121 1431 1134 1453 3
1166 1399 1207 1442 ἃ
1233 1415 1255 1441 a
1305 1396 1545 1439 communia
1569 1411 1665 1438 cum
1690 1396 1971 1440 animantibus
1995 1394 2180 1438 obeunda
2210 1393 2355 1449 praeci-

214 1461 431 1506 communi
477 1475 613 1503 rerum
641 1457 745 1511 lege
791 1461 954 1513 proprio
1005 1457 1098 1501 nisu
1135 1456 1279 1504 defle-¹
1305 1453 1400 1508 pit3
1434 1453 1628 1508 tantisper
1654 1453 1752 1497 dum
1778 1453 1941 1506 animi,
1971 1452 2228 1508 corporisque
2250 1465 2352 1495 con-

212 1519 353 1563 fiant.
352 1523 373 1548 ⁵
405 1520 544 1572 Longe
578 1529 717 1559 tamen
749 1514 857 1558 aliud
885 1515 1090 1571 contingit
1117 1514 1159 1557 in
1181 1513 1256 1556 ho-
1307 1510 1463 1562 juncstio
1492 1512 1792 1555 conservetur.
1826 1513 1948 1554 Unde
1980 1526 2067 1566 quae
2099 1509 2232 1552 officia
2263 1523 2353 1551 cor-

215 1578 330 1620 mine
354 1608 365 1630 3
399 1577 467 1631 qui
504 1588 644 1617 motus
678 1573 798 1615 habet
831 1572 1110 1625 voluntarios3
1143 1571 1253 1615 &in
1283 1568 1412 1624 poris
1445 1568 1616 1612 humani
1646 1601 1659 1622 3
1704 1569 1860 1612 ratione
1905 1567 2033 1611 soluta
2064 1599 2076 1622 3
2121 1575 2206 1609 non
2254 1580 2353 1609 curn

214 1649 339 1689 quern
372 1633 449 1676 duo
482 1632 716 1676 confluxere
750 1643 867 1673 natur
873 1647 929 1684 ce,
961 1647 982 1673 a
1007 1629 1152 1687 quibus
1175 1629 1254 1672 duo
1305 1626 1466 1682 propria
1500 1626 1585 1682 lege
1618 1626 1811 1669 humanae
1844 1638 1997 1669 naturae
2030 1658 2042 1678 3
2078 1624 2137 1668 sed
2165 1639 2262 1667 cum
2289 1622 2348 1666 le-

215 1705 320 1734 item
365 1691 410 1733 in
454 1706 549 1733 eum
596 1703 824 1732 convenere
876 1689 980 1744 leges
1012 1720 1020 1730 .
1078 1688 1255 1742 Oportet
1304 1700 1362 1738 gae
1395 1698 1549 1727 naturae
1583 1685 1808 1739 promiscua
1841 1685 2129 1728 conveniunt:
2164 1698 2210 1725 ea
2244 1680 2268 1723 si
2301 1679 2350 1723 ad

215 1749 331 1792 enim
379 1759 569 1791 naturam
602 1745 862 1801 cogitationis
894 1747 973 1788 alia
1009 1744 1164 1808 prorsus
1199 1744 1255 1787 le-
1305 1743 1472 1785 rationis
1505 1742 1620 1784 usum
1653 1755 1948 1805 convertentur
1982 1773 1995 1794 3
2047 1753 2180 1796 partes
2224 1749 2347 1782 erunt

212 1821 262 1861 ge
296 1805 466 1862 gaudete
499 1837 512 1859 3
557 1820 680 1860 quam
714 1816 859 1845 natura
892 1818 1108 1858 corporis:
1159 1817 1279 1848 cum·
1305 1797 1401 1850 juris
1434 1799 1545 1842 illius
1578 1832 1589 1853 3
1623 1800 1728 1855 quod
1762 1798 1806 1842 in
1839 1799 2055 1842 hominem
2090 1796 2351 1841 concorditer

212 1864 340 1907 enim·
366 1863 478 1906 nulla
512 1863 554 1905 in
590 1874 698 1916 parte
732 1876 875 1915 corpus
915 1893 926 1913 3
977 1861 1018 1903 ἃ
1057 1858 1255 1915 cogitatio
1305 1873 1326 1899 a
1349 1873 1490 1912 corpor
1478 1857 1527 1899 is
1553 1890 1563 1909 3
1596 1856 1824 1913 mentisque
1848 1857 1936 1914 lege
1958 1856 2186 1900 confluxit:
2222 1853 2350 1910 quod-

210 800 278 847 De
309 798 409 856 Lege
434 796 631 854 peculiari
662 795 834 839 humane
866 806 1010 837 naturis
1036 823 1049 848 3
1085 790 1175 846 sve
1205 792 1254 835 de

561 856 642 911 lege
674 853 868 896 rationis

216 1922 441 1964 conveniat
478 1952 490 1974 3
539 1934 807 1963 communem
853 1919 1001 1974 ubique
1049 1930 1256 1971 nequeunt
1305 1930 1381 1971 que
1426 1915 1604 1969 procedit
1650 1931 1699 1958 ex
1743 1914 2031 1979 conjunctione
2066 1913 2220 1956 inentis
2247 1944 2259 1965 3
2303 1911 2350 1954 &

213 1978 362 2022 habere
388 1977 520 2033 legem
572 1976 687 2019 Hinc
713 1975 839 2018 homo
865 1990 941 2030 qua
968 1990 1136 2030 corpore
1158 1990 1257 2018 con·
1307 1988 1485 2035 corporis
1512 1989 1520 2013 :
1556 1987 1642 2028 quae
1674 1972 1700 2014 si
1735 1973 1868 2016 secum
1901 1974 1956 2014 ita
1989 1969 2223 2025 conspirent
2260 2000 2272 2021 3
2304 1981 2350 2012 ut

211 2035 286 2079 stat
307 2067 318 2088 3
354 2034 480 2078 fertur
506 2033 594 2089 lege
621 2044 775 2076 naturae
801 2032 1055 2088 promiscua3
1088 2047 1166 2088 qua
1188 2048 1254 2075 v-e
1307 2045 1422 2072 mens
1455 2030 1632 2085 imperet
1658 2061 1671 2083 3
1703 2046 1849 2093 corpus
1879 2029 2146 2091 obsequatur,
2177 2027 2224 2069 ad
2252 2041 2289 2082 p.
2283 2041 2354 2067 :ae-

213 2108 259 2136 ro
284 2104 422 2137 mente
447 2092 558 2136 consi
564 2091 627 2134 stit
660 2123 671 2143 3
717 2090 879 2134 ducitur
911 2090 996 2144 lege
1025 2089 1106 2132 sola
1135 2089 1257 2132 ratio-
1310 2087 1507 2143 scriptum
1541 2087 1737 2130 naturalis
1769 2103 1865 2139 juris
1897 2102 1998 2142 opus
2028 2098 2198 2142 exigent
2232 2099 2351 2127 com-

214 2151 279 2193 nis
312 2182 324 2203 3
371 2166 459 2206 quae
498 2149 683 2191 hominis
719 2148 773 2192 est
799 2162 944 2191 natura
951 2121 1222 2200 Dpraestantior
1249 2179 1256 2188 .

214 2208 340 2250 Unde
381 2223 476 2250 cum
519 2207 605 2261 lege
642 2205 825 2259 corporis
860 2204 1086 2248 deflectitur
1118 2221 1139 2247 a
1171 2205 1256 2259 lege

214 2265 390 2308 rationis
414 2295 427 2316 3
459 2263 623 2318 culpam
649 2276 759 2306 certe
784 2262 968 2316 concipit
987 2294 1000 2316 3
1033 2261 1127 2318 quia
1158 2277 1257 2304 con-

214 2335 276 2366 tra
309 2321 516 2377 propriam
542 2332 680 2375 peccat
705 2321 747 2362 δε
764 2332 964 2374 potiorem
983 2319 1036 2362 sui
1054 2332 1258 2382 naturam,

215 2379 328 2431 cujus
354 2379 417 2422 lex
445 2378 670 2434 praecelleie
697 2378 813 2420 debet
845 2376 920 2432 legi
949 2392 1159 2432 corpor1s3
1195 2393 1259 2431 pe-

216 2437 331 2482 rinde
371 2449 491 2492 atque
529 2449 681 2479 naturae
706 2451 908 2488 corporea:
939 2436 1089 2489 praestit
1117 2447 1260 2476 natura

216 2494 405 2543 mentis.
442 2494 721 2548 Quamobrem
747 2509 791 2535 in
816 2492 890 2534 hac
918 2491 1177 2535 universitate
1202 2507 1261 2534 re-

219 2569 314 2597 rum
351 2551 453 2594 solus
490 2551 618 2594 homo
658 2551 711 2593 est
761 2549 890 2606 culpae
940 2566 1064 2604 capax
1103 2565 1116 2603 3
1166 2550 1260 2605 quia

219 2609 324 2652 solus
373 2608 501 2651 homo
558 2607 806 2671 peculiarem
861 2608 1020 2660 accepit
1071 2619 1261 2649 naturam

221 2666 392 2710 seorsum
419 2682 440 2707 a
468 2665 582 2707 rebus
607 2681 808 2718 corporeis
834 2664 924 2707 aliis
946 2697 957 2716 3
999 2680 1046 2708 ac
1077 2663 1177 2706 solus
1208 2664 1263 2706 le-

218 2740 314 2782 gem
344 2722 463 2764 subiit
491 2722 735 2776 praecipuam
763 2753 775 2773 3
809 2735 961 2764 naturae
990 2722 1140 2763 mentis
1156 2737 1264 2764 con-

219 2792 437 2842 gruentem
464 2810 476 2831 3
529 2778 827 2832 sejune‘tamque
860 2780 908 2820 ab
936 2779 1020 2832 lege
1047 2779 1262 2822 communi

219 2854 354 2884 terum
383 2836 580 2878 aliarum·
618 2836 721 2877 unde
750 2835 879 2877 secum
912 2834 960 2876 so»
957 2851 1011 2877 us
1038 2835 1116 2889 ipse
1143 2836 1263 2878 dimi-

209 2909 285 2942 cat
318 2927 330 2948 3
364 2909 463 2937 cum
494 2893 646 2935 duabus
668 2892 963 2946 discrepmtib·
943 2908 963 2934 ι
958 2908 984 2935 ς
1012 2892 1120 2936 inter
1148 2894 1181 2936 se
1208 2893 1263 2936 le·
1314 2908 1404 2935 rum
1435 2923 1447 2944 3
1495 2891 1537 2934 Sc
1582 2889 1788 2933 malorum
1823 2920 1834 2942 3
1867 2905 1946 2945 quo
1980 2889 2041 2931 vel
2076 2889 2123 2930 ad
2156 2887 2354 2944 cupidita-

222 2955 379 3017 gibus,
426 2950 590 2993 horsum
618 2982 629 3003 3
675 2949 791 2992 illor
790 2966 858 2992 un
888 2949 1061 3002 pellatur
1095 2983 1107 3000 3
1159 2951 1212 2993 sol
1221 2966 1264 2992 us
1313 2962 1407 2993 tern-
1423 2981 1435 3002 3
1492 2948 1555 2991 vel
1604 2948 1651 2990 ad
1696 2946 1836 3002 fugam
1881 2962 2194 2989 commovemur
2227 2961 2239 2996 3
2289 2958 2356 2987 eas

219 3012 397 3075 denique
423 3008 585 3062 culpam
613 3007 784 3050 incurrit
819 3039 831 3059 3
876 3023 918 3062 qt
907 3007 1043 3049 1-ando
1060 3006 1147 3063 lege
1174 3024 1259 3051 cor·
1281 2999 1287 3117 j
1313 3007 1432 3049 nobis
1482 3005 1586 3061 leges
1630 3005 1894 3047 attribuentes
1922 3035 1934 3056 3
1979 3019 2064 3058 que
2108 3004 2262 3047 ducunt
2305 3001 2353 3043 ad

223 3064 734 3126 porisabducituralcge
757 3077 936 3109 mentis:
972 3080 1083 3120 qu3ae
1119 3066 1286 3153 utpote¹
1317 3065 1484 3116 finem,
1536 3078 1617 3120 quo
1662 3075 1806 3106 natura
1851 3061 2055 3105 tendimus
2095 3077 2109 3102 .·
2161 3076 2207 3105 ea
2259 3072 2354 3101 vero

1838 3144 1843 3149 -
2239 3127 2357 3160 extra

1308 2215 1442 2245 turam
1469 2234 1480 2254 3
1524 2202 1653 2257 ipsam
1696 2202 1823 2246 Stoici
1868 2203 2058 2245 dixerunt
2101 2199 2174 2243 esse
2219 2198 2354 2241 virtu-

1309 2273 1392 2302 tem
1436 2259 1626 2301 traditam
1661 2260 1776 2301 nobis
1808 2260 1857 2302 ab
1890 2258 1975 2314 lege
2010 2258 2178 2300 rationis
2206 2288 2218 2308 3
2272 2270 2352 2311 qua

1310 2317 1523 2372 peculiaris
1585 2315 1808 2358 hominum
1876 2292 1952 2358 &0
1974 2330 2108 2358 rerum
2161 2312 2350 2356 uniuersa

1311 2389 1453 2416 natura
1487 2373 1767 2416 conciliantur
1797 2405 1804 2414 .
1847 2372 2054 2427 Expositis
2086 2385 2225 2414 autern
2259 2369 2309 2413 iis
2337 2401 2350 2423 3

1309 2448 1396 2487 quse
1455 2433 1495 2474 in
1551 2433 1713 2474 animos
1757 2434 1825 2473 no
1826 2431 1909 2472 tros
1955 2430 2126 2472 ιεηιιιιιι
2168 2428 2218 2471 ab
2263 2426 2350 2483 lege

1313 2489 1536 2544 promiscua
1569 2505 1581 2543 3
1634 2504 1740 2531 nunc
1773 2488 2013 2543 explicandi
2049 2488 2136 2530 sunt
2157 2502 2231 2539 ea,
2264 2499 2352 2548 quae

1310 2550 1359 2590 ab
1403 2548 1485 2590 sola
1531 2546 1700 2589 rationis
1752 2545 1837 2599 lege
1882 2544 2193 2606 proficiscuntur
2230 2559 2240 2583 :
2293 2557 2351 2585 ita

1311 2605 1423 2648 enim
1470 2604 1798 2648 intellexerimus
1832 2636 1847 2658 3
1905 2618 2064 2658 unaque
2122 2600 2352 2643 distinxeri-

1314 2678 1403 2705 mus
1436 2694 1446 2714 3
1497 2678 1584 2716 quse
1629 2675 1813 2704 mentem
1857 2676 2017 2716 corpori
2052 2657 2312 2710 conjunff'tam
2337 2688 2351 2709 3

1311 2735 1451 2776 queve
1511 2731 1697 2762 mentem
1740 2735 1881 2774 puram
1929 2716 2098 2760 seorsum
2143 2732 2164 2758 a
2209 2731 2353 2768 corpo-

1315 2793 1354 2820 ie
1418 2776 1714 2832 consequantur
1748 2808 1758 2817 .
1816 2775 1935 2837 Quod
1993 2788 2204 2828 nunquam
2259 2772 2354 2814 alle-

1312 2850 1486 2891 quemur
1518 2866 1529 2885 3
1575 2833 1646 2875 nisi
1681 2848 1750 2886 per
1783 2831 2066 2888 cognitionem
2100 2831 2190 2872 finis
2224 2829 2354 2872 bono-

1308 2161 1433 2189 mune
1465 2149 1579 2188 suurn
1617 2177 1626 2187 .
1678 2144 1792 2188 Hinc
1835 2146 1972 2188 vivere
2018 2144 2235 2187 secundum
2279 2156 2351 2183 na·
2405 2152 2408 2153 ’
