2596 3479
452 93 580 149 ET
660 62 1787 149 SENATUS'CONSU'LTls.
2145 97 2246 149 321

139 167 274 226 capita
299 198 312 224 ‚
343 182 431 224 quae
451 169 584 214 forsan
608 169 656 213 ad
681 168 767 211 vim
793 168 1002 224 privatam
1030 169 1070 210 δι
1096 183 1170 224 pu·
1222 167 1464 214 humiliores
1496 181 1591 209 vero
1612 195 1625 218 ‚
1659 160 1802 207 Paullo
1837 156 1932 203 teste
1970 186 1982 211 9
2026 154 2196 215 damnat
2228 166 2273 196 tn

140 227 294 272 blicam
327 228 406 278 U)
439 238 686 270 revocantur
711 257 723 278 ‚
771 226 923 281 placuit
948 226 1063 270 enim
1088 241 1176 280 gra·
1225 224 1443 272 metallum
1470 225 1499 275 .(
1530 224 1553 266 h
1581 223 1599 274 )

139 285 232 328 vius
268 284 316 328 de
348 284 591 328 criminibus
623 281 849 334 hujusmodi
885 283 948 339 agi
983 283 1101 327 simul
1133 283 1177 325 &
1310 336 1316 341 ·
1397 283 1438 324 C
1500 282 1538 323 A
1602 279 1631 321 P
1690 276 1735 319 U
1797 277 1841 321 T
1938 273 2117 320 XCIII.

141 341 285 385 mitius
317 341 453 398 posse:
488 338 616 383 veluti
649 340 830 383 adversus
860 357 927 384 eos
958 373 971 394 ‚
1003 342 1071 397 qui
1104 339 1176 383 ali«
1362 339 1433 382 Ad
1465 339 1583 393 Iegem
1607 336 1767 390 Iuliam
1802 346 1866 392 rep
1880 335 2116 397 etundqrum
2140 342 2155 375 ,⁴
2240 390 2252 396 Ἰ

139 398 239 454 quid
269 414 318 442 ex
353 395 543 441 incendio
575 427 588 449 ‚
622 396 684 440 vel
719 396 932 454 naufragio
958 429 970 450 ‚
1002 412 1179 454 quorum
1341 397 1467 451 Tque
1509 396 1591 438 haec
1635 393 1802 450 quidem
1849 392 2098 436 violentiam
2135 393 2276 454 ‚comi

142 456 284 500 eadem
316 454 378 502 est.
402 469 523 507 poena
556 454 599 497 δε
626 453 743 498 causa
768 485 780 507 ,
813 454 829 507 [
857 471 882 496 a
906 455 922 507 J
949 455 1179 511 rapuissent,
1363 452 1520 510 preffit:
1555 451 1733 495 occurrit
1764 466 1874 494 nunc
1902 449 2042 505 legum
2062 446 2272 509 juliarum

141 528 189 556 ac
221 513 300 555 fine
332 511 436 553 caede
458 542 470 564 ‚
501 511 544 554 δι
577 510 658 554 fine
678 512 802 554 armis
823 512 908 555 vim
929 512 1182 564 intulissent,
1228 511 1308 555 alia
1342 542 1354 563 ‚
1403 525 1491 567 quae
1534 509 1766 563 compressit
1808 507 2027 551 avaritiam
2062 503 2276 569 magistra-

142 568 413 612 hominemve
445 583 545 621 agro
574 567 845 612 deturbaffent
879 584 892 622 3
923 584 1009 624 quae
1041 568 1180 612 crimi-
1232 581 1349 612 tuum
1377 598 1389 621 ‚
1433 582 1482 609 ne
1515 568 1564 609 ab
1597 566 1647 609 iis
1680 565 1904 620 provinciae
1937 595 1950 618 ‚
1996 579 2043 607 ac
2076 562 2172 606 socll
2206 574 2281 615 po-

141 640 195 669 na
241 625 435 668 videntur
488 625 662 679 publicae
709 625 770 667 vis
800 625 843 668 &
875 626 1042 681 privatae
1072 641 1184 668 com-
1235 625 1321 680 puli
1373 623 1554 667 Romani
1586 623 1732 678 opibus
1763 621 2086 666 exhaurirentur
2116 635 2127 661 :
2178 630 2280 662 cum

144 683 288 726 munia
314 698 326 723 t
359 681 516 726 etenim
549 698 595 726 ea
624 680 774 738 duplici
803 683 972 725 nomine
993 683 1097 737 apud
1116 683 1185 734 Jn·
1233 684 1284 726 ob
1310 680 1654 736 interponendam
1686 711 1698 734 ,
1730 679 1794 724 vel
1823 695 1908 723 non
1936 675 2283 740 interponendam

144 735 405 783 'risconsultos
439 752 579 783 notata
608 739 832 794 reperimus
864 771 873 782 .
916 740 1002 792 [b]
1034 739 1182 795 Singu·
1236 739 1471 795 potestatem
1496 769 1509 792 ‚
1557 749 1676 793 atque
1707 737 1761 779 ob
1791 734 2059 788 judicandum
2097 745 2287 791 precium

147 797 268 841 latim
312 811 408 840 vero
450 797 498 839 ad
543 797 630 841 vim
663 796 862 851 privatam
897 797 1071 851 pertinet
1105 828 1117 849 ,
1161 794 1186 838 fi
1235 797 1466 851 acciperent
1498 827 1510 849 ‚
1559 795 1600 837 &
1635 795 1676 837 in
1711 793 2039 837 mercimonium
2071 799 2284 836 verterent

149 855 240 909 quis
271 854 532 909 quaestionem
565 855 612 897 de
644 853 809 897 alterius
842 854 953 896 servo
985 854 1187 904 habuerit,
1237 853 1522 897 auctoritatem
1557 851 1766 906 publicam
1795 880 1804 893 .
1838 853 1905 893 Ne
1934 850 2058 904 igitur
2076 862 2172 903 opes
2192 861 2288 902 pro-

150 911 231 954 hoc
261 911 315 954 est
340 941 352 961 ‚
379 909 406 953 fi
438 911 530 966 quis
560 911 745 954 alienum
782 911 941 954 servum
973 941 985 964 ‚
1015 923 1060 954 ut
1091 909 1188 965 quid
1238 909 1483 954 vincialium
1518 920 1706 963 paterent
1738 907 1918 950 avaritiae
1951 905 2287 966 magistratuum,

149 983 200 1012 ex
231 983 280 1012 eo
311 966 479 1012 eliceret
506 1000 518 1021 ‚
550 968 765 1013 tormentis
799 967 1014 1019 subjecerit
1044 999 1053 1011 .
1111 969 1163 1018 c)
1240 967 1345 1023 leges
1377 966 1466 1009 latae
1498 966 1586 1008 sunt
1619 966 1666 1009 de
1703 964 1886 1020 pecuniis
1906 961 2164 1019 repetundis,
2195 974 2288 1016 qut-

311 1025 352 1067 C
412 1029 450 1069 A
513 1026 542 1068 P
602 1026 645 1066 U
706 1026 749 1067 T
868 1027 1046 1068 XCII.
1105 1052 1109 1056 -
1241 1026 1311 1068 bus
1342 1024 1395 1067 ob
1425 1022 1577 1066 ablatas·
1598 1054 1610 1076 ‚
1643 1033 1778 1076 captas
1798 1054 1810 1075 ‚
1855 1021 2096 1065 conciliatas
2128 1049 2140 1072 ‚
2171 1030 2288 1061 aver·-

325 1084 391 1126 De
415 1082 756 1136 Senatusconsulto
784 1081 1006 1136 Volusiano.
1243 1082 1298 1124 sas
1318 1114 1330 1135 ‚
1375 1080 1583 1136 paelasque
1617 1078 1808 1135 pecunias
1839 1079 2017 1134 graviter
2050 1076 2282 1133 punieban-

156 1138 332 1240 ITem
365 1139 397 1182 ss
424 1140 492 1196 qui
520 1139 692 1191 coierint
713 1140 908 1197 jmprobe
944 1140 985 1182 in
1015 1137 1194 1182 alienam
1244 1151 1308 1182 tur
1338 1154 1346 1179 :
1381 1137 1482 1190 (¹⁵¹⁶)
1515 1136 1619 1180 unde
1653 1137 1802 1180 merito
1829 1135 1991 1180 sociales
2014 1134 2122 1189 leges
2140 1130 2283 1194 appel-

195 1235 198 1237 .
239 1196 357 1240 litem
391 1228 403 1250 ‚
452 1209 498 1241 ut
528 1197 634 1253 quod
665 1212 791 1248 exea
822 1196 1026 1240 redactum
1059 1195 1151 1238 effet
1184 1226 1197 1248 ‚
1243 1196 1431 1239 labantur
1463 1210 1472 1235 :
1516 1194 1624 1250 quod
1671 1193 1871 1236 sociorum
1906 1207 1975 1249 per
2005 1207 2070 1236 eas
2102 1189 2282 1254 fortunis

155 1253 265 1297 inter
296 1254 510 1309 participes
541 1254 790 1298 fraudulenti
821 1254 979 1298 consilii
999 1252 1196 1296 dividere·
1244 1250 1548 1306 commodisque
1581 1250 1857 1294 consuleretur
1881 1282 1890 1292 .
1925 1252 1980 1293 Et
2023 1263 2116 1293 curn
2151 1257 2276 1289 mitio

158 1321 224 1352 tur
247 1311 369 1363 ,hac
403 1311 488 1363 lege
521 1323 682 1355 tenetur
706 1342 716 1353 .
760 1312 880 1363 Quod
913 1311 1085 1354 vetitum
1120 1309 1197 1352 fuit
1246 1309 1499 1365 magistratus
1542 1319 1706 1351 tantum
1752 1306 2024 1362 provinciales
2055 1316 2283 1359 eorumque

158 1368 199 1409 S.
231 1369 284 1410 C.
329 1367 555 1410 Volusiano
598 1369 645 1411 ad
688 1367 795 1412 hanc
828 1367 959 1422 legem
988 1367 1156 1410 condito
1188 1380 1222 1408 .¹
1246 1367 1418 1411 comites
1444 1397 1457 1417 ,
1506 1364 1715 1420 quaestores
1743 1395 1755 1416 ‚
1806 1363 1960 1419 legatos
1993 1363 2280 1417 perlequeren-

158 1424 270 1467 Item
299 1423 369 1480 qui
401 1425 643 1468 auf’toritate
678 1425 836 1480 privata
867 1426 1049 1467 debitum
1083 1423 1151 1466 fibi
1177 1440 1199 1465 a
1247 1436 1344 1476 tur3
1378 1422 1507 1478 postea
1541 1421 1574 1464 se
1607 1432 1898 1465 converterunt
1929 1419 2055 1464 etiam
2088 1419 2136 1461 ad
2160 1418 2284 1480 urba·

156 1481 340 1524 debitore
373 1480 442 1526 suo‘
474 1497 544 1536 per
577 1482 660 1524 vim
694 1481 898 1525 abstulerit
929 1482 971 1524 ὅτ.
1002 1480 1195 1532 ejusmodi
1248 1495 1321 1523 nos
1351 1511 1363 1531 ‚
1412 1479 1534 1531 ('‘**)
1566 1490 1610 1521 ut
1642 1479 1693 1521 ab
1721 1493 1867 1521 eorum
1900 1476 2121 1532 rapacitate
2155 1485 2285 1530 patri-

160 1537 317 1593 reliqua
343 1569 352 1580 .
384 1539 471 1591 (d)
502 1541 690 1582 Tenetur
722 1538 807 1594 lege
840 1538 947 1589 Julia
977 1538 1025 1581 de
1055 1538 1095 1580 vi
1120 1536 1200 1591 pri·
1250 1537 1390 1580 monia
1421 1547 1634 1579 tuerentur
1664 1534 1823 1579 civium
1858 1537 2174 1578 Romanorum.
2207 1531 2288 1584 (i)

158 1606 251 1637 vata
284 1595 380 1636 &is
400 1626 412 1647 ,
442 1595 514 1651 qui
547 1596 742 1651 receperit
763 1627 775 1648 ,
808 1595 1027 1645 celaverit,
1061 1606 1201 1637 tenue-

160 1650 214 1694 rit
246 1650 462 1695 hominem
492 1683 504 1705 ‚
550 1653 613 1695 cui
646 1668 748 1708 aqua
779 1652 822 1695 ὃς
855 1653 941 1708 igni
974 1652 1105 1694 suerat
1138 1652 1201 1693 in—

159 1708 375 1752 terdictum
402 1739 412 1750 .
445 1710 524 1760 (e)
557 1710 799 1761 Reperimus
830 1711 957 1753 etiam
978 1708 1081 1763 apud
1103 1708 1199 1751 Cal-

161 1765 364 1808 listratum
389 1796 402 1817 ‚
447 1765 532 1822 lege
564 1767 673 1817 Julia
705 1768 751 1809 de
783 1766 821 1808 vi
858 1767 974 1820 plura
1005 1766 1111 1809 circa
1143 1777 1200 1807 te-

162 1822 283 1865 stium
317 1821 600 1866 admissionem
638 1855 649 1876 ‚
699 1836 767 1866 aut
799 1823 1059 1875 rejectionem
1094 1820 1204 1865 fuiffe

159 1879 409 1922 constituta:
445 1891 489 1922 ut
522 1879 671 1923 scilicet
702 1881 827 1935 aliqui
863 1880 923 1923 vel
951 1892 1116 1936 propter
1145 1886 1200 1922 re'-

158 1936 393 1980 verentiam
428 1967 440 1989 ‚
487 1952 611 1992 quam
656 1953 723 1980 reo
756 1951 895 1993 utpote
926 1936 1031 1980 forte
1071 1948 1201 1990 patro-

165 2007 222 2036 no
288 1992 355 2035 suo
409 1993 601 2036 deberent
636 2009 647 2047 3
697 1993 760 2037 vel
811 2007 976 2049 propter
1024 1992 1204 2048 ignomi-

163 2049 322 2092 niosam
354 2049 487 2092 vitam
523 2081 535 2102 ,
579 2064 647 2093 aut
691 2063 806 2105 turpe
838 2050 1063 2093 artificium
1096 2066 1116 2091 a
1150 2061 1206 2092 te-

165 2106 348 2149 stimonii
381 2106 556 2150 dictione
587 2120 800 2150 arceantur
827 2138 837 2149 .
868 2106 947 2160 (f)
982 2108 1104 2149 Poena
1138 2121 1205 2149 vc-

167 2179 212 2209 ro
251 2195 263 2216 ‚
312 2177 399 2217 quae
422 2164 472 2205 ab
497 2163 571 2207 hac
602 2165 688 2219 lege
715 2164 761 2207 de
792 2163 832 2206 vi
860 2164 1017 2218 privata
1048 2163 1204 2206 descen-

165 2220 227 2262 'dit
260 2251 272 2273 ‚
305 2219 554 2263 honestiores
586 2222 752 2277 quidem
786 2221 905 2264 tertia
937 2233 1046 2275 parte
1082 2221 1208 2263 bono-

165 2292 260 2320 rum
294 2277 446 2319 multat
466 2308 479 2329 ,
510 2290 631 2332 atque
653 2278 884 2334 ignominia
913 2277 1127 2329 suffundit,
1149 2291 1207 2319 ar-

167 2346 312 2389 cetque
346 2333 435 2377 loco
468 2334 667 2377 senatorio
707 2367 720 2388 ‚
766 2335 809 2378 ἅ
841 2336 890 2377 ab
921 2335 1112 2377 omnium
1147 2334 1209 2388 spe

169 2389 376 2433 honorum
409 2391 747 2446 publicorumque
782 2406 1002 2436 munerum
1037 2407 1049 2445 ;
1099 2393 1116 2443 (
1143 2392 1210 2446 g)

282 2447 385 2500 Jani
415 2449 627 2491 Gravinae.
658 2451 774 2491 Tom.
808 2450 841 2491 Ι.

174 2522 280 2534 —n-

218 2556 298 2597 θ’)
324 2559 472 2598 Utraque
495 2557 594 2600 vulgo
618 2557 660 2590 fic
684 2557 795 2590 differt
823 2579 834 2597 ‚
872 2556 959 2600 quod
986 2556 1046 2590 illa
1070 2557 1171 2590 armis
1197 2578 1208 2598 ‚

174 2600 244 2635 haec
266 2601 331 2634 fine
355 2601 456 2633 armis
481 2600 597 2635 inferri
622 2603 767 2635 dicitur.

218 2647 237 2686 (
252 2657 272 2677 a
291 2646 309 2684 )
335 2649 372 2679 L.
397 2656 408 2676 ι
438 2643 473 2687 ff
490 2646 529 2677 de
544 2647 669 2679 incend.
690 2648 773 2680 γαίη.
789 2648 940 2690 naufrag.

186 2689 342 2768 c(b)d12.
358 2700 388 2730 ς.
404 2688 445 2733 ff
460 2691 502 2722 ad
517 2693 632 2732 ajat.
652 2692 689 2723 de
703 2693 742 2724 vi
753 2691 831 2734 publ
858 2695 880 2725 l.
902 2703 950 2724 ιο.
975 2693 1003 2734 §.
1026 2702 1052 2724 ι.
1071 2693 1209 2731 eod.1.4.

216 2758 222 2765 .
239 2746 272 2768 20
297 2759 303 2766 .
336 2756 344 2764 -
362 2746 393 2767 2·

750 2525 879 2536 ..----,

406 2733 445 2778 ff
460 2736 504 2767 ad
520 2737 630 2777 1.Jul.
647 2737 684 2768 de
698 2737 736 2769 vi
751 2739 874 2778 privat.
891 2739 912 2769 1.
934 2747 963 2776 3.
983 2739 1010 2780 §¹
1029 2738 1107 2769 item
1124 2747 1213 2769 tene-

178 2788 233 2812 tur
245 2779 284 2824 ff
300 2780 344 2812 ad
357 2782 507 2822 leg-Jul-
527 2780 566 2813 de
583 2781 621 2814 vi
634 2780 722 2822 publ.
740 2782 866 2814 Matth.
882 2782 919 2814 de
936 2785 1025 2815 crim.
1041 2783 1083 2814 ad
1097 2784 1211 2824 hsta!-

177 2824 217 2856 δε
233 2826 272 2858 ’ω’
285 2826 374 2868 priv.
392 2825 446 2857 tit.
466 2835 499 2863 4.
515 2836 540 2857 c.
559 2835 587 2863 3.
603 2826 646 2857 ad
663 2825 723 2858 lib.
742 2825 849 2869 48.‘ff.

213 2871 294 2946 ἑο)
323 2873 360 2902 L·
377 2880 410 2909 4·
432 2868 472 2913 ff
500 2870 542 2903 ad
565 2872 589 2903 1.
609 2873 688 2912 Jul.
715 2872 753 2904 de
777 2873 816 2904 vi
840 2871 930 2913 priv.
957 2873 986 2915 §.
1020 2881 1046 2903 1.
1074 2873 1097 2903 Ι.
1112 2874 1145 2903 6.
1169 2869 1209 2916 ff

176 2921 211 2944 eo
235 2924 282 2946 em
296 2936 305 2946 .

224 2959 244 2998 ζ
257 2958 311 2997 d)
340 2962 377 2991 L.
398 2970 447 3003 17.
471 2957 509 3003 ff.
535 2959 578 2992 ad
601 2962 663 3002 leg.
681 2962 762 3003 Jul.
776 2961 814 2994 de
826 2961 867 2994 νί
878 2961 965 3004 priv.
985 2960 1024 2994 (9¹
1038 2962 1061 2994 Ι.
1078 2971 1111 2994 2·
1128 2960 1166 2995 (9⁶
1179 2970 1211 3000 3.

184 3001 289 3035 Pauli.
305 3001 459 3044 mnsam.
478 3013 507 3043 5.
534 3013 600 3046 cap.
618 3010 669 3036 26-

224 3048 276 3086 (e)
302 3048 337 3077 L.
357 3057 388 3085 3.
405 3050 432 3089 §.
454 3057 481 3087 ς.
493 3048 533 3092 ff.
549 3052 587 3082 de
598 3048 702 3089 testib.

225 3091 305 3133 (f)
329 3092 473 3124 Duaren.
490 3092 546 3126 tib..
562 3105 593 3131 ρ..
609 3095 690 3138 disp.
709 3101 776 3135 ηρ.
794 3105 847 3134 23.
925 3121 937 3136 ι,

229 3134 291 3177 (g)
316 3136 354 3166 L.
373 3145 398 3167 1.
414 3136 454 3168 (9‘
469 3140 532 3170 ult.
545 3137 583 3181 ff.
601 3141 642 3171 ad
658 3143 678 3172 l.
697 3143 776 3184 Jul.
793 3142 829 3175 de
844 3139 884 3175 ’vt'
895 3137 984 3184 prfv.

220 3181 240 3221 (
260 3182 305 3221 h)
330 3179 404 3215 Lib.
423 3182 549 3225 5.sem.
564 3184 621 3218 n't.
639 3187 691 3217 25.

1254 1596 1387 1650 Atque
1420 1606 1513 1635 ante
1545 1592 1710 1648 quidem
1743 1590 1857 1635 nulla
1885 1605 1995 1635 certa
2016 1601 2291 1646 perpetuaque

1252 1651 1337 1706 lege
1369 1680 1382 1703 ,
1435 1650 1494 1693 sed
1538 1649 1767 1692 constitutis
1809 1648 1857 1692 ad
1890 1660 2051 1703 tempus
2081 1645 2289 1710 judiciisn,

1250 1708 1428 1762 datisque
1461 1707 1807 1760 recuperatoribus
1828 1737 1840 1760 ‚
1871 1720 2048 1762 quorum
2084 1703 2289 1746 sententia

1258 1776 1591 1820 recuperarentur
1623 1763 1758 1806 ablata
1795 1794 1807 1816 ‚
1860 1762 1974 1806 sociis
2019 1759 2292 1817 prospicieba-

1253 1835 1317 1864 tur
1349 1837 1359 1862 t
1411 1837 1457 1864 ac
1489 1820 1791 1876 magistratibus
1825 1819 2153 1875 praefiniebantur
2185 1817 2295 1859 sum·

1253 1892 1315 1922 tus
1335 1910 1347 1930 ‚
1379 1893 1599 1933 cavereque
1630 1876 1872 1929 jubebantur
1899 1908 1911 1930 ‚
1962 1891 2012 1919 ne
2045 1875 2157 1929 supra
2190 1888 2294 1929 prae-

1255 1936 1446 1990 scripturn
1480 1935 1647 1978 modurn
1674 1934 1798 1978 socios
1818 1943 2061 1977 onerarent.
2094 1931 2291 1986 Flagran-

1254 2008 1294 2037 te
1327 2007 1422 2035 vero
1455 1992 1497 2033 in
1530 1991 1610 2034 dies
1642 1990 1814 2034 avaritia
1848 1991 2161 2046 magistratuum
2187 2020 2199 2040 ,
2244 2003 2293 2030 o-

1257 2049 1409 2104 portuit
1449 2048 1485 2090 ei
1517 2048 1746 2091 coercendae
1780 2060 1991 2103 perpetuas
2022 2045 2202 2090 excitare
2235 2043 2296 2087 le-

1255 2122 1322 2161 ges
1353 2136 1364 2158 ‚
1407 2105 1421 2157 [
1449 2106 1475 2147 k
1502 2105 1518 2157 ]
1561 2120 1582 2147 a
1626 2106 1771 2160 quibus
1804 2120 1934 2160 poenae
1967 2116 2099 2146 metus
2131 2103 2297 2156 impen-

1255 2166 1365 2206 deret
1395 2161 1608 2204 atrocioris
1638 2193 1648 2204 .
1692 2163 1797 2217 Lege
1831 2174 1970 2206 autem
2004 2160 2111 2212 Julia
2143 2159 2189 2202 de
2224 2158 2291 2211 vi,

1256 2221 1298 2263 δί
1329 2221 1370 2262 S.
1401 2220 1452 2261 C.
1488 2218 1535 2261 ad
1567 2234 1658 2261 earn
1692 2219 1858 2262 condito
1894 2250 1906 2272 ‚
1955 2217 2117 2261 Paullus
2149 2215 2298 2268 refert,

1257 2277 1326 2331 [l]
1362 2274 1470 2319 fuisse
1503 2275 1774 2319 constitutum
1809 2308 1821 2329 ‚
1854 2287 1898 2318 ut
1932 2275 1957 2318 si
1991 2274 2198 2318 accusator
2229 2275 2298 2315 de-

1258 2333 1408 2376 cesserit
1440 2364 1452 2385 ‚
1502 2344 1571 2375 aut
1603 2332 1738 2388 aliqua
1769 2348 1818 2376 ex
1851 2332 1966 2376 causa
1999 2332 2181 2375 accusare
2214 2330 2295 2373 im-

1260 2390 1476 2446 pediatur,
1523 2388 1725 2440 judicium
1768 2389 2056 2488 conticegceret
2082 2420 2094 2442 ‚
2138 2389 2181 2430 &
2224 2401 2296 2485 srkeo

1898 2449 1924 2489 S
2170 2460 2219 2500 po
2256 2460 2302 2486 u-

1302 2559 1379 2597 (⁴¹⁴'‘)
1405 2560 1478 2598 Qua
1505 2568 1601 2598 poena
1626 2560 1638 2592 ?
1667 2557 1853 2600 Quadrupli
1879 2568 1953 2589 cum
1979 2554 2117 2588 infamia
2147 2576 2156 2586 .
2199 2553 2299 2586 Taci-

1258 2609 1311 2636 tus
1336 2605 1376 2634 L·
1404 2605 1455 2635 ll.
1484 2605 1604 2635 Annal.
1633 2614 1656 2636 c.
1676 2615 1708 2644 7.
1743 2602 1866 2634 Plinius
1891 2603 1929 2632 L.
1951 2603 2007 2632 IV.
2036 2608 2084 2642 ep.
2105 2611 2136 2639 9.
2164 2598 2298 2639 Judices

1259 2654 1368 2680 autem
1396 2646 1531 2689 pedanei
1561 2667 1573 2686 ‚
1601 2645 1622 2680 fi
1649 2646 1787 2690 pecunia
1812 2645 1963 2688 corrupti
1988 2646 2087 2678 essent
2116 2666 2126 2683 ‚
2167 2643 2299 2677 submo-

1260 2694 1350 2726 tione
1373 2703 1392 2724 a
1416 2691 1528 2724 senatu
1555 2692 1608 2725 vel
1633 2692 1722 2725 curia
1744 2711 1754 2730 ‚
1782 2691 1926 2724 miffione
1953 2691 1989 2723 in
2011 2690 2151 2724 exilium
2177 2710 2188 2730 ,
2216 2688 2298 2721 rele-

1260 2738 1393 2781 gatione
1418 2735 1458 2768 ad
1483 2744 1613 2778 tempus
1644 2736 1896 2778 plectebantur.

1307 2782 1418 2821 [““⁴‘]
1446 2780 1497 2814 Ad
1520 2791 1601 2824 quos
1624 2792 1664 2814 ne
1689 2780 1871 2823 Calpurnia
1893 2779 2026 2824 quidem
2052 2780 2105 2814 lex
2132 2802 2143 2820 ‚
2171 2777 2210 2811 de
2234 2788 2300 2821 qua

1260 2826 1397 2866 statim,
1425 2826 1610 2868 pertinuit:
1638 2837 1715 2859 nam
1741 2827 1771 2859 δε
1797 2826 1857 2859 hac
1882 2826 2136 2869 provincialium
2164 2831 2295 2856 tantum

1261 2871 1508 2914 magistratuum
1532 2871 1673 2904 avaritia
1697 2870 1843 2905 cohibita
1868 2871 1913 2904 est
1943 2893 1952 2902 .
1991 2874 2100 2912 Quare
2139 2868 2177 2900 de
2201 2867 2298 2899 urba-

1262 2917 1311 2948 nis
1340 2915 1580 2960 magistratibus
1604 2917 1706 2949 etiarn
1734 2917 1838 2958 postea
1863 2915 1995 2959 quaestio
2019 2922 2112 2947 extra
2138 2910 2291 2943 ordinem

1260 2960 1372 2994 habita
1395 2961 1462 3000 est,
1494 2969 1529 2994 ut
1554 2969 1690 3004 apparet
1715 2972 1756 2994 ex
1782 2960 1943 2996 Cicerone
1968 2960 2006 2992 de
2035 2956 2174 2991 Finibus
2189 2957 2296 2989 L.11.

1261 3013 1331 3047 cap.
1350 3008 1399 3038 16.

1309 3051 1389 3089 (i)
1414 3053 1452 3084 L.
1469 3052 1501 3082 6.
1524 3053 1551 3094 §.
1573 3062 1602 3084 2.
1617 3050 1716 3096 ffiad
1728 3053 1750 3083 1.
1768 3051 1851 3093 Jul.
1868 3056 1968 3092 repet.

1314 3093 1369 3134 (k)
1394 3097 1463 3130 Cic.
1493 3097 1551 3129 lib.
1573 3108 1606 3128 2.
1622 3099 1660 3129 de
1679 3095 1763 3138 offic.

1253 3183 1261 3190 ‚
1280 3140 1384 3228 [(Υἰρ)
1411 3144 1448 3176 L.
1476 3140 1661 3176 libellorum
1678 3143 1707 3184 §.
1720 3140 1750 3183 fi
1765 3139 1940 3182 accusator.
1955 3149 1990 3180 4.
2002 3135 2043 3183 ff.
2058 3137 2096 3172 de
2108 3136 2248 3179 accusso.
2263 3134 2303 3168 ὦ·

1245 3195 1281 3215 §n
1301 3195 1314 3216 C
1332 3196 1344 3215 8
1371 3194 1396 3219 θ.

1268 2524 1373 2534 ...—

1441 2533 1444 2535 ,
1480 2524 1861 2538 ι------.-
