<?xml version="1.0" encoding="UTF-8"?>
<!DOCTYPE html PUBLIC "-//W3C//DTD XHTML 1.0 Transitional//EN"
    "http://www.w3.org/TR/xhtml1/DTD/xhtml1-transitional.dtd">
<html xmlns="http://www.w3.org/1999/xhtml" xml:lang="en" lang="en">
 <head>
  <title>
</title>
<meta http-equiv="Content-Type" content="text/html;charset=utf-8" />
  <meta name='ocr-system' content='tesseract 3.04.00' />
  <meta name='ocr-capabilities' content='ocr_page ocr_carea ocr_par ocr_line ocrx_word'/>
</head>
<body>
  <div class='ocr_page' id='page_1' title='image "./janivincentiigra01gravuoft_0277.png"; bbox 0 0 2596 3479; ppageno 0'>
   <div class='ocr_carea' id='block_1_1' title="bbox 606 117 982 175">
    <p class='ocr_par' dir='ltr' id='par_1_1' title="bbox 606 117 982 175">
     <span class='ocr_line' id='line_1_1' title="bbox 606 117 982 175; baseline -0.011 0"><span class='ocrx_word' id='word_1_1' title='bbox 606 119 656 175; x_wconf 88' lang='lat' dir='ltr'><strong>E</strong></span> <span class='ocrx_word' id='word_1_2' title='bbox 697 119 756 173; x_wconf 90' lang='lat' dir='ltr'>T</span> <span class='ocrx_word' id='word_1_3' title='bbox 843 117 982 172; x_wconf 86' lang='grc' dir='ltr'>ΧΠ.</span> 
     </span>
    </p>
   </div>
   <div class='ocr_carea' id='block_1_2' title="bbox 174 192 1244 2755">
    <p class='ocr_par' dir='ltr' id='par_1_2' title="bbox 174 192 1244 2585">
     <span class='ocr_line' id='line_1_2' title="bbox 207 192 1243 250; baseline -0.006 -8"><span class='ocrx_word' id='word_1_4' title='bbox 207 193 364 242; x_wconf 78' lang='lat' dir='ltr'>ratione</span> <span class='ocrx_word' id='word_1_5' title='bbox 388 193 666 250; x_wconf 77' lang='lat' dir='ltr'>interponeret</span> <span class='ocrx_word' id='word_1_6' title='bbox 690 225 700 237; x_wconf 90' lang='lat'><em>.</em></span> <span class='ocrx_word' id='word_1_7' title='bbox 745 194 808 236; x_wconf 86' lang='lat' dir='ltr'>Ac</span> <span class='ocrx_word' id='word_1_8' title='bbox 840 193 978 248; x_wconf 88' lang='lat' dir='ltr'>primo</span> <span class='ocrx_word' id='word_1_9' title='bbox 1006 192 1243 236; x_wconf 80' lang='lat' dir='ltr'><strong>Decemviri</strong></span> 
     </span>
     <span class='ocr_line' id='line_1_3' title="bbox 207 250 1244 306; baseline -0.005 -9"><span class='ocrx_word' id='word_1_10' title='bbox 207 254 368 297; x_wconf 83' lang='lat' dir='ltr'>artificii</span> <span class='ocrx_word' id='word_1_11' title='bbox 401 254 580 296; x_wconf 82' lang='lat' dir='ltr'>sumtum</span> <span class='ocrx_word' id='word_1_12' title='bbox 599 253 641 295; x_wconf 90' lang='lat' dir='ltr'>in</span> <span class='ocrx_word' id='word_1_13' title='bbox 661 252 884 293; x_wconf 85' lang='lat' dir='ltr'>extruendo</span> <span class='ocrx_word' id='word_1_14' title='bbox 905 267 1005 306; x_wconf 79' lang='lat' dir='ltr'>rogo</span> <span class='ocrx_word' id='word_1_15' title='bbox 1027 250 1244 305; x_wconf 80' lang='lat' dir='ltr'>prohibue-</span> 
     </span>
     <span class='ocr_line' id='line_1_4' title="bbox 207 307 1240 363; baseline -0.002 -11"><span class='ocrx_word' id='word_1_16' title='bbox 207 324 328 363; x_wconf 74' lang='lat' dir='ltr'>runt,</span> <span class='ocrx_word' id='word_1_17' title='bbox 362 311 570 362; x_wconf 75' lang='lat' dir='ltr'>jubentes,</span> <span class='ocrx_word' id='word_1_18' title='bbox 603 320 682 350; x_wconf 84' lang='lat' dir='ltr'>ute</span> <span class='ocrx_word' id='word_1_19' title='bbox 699 307 859 349; x_wconf 84' lang='lat' dir='ltr'>rudibus</span> <span class='ocrx_word' id='word_1_20' title='bbox 877 339 888 360; x_wconf 82' lang='lat'>,</span> <span class='ocrx_word' id='word_1_21' title='bbox 907 309 950 349; x_wconf 85' lang='lat'>&amp;</span> <span class='ocrx_word' id='word_1_22' title='bbox 978 307 1179 362; x_wconf 80' lang='lat' dir='ltr'>impolitis</span> <span class='ocrx_word' id='word_1_23' title='bbox 1195 309 1240 350; x_wconf 88' lang='lat' dir='ltr'>li-</span> 
     </span>
     <span class='ocr_line' id='line_1_5' title="bbox 206 365 1242 422; baseline -0.001 -13"><span class='ocrx_word' id='word_1_24' title='bbox 206 368 298 420; x_wconf 66' lang='lat' dir='ltr'>gnis</span> <span class='ocrx_word' id='word_1_25' title='bbox 323 377 662 422; x_wconf 76' lang='lat' dir='ltr'>componeretur,</span> <span class='ocrx_word' id='word_1_26' title='bbox 695 380 741 406; x_wconf 87' lang='lat' dir='ltr'>ac</span> <span class='ocrx_word' id='word_1_27' title='bbox 761 376 943 407; x_wconf 83' lang='lat' dir='ltr'>vetantes</span> <span class='ocrx_word' id='word_1_28' title='bbox 963 365 1108 408; x_wconf 79' lang='lat' dir='ltr'>asciam</span> <span class='ocrx_word' id='word_1_29' title='bbox 1131 398 1142 419; x_wconf 87' lang='lat'>‚</span> <span class='ocrx_word' id='word_1_30' title='bbox 1166 365 1242 408; x_wconf 79' lang='lat' dir='ltr'>sive</span> 
     </span>
     <span class='ocr_line' id='line_1_6' title="bbox 206 420 1242 477; baseline -0.002 -10"><span class='ocrx_word' id='word_1_31' title='bbox 206 423 420 467; x_wconf 74' lang='lat' dir='ltr'>dolabrum</span> <span class='ocrx_word' id='word_1_32' title='bbox 439 424 488 467; x_wconf 89' lang='lat' dir='ltr'>ad</span> <span class='ocrx_word' id='word_1_33' title='bbox 509 420 760 476; x_wconf 75' lang='lat' dir='ltr'>elegantiam</span> <span class='ocrx_word' id='word_1_34' title='bbox 781 420 959 464; x_wconf 80' lang='lat' dir='ltr'>adhiberi</span> <span class='ocrx_word' id='word_1_35' title='bbox 990 453 999 464; x_wconf 88' lang='lat'><strong>.</strong></span> <span class='ocrx_word' id='word_1_36' title='bbox 1038 421 1242 477; x_wconf 78' lang='lat' dir='ltr'><strong>Quorsum</strong></span> 
     </span>
     <span class='ocr_line' id='line_1_7' title="bbox 209 477 1241 534; baseline -0.001 -11"><span class='ocrx_word' id='word_1_37' title='bbox 209 481 327 524; x_wconf 89' lang='lat' dir='ltr'>enim</span> <span class='ocrx_word' id='word_1_38' title='bbox 357 497 419 525; x_wconf 87' lang='lat' dir='ltr'>ars</span> <span class='ocrx_word' id='word_1_39' title='bbox 467 480 511 522; x_wconf 74' lang='grc' dir='ltr'>δί</span> <span class='ocrx_word' id='word_1_40' title='bbox 550 478 740 521; x_wconf 78' lang='lat' dir='ltr'>industria</span> <span class='ocrx_word' id='word_1_41' title='bbox 787 477 831 520; x_wconf 88' lang='lat' dir='ltr'>in</span> <span class='ocrx_word' id='word_1_42' title='bbox 865 494 986 533; x_wconf 87' lang='lat' dir='ltr'>opere</span> <span class='ocrx_word' id='word_1_43' title='bbox 1023 495 1241 534; x_wconf 80' lang='lat' dir='ltr'>paucarum</span> 
     </span>
     <span class='ocr_line' id='line_1_8' title="bbox 209 535 1242 590; baseline -0.003 -8"><span class='ocrx_word' id='word_1_44' title='bbox 209 538 431 582; x_wconf 81' lang='lat' dir='ltr'>horarum?</span> <span class='ocrx_word' id='word_1_45' title='bbox 453 538 510 578; x_wconf 87' lang='lat' dir='ltr'>Et</span> <span class='ocrx_word' id='word_1_46' title='bbox 531 535 730 590; x_wconf 88' lang='lat' dir='ltr'>quoniam</span> <span class='ocrx_word' id='word_1_47' title='bbox 752 547 903 577; x_wconf 80' lang='lat' dir='ltr'>veteres</span> <span class='ocrx_word' id='word_1_48' title='bbox 921 567 932 588; x_wconf 86' lang='lat'>‚</span> <span class='ocrx_word' id='word_1_49' title='bbox 955 535 1011 578; x_wconf 81' lang='lat' dir='ltr'>uti</span> <span class='ocrx_word' id='word_1_50' title='bbox 1033 537 1210 579; x_wconf 77' lang='lat' dir='ltr'>diximus</span> <span class='ocrx_word' id='word_1_51' title='bbox 1230 568 1242 589; x_wconf 87' lang='lat'>‚</span> 
     </span>
     <span class='ocr_line' id='line_1_9' title="bbox 208 591 1243 647; baseline -0.003 -9"><span class='ocrx_word' id='word_1_52' title='bbox 208 594 255 638; x_wconf 83' lang='lat' dir='ltr'>in</span> <span class='ocrx_word' id='word_1_53' title='bbox 276 595 470 638; x_wconf 81' lang='lat' dir='ltr'>ornandis</span> <span class='ocrx_word' id='word_1_54' title='bbox 491 591 702 635; x_wconf 82' lang='lat' dir='ltr'>funeribus</span> <span class='ocrx_word' id='word_1_55' title='bbox 730 592 828 635; x_wconf 89' lang='lat' dir='ltr'>adeo</span> <span class='ocrx_word' id='word_1_56' title='bbox 854 591 1069 645; x_wconf 84' lang='lat' dir='ltr'>furebant,</span> <span class='ocrx_word' id='word_1_57' title='bbox 1093 608 1136 635; x_wconf 88' lang='lat' dir='ltr'>ut</span> <span class='ocrx_word' id='word_1_58' title='bbox 1152 609 1243 647; x_wconf 83' lang='lat' dir='ltr'>pre-</span> 
     </span>
     <span class='ocr_line' id='line_1_10' title="bbox 213 647 1242 707; baseline -0.003 -13"><span class='ocrx_word' id='word_1_59' title='bbox 213 651 312 694; x_wconf 84' lang='lat' dir='ltr'>tiosa</span> <span class='ocrx_word' id='word_1_60' title='bbox 331 664 498 707; x_wconf 85' lang='lat' dir='ltr'>quaeque</span> <span class='ocrx_word' id='word_1_61' title='bbox 519 661 639 704; x_wconf 89' lang='lat' dir='ltr'>atque</span> <span class='ocrx_word' id='word_1_62' title='bbox 667 647 824 691; x_wconf 87' lang='lat' dir='ltr'>cariora</span> <span class='ocrx_word' id='word_1_63' title='bbox 847 649 1143 693; x_wconf 71' lang='lat' dir='ltr'>desunftocum</span> <span class='ocrx_word' id='word_1_64' title='bbox 1160 650 1242 704; x_wconf 87' lang='lat' dir='ltr'>ipso</span> 
     </span>
     <span class='ocr_line' id='line_1_11' title="bbox 212 706 1243 763; baseline -0.003 -11"><span class='ocrx_word' id='word_1_65' title='bbox 212 723 384 763; x_wconf 89' lang='lat' dir='ltr'>corpore</span> <span class='ocrx_word' id='word_1_66' title='bbox 419 706 681 759; x_wconf 79' lang='lat' dir='ltr'>conderent3</span> <span class='ocrx_word' id='word_1_67' title='bbox 723 706 855 749; x_wconf 90' lang='lat' dir='ltr'>vetuit</span> <span class='ocrx_word' id='word_1_68' title='bbox 889 706 1016 748; x_wconf 89' lang='lat' dir='ltr'>Solon</span> <span class='ocrx_word' id='word_1_69' title='bbox 1039 706 1123 759; x_wconf 80' lang='lat' dir='ltr'>(a)</span> <span class='ocrx_word' id='word_1_70' title='bbox 1156 706 1243 762; x_wconf 86' lang='lat' dir='ltr'>plus</span> 
     </span>
     <span class='ocr_line' id='line_1_12' title="bbox 205 762 1239 821; baseline -0.003 -13"><span class='ocrx_word' id='word_1_71' title='bbox 205 781 330 821; x_wconf 88' lang='lat' dir='ltr'>quam</span> <span class='ocrx_word' id='word_1_72' title='bbox 358 764 486 807; x_wconf 86' lang='lat' dir='ltr'>tribus</span> <span class='ocrx_word' id='word_1_73' title='bbox 511 763 682 806; x_wconf 86' lang='lat' dir='ltr'>vestibus</span> <span class='ocrx_word' id='word_1_74' title='bbox 708 762 860 806; x_wconf 87' lang='lat' dir='ltr'>mortui</span> <span class='ocrx_word' id='word_1_75' title='bbox 889 763 1239 818; x_wconf 87' lang='lat' dir='ltr'>corpus&#39;onerari:</span> 
     </span>
     <span class='ocr_line' id='line_1_13' title="bbox 205 820 1243 878; baseline -0.004 -12"><span class='ocrx_word' id='word_1_76' title='bbox 205 822 317 874; x_wconf 83' lang='lat' dir='ltr'>cujus</span> <span class='ocrx_word' id='word_1_77' title='bbox 343 821 622 878; x_wconf 81' lang='lat' dir='ltr'>frugalitatem</span> <span class='ocrx_word' id='word_1_78' title='bbox 647 820 774 863; x_wconf 85' lang='lat' dir='ltr'>etiam</span> <span class='ocrx_word' id='word_1_79' title='bbox 794 820 1031 864; x_wconf 71' lang='lat' dir='ltr'>Decemviri</span> <span class='ocrx_word' id='word_1_80' title='bbox 1048 821 1243 863; x_wconf 77' lang='lat' dir='ltr'>aemulan-</span> 
     </span>
     <span class='ocr_line' id='line_1_14' title="bbox 207 877 1243 936; baseline -0.001 -15"><span class='ocrx_word' id='word_1_81' title='bbox 207 891 267 923; x_wconf 84' lang='lat' dir='ltr'>tes</span> <span class='ocrx_word' id='word_1_82' title='bbox 293 880 428 936; x_wconf 87' lang='lat' dir='ltr'>legem</span> <span class='ocrx_word' id='word_1_83' title='bbox 458 878 641 921; x_wconf 88' lang='lat' dir='ltr'>tulerunt</span> <span class='ocrx_word' id='word_1_84' title='bbox 671 909 683 928; x_wconf 83' lang='lat'>‚</span> <span class='ocrx_word' id='word_1_85' title='bbox 734 892 784 921; x_wconf 90' lang='lat' dir='ltr'>ne</span> <span class='ocrx_word' id='word_1_86' title='bbox 811 877 858 920; x_wconf 87' lang='lat' dir='ltr'>ad</span> <span class='ocrx_word' id='word_1_87' title='bbox 881 878 1052 922; x_wconf 85' lang='lat' dir='ltr'>cadaver</span> <span class='ocrx_word' id='word_1_88' title='bbox 1074 894 1243 932; x_wconf 86' lang='lat' dir='ltr'>comp-o-</span> 
     </span>
     <span class='ocr_line' id='line_1_15' title="bbox 206 935 1241 990; baseline -0.003 -10"><span class='ocrx_word' id='word_1_89' title='bbox 206 938 389 980; x_wconf 82' lang='lat' dir='ltr'>nendum</span> <span class='ocrx_word' id='word_1_90' title='bbox 417 935 686 986; x_wconf 77' lang='lat' dir='ltr'>adjicerentur</span> <span class='ocrx_word' id='word_1_91' title='bbox 710 936 825 989; x_wconf 88' lang='lat' dir='ltr'>plura</span> <span class='ocrx_word' id='word_1_92' title='bbox 850 966 863 986; x_wconf 81' lang='lat'>,</span> <span class='ocrx_word' id='word_1_93' title='bbox 906 951 1031 990; x_wconf 86' lang='lat' dir='ltr'>quam</span> <span class='ocrx_word' id='word_1_94' title='bbox 1052 936 1128 977; x_wconf 87' lang='lat' dir='ltr'>tria</span> <span class='ocrx_word' id='word_1_95' title='bbox 1148 935 1241 978; x_wconf 90' lang='lat' dir='ltr'>rici-</span> 
     </span>
     <span class='ocr_line' id='line_1_16' title="bbox 206 992 1240 1049; baseline -0.001 -13"><span class='ocrx_word' id='word_1_96' title='bbox 206 994 276 1036; x_wconf 87' lang='lat' dir='ltr'>nia</span> <span class='ocrx_word' id='word_1_97' title='bbox 290 1025 301 1045; x_wconf 85' lang='lat'>,</span> <span class='ocrx_word' id='word_1_98' title='bbox 328 994 392 1046; x_wconf 88' lang='lat' dir='ltr'>(b)</span> <span class='ocrx_word' id='word_1_99' title='bbox 412 1008 500 1049; x_wconf 76' lang='lat' dir='ltr'>quae</span> <span class='ocrx_word' id='word_1_100' title='bbox 520 993 641 1035; x_wconf 79' lang='lat' dir='ltr'>vestes</span> <span class='ocrx_word' id='word_1_101' title='bbox 660 1004 777 1034; x_wconf 85' lang='lat' dir='ltr'>erant</span> <span class='ocrx_word' id='word_1_102' title='bbox 797 992 1000 1047; x_wconf 73' lang='lat' dir='ltr'>quadratae</span> <span class='ocrx_word' id='word_1_103' title='bbox 1020 1007 1240 1048; x_wconf 81' lang='lat' dir='ltr'>purpureae.</span> 
     </span>
     <span class='ocr_line' id='line_1_17' title="bbox 206 1048 1240 1105; baseline -0.002 -12"><span class='ocrx_word' id='word_1_104' title='bbox 206 1051 331 1094; x_wconf 86' lang='lat' dir='ltr'>Unde</span> <span class='ocrx_word' id='word_1_105' title='bbox 366 1051 496 1093; x_wconf 84' lang='lat' dir='ltr'>Varro</span> <span class='ocrx_word' id='word_1_106' title='bbox 521 1049 605 1100; x_wconf 79' lang='lat' dir='ltr'>ait,</span> <span class='ocrx_word' id='word_1_107' title='bbox 637 1048 750 1093; x_wconf 75' lang='lat' dir='ltr'>fuisse</span> <span class='ocrx_word' id='word_1_108' title='bbox 774 1049 945 1093; x_wconf 89' lang='lat' dir='ltr'>duarum</span> <span class='ocrx_word' id='word_1_109' title='bbox 968 1063 1156 1105; x_wconf 87' lang='lat' dir='ltr'>togarum</span> <span class='ocrx_word' id='word_1_110' title='bbox 1177 1049 1240 1091; x_wconf 91' lang='lat' dir='ltr'>in-</span> 
     </span>
     <span class='ocr_line' id='line_1_18' title="bbox 205 1105 1242 1163; baseline -0.002 -13"><span class='ocrx_word' id='word_1_111' title='bbox 205 1108 283 1150; x_wconf 80' lang='lat' dir='ltr'>star</span> <span class='ocrx_word' id='word_1_112' title='bbox 298 1140 309 1159; x_wconf 79' lang='lat'>‚</span> <span class='ocrx_word' id='word_1_113' title='bbox 331 1123 501 1163; x_wconf 89' lang='lat' dir='ltr'>quarum</span> <span class='ocrx_word' id='word_1_114' title='bbox 527 1105 745 1149; x_wconf 87' lang='lat' dir='ltr'>dimidium</span> <span class='ocrx_word' id='word_1_115' title='bbox 772 1107 988 1151; x_wconf 86' lang='lat' dir='ltr'>retrorsum</span> <span class='ocrx_word' id='word_1_116' title='bbox 1006 1106 1242 1160; x_wconf 79' lang='lat' dir='ltr'>jaciebatur,</span> 
     </span>
     <span class='ocr_line' id='line_1_19' title="bbox 207 1163 1242 1221; baseline -0.002 -13"><span class='ocrx_word' id='word_1_117' title='bbox 207 1164 381 1220; x_wconf 80' lang='lat' dir='ltr'>indeque</span> <span class='ocrx_word' id='word_1_118' title='bbox 406 1163 560 1207; x_wconf 57' lang='lat' dir='ltr'>dietum</span> <span class='ocrx_word' id='word_1_119' title='bbox 588 1163 783 1208; x_wconf 87' lang='lat' dir='ltr'>ricinium</span> <span class='ocrx_word' id='word_1_120' title='bbox 814 1180 823 1206; x_wconf 73' lang='grc' dir='ltr'><em>ε</em></span> <span class='ocrx_word' id='word_1_121' title='bbox 866 1178 989 1221; x_wconf 89' lang='lat' dir='ltr'>atque</span> <span class='ocrx_word' id='word_1_122' title='bbox 1014 1164 1242 1220; x_wconf 78' lang='lat' dir='ltr'>antiquissi-</span> 
     </span>
     <span class='ocr_line' id='line_1_20' title="bbox 206 1219 1242 1276; baseline 0 -12"><span class='ocrx_word' id='word_1_123' title='bbox 206 1237 325 1265; x_wconf 83' lang='lat' dir='ltr'>mum</span> <span class='ocrx_word' id='word_1_124' title='bbox 353 1221 546 1265; x_wconf 87' lang='lat' dir='ltr'>ricinium</span> <span class='ocrx_word' id='word_1_125' title='bbox 573 1219 962 1275; x_wconf 13' lang='lat' dir='ltr'>fuiffermulierum</span> <span class='ocrx_word' id='word_1_126' title='bbox 988 1223 1119 1276; x_wconf 89' lang='lat' dir='ltr'>postea</span> <span class='ocrx_word' id='word_1_127' title='bbox 1146 1236 1242 1264; x_wconf 89' lang='lat' dir='ltr'>vero</span> 
     </span>
     <span class='ocr_line' id='line_1_21' title="bbox 205 1278 1240 1333; baseline -0.001 -12"><span class='ocrx_word' id='word_1_128' title='bbox 205 1278 354 1333; x_wconf 79' lang='lat' dir='ltr'>duplex</span> <span class='ocrx_word' id='word_1_129' title='bbox 380 1278 495 1322; x_wconf 78' lang='lat' dir='ltr'>fuisse</span> <span class='ocrx_word' id='word_1_130' title='bbox 521 1279 727 1321; x_wconf 88' lang='lat' dir='ltr'>virorum.</span> <span class='ocrx_word' id='word_1_131' title='bbox 750 1280 873 1321; x_wconf 82' lang='lat' dir='ltr'>Unde</span> <span class='ocrx_word' id='word_1_132' title='bbox 899 1280 1062 1322; x_wconf 86' lang='lat' dir='ltr'>Servius</span> <span class='ocrx_word' id='word_1_133' title='bbox 1086 1279 1170 1330; x_wconf 87' lang='lat' dir='ltr'>ait,</span> <span class='ocrx_word' id='word_1_134' title='bbox 1190 1293 1240 1320; x_wconf 76' lang='lat' dir='ltr'>ex</span> 
     </span>
     <span class='ocr_line' id='line_1_22' title="bbox 208 1334 1240 1389; baseline -0.002 -12"><span class='ocrx_word' id='word_1_135' title='bbox 208 1336 342 1378; x_wconf 88' lang='lat' dir='ltr'>ricinii</span> <span class='ocrx_word' id='word_1_136' title='bbox 369 1336 436 1378; x_wconf 89' lang='lat' dir='ltr'>usu</span> <span class='ocrx_word' id='word_1_137' title='bbox 465 1347 625 1389; x_wconf 81' lang='lat' dir='ltr'>patere,</span> <span class='ocrx_word' id='word_1_138' title='bbox 658 1334 851 1377; x_wconf 87' lang='lat' dir='ltr'>mulieres</span> <span class='ocrx_word' id='word_1_139' title='bbox 869 1335 970 1377; x_wconf 87' lang='lat' dir='ltr'>olim</span> <span class='ocrx_word' id='word_1_140' title='bbox 987 1334 1240 1377; x_wconf 80' lang='lat' dir='ltr'>habuisseto·</span> 
     </span>
     <span class='ocr_line' id='line_1_23' title="bbox 206 1390 1240 1447; baseline -0.002 -13"><span class='ocrx_word' id='word_1_141' title='bbox 206 1408 304 1447; x_wconf 81' lang='lat' dir='ltr'>gas,</span> <span class='ocrx_word' id='word_1_142' title='bbox 335 1392 377 1435; x_wconf 70' lang='grc' dir='ltr'>ἃ</span> <span class='ocrx_word' id='word_1_143' title='bbox 400 1392 548 1434; x_wconf 88' lang='lat' dir='ltr'>Cicero</span> <span class='ocrx_word' id='word_1_144' title='bbox 574 1390 631 1432; x_wconf 85' lang='lat' dir='ltr'>ait</span> <span class='ocrx_word' id='word_1_145' title='bbox 653 1406 665 1443; x_wconf 83' lang='lat'>3</span> <span class='ocrx_word' id='word_1_146' title='bbox 699 1391 855 1434; x_wconf 89' lang='lat' dir='ltr'>riciniis</span> <span class='ocrx_word' id='word_1_147' title='bbox 882 1392 1072 1434; x_wconf 79' lang='lat' dir='ltr'>mulieres</span> <span class='ocrx_word' id='word_1_148' title='bbox 1098 1390 1240 1434; x_wconf 86' lang='lat' dir='ltr'>usasin</span> 
     </span>
     <span class='ocr_line' id='line_1_24' title="bbox 203 1447 1240 1504; baseline -0.003 -12"><span class='ocrx_word' id='word_1_149' title='bbox 203 1449 338 1492; x_wconf 62' lang='lat' dir='ltr'>lufiiu:</span> <span class='ocrx_word' id='word_1_150' title='bbox 373 1449 452 1501; x_wconf 85' lang='lat' dir='ltr'>(c)</span> <span class='ocrx_word' id='word_1_151' title='bbox 476 1447 624 1491; x_wconf 88' lang='lat' dir='ltr'>Minus</span> <span class='ocrx_word' id='word_1_152' title='bbox 649 1461 834 1502; x_wconf 81' lang='lat' dir='ltr'>praeterea</span> <span class='ocrx_word' id='word_1_153' title='bbox 858 1449 1058 1504; x_wconf 87' lang='lat' dir='ltr'>quoddam</span> <span class='ocrx_word' id='word_1_154' title='bbox 1080 1463 1167 1492; x_wconf 90' lang='lat' dir='ltr'>erat</span> <span class='ocrx_word' id='word_1_155' title='bbox 1187 1449 1240 1490; x_wconf 91' lang='lat' dir='ltr'>ri-</span> 
     </span>
     <span class='ocr_line' id='line_1_25' title="bbox 205 1504 1241 1561; baseline -0.002 -12"><span class='ocrx_word' id='word_1_156' title='bbox 205 1505 365 1550; x_wconf 86' lang='lat' dir='ltr'>cinium</span> <span class='ocrx_word' id='word_1_157' title='bbox 381 1536 393 1559; x_wconf 87' lang='lat'>,</span> <span class='ocrx_word' id='word_1_158' title='bbox 427 1505 533 1560; x_wconf 91' lang='lat' dir='ltr'>quod</span> <span class='ocrx_word' id='word_1_159' title='bbox 556 1505 635 1548; x_wconf 91' lang='lat' dir='ltr'>rica</span> <span class='ocrx_word' id='word_1_160' title='bbox 655 1504 862 1548; x_wconf 88' lang='lat' dir='ltr'>dicebatur</span> <span class='ocrx_word' id='word_1_161' title='bbox 887 1537 900 1559; x_wconf 86' lang='lat'>,</span> <span class='ocrx_word' id='word_1_162' title='bbox 942 1519 1106 1561; x_wconf 87' lang='lat' dir='ltr'>eratque</span> <span class='ocrx_word' id='word_1_163' title='bbox 1131 1505 1241 1548; x_wconf 90' lang='lat' dir='ltr'>vela-</span> 
     </span>
     <span class='ocr_line' id='line_1_26' title="bbox 204 1561 1242 1618; baseline -0.001 -12"><span class='ocrx_word' id='word_1_164' title='bbox 204 1575 393 1606; x_wconf 88' lang='lat' dir='ltr'>mentum</span> <span class='ocrx_word' id='word_1_165' title='bbox 415 1563 558 1617; x_wconf 86' lang='lat' dir='ltr'>capitis</span> <span class='ocrx_word' id='word_1_166' title='bbox 579 1561 774 1605; x_wconf 76' lang='lat' dir='ltr'>muliebre</span> <span class='ocrx_word' id='word_1_167' title='bbox 789 1594 802 1615; x_wconf 92' lang='lat'>,</span> <span class='ocrx_word' id='word_1_168' title='bbox 821 1563 1021 1606; x_wconf 76' lang='lat' dir='ltr'>modestiae</span> <span class='ocrx_word' id='word_1_169' title='bbox 1039 1563 1151 1605; x_wconf 87' lang='lat' dir='ltr'>causa</span> <span class='ocrx_word' id='word_1_170' title='bbox 1172 1579 1242 1618; x_wconf 88' lang='lat' dir='ltr'>ge-</span> 
     </span>
     <span class='ocr_line' id='line_1_27' title="bbox 204 1619 1242 1675; baseline -0.001 -12"><span class='ocrx_word' id='word_1_171' title='bbox 204 1636 275 1663; x_wconf 80' lang='lat' dir='ltr'>nas</span> <span class='ocrx_word' id='word_1_172' title='bbox 299 1633 468 1675; x_wconf 82' lang='lat' dir='ltr'>tegens,</span> <span class='ocrx_word' id='word_1_173' title='bbox 502 1619 643 1674; x_wconf 89' lang='lat' dir='ltr'>quoin</span> <span class='ocrx_word' id='word_1_174' title='bbox 668 1619 870 1662; x_wconf 78' lang='lat' dir='ltr'>sacrificiis</span> <span class='ocrx_word' id='word_1_175' title='bbox 890 1621 1106 1663; x_wconf 88' lang='lat' dir='ltr'>utebantur</span> <span class='ocrx_word' id='word_1_176' title='bbox 1125 1651 1135 1662; x_wconf 93' lang='lat'><strong>.</strong></span> <span class='ocrx_word' id='word_1_177' title='bbox 1168 1619 1242 1662; x_wconf 82' lang='lat' dir='ltr'>Ri-</span> 
     </span>
     <span class='ocr_line' id='line_1_28' title="bbox 202 1675 1241 1733; baseline -0.001 -13"><span class='ocrx_word' id='word_1_178' title='bbox 202 1676 326 1720; x_wconf 86' lang='lat' dir='ltr'>ciniis</span> <span class='ocrx_word' id='word_1_179' title='bbox 357 1676 484 1732; x_wconf 87' lang='lat' dir='ltr'>igitur</span> <span class='ocrx_word' id='word_1_180' title='bbox 516 1675 787 1718; x_wconf 81' lang='lat' dir='ltr'>involvebant</span> <span class='ocrx_word' id='word_1_181' title='bbox 819 1677 989 1720; x_wconf 85' lang='lat' dir='ltr'>cadaver</span> <span class='ocrx_word' id='word_1_182' title='bbox 1021 1709 1033 1729; x_wconf 84' lang='lat'>,</span> <span class='ocrx_word' id='word_1_183' title='bbox 1065 1692 1241 1733; x_wconf 90' lang='lat' dir='ltr'>quorum</span> 
     </span>
     <span class='ocr_line' id='line_1_29' title="bbox 203 1732 1241 1790; baseline -0.003 -12"><span class='ocrx_word' id='word_1_184' title='bbox 203 1734 360 1790; x_wconf 79' lang='lat' dir='ltr'>singula</span> <span class='ocrx_word' id='word_1_185' title='bbox 387 1732 628 1786; x_wconf 84' lang='lat' dir='ltr'>involucra,</span> <span class='ocrx_word' id='word_1_186' title='bbox 661 1746 702 1775; x_wconf 88' lang='lat' dir='ltr'>ut</span> <span class='ocrx_word' id='word_1_187' title='bbox 726 1732 924 1786; x_wconf 83' lang='lat' dir='ltr'>suspicor,</span> <span class='ocrx_word' id='word_1_188' title='bbox 943 1734 1241 1790; x_wconf 84' lang='lat' dir='ltr'>distinguebant</span> 
     </span>
     <span class='ocr_line' id='line_1_30' title="bbox 203 1790 1241 1846; baseline -0.002 -12"><span class='ocrx_word' id='word_1_189' title='bbox 203 1791 335 1835; x_wconf 77' lang='lat' dir='ltr'>fasciis</span> <span class='ocrx_word' id='word_1_190' title='bbox 365 1790 576 1846; x_wconf 81' lang='lat' dir='ltr'>purpureis</span> <span class='ocrx_word' id='word_1_191' title='bbox 605 1806 614 1830; x_wconf 89' lang='lat'>:</span> <span class='ocrx_word' id='word_1_192' title='bbox 650 1804 859 1844; x_wconf 88' lang='lat' dir='ltr'>propterea</span> <span class='ocrx_word' id='word_1_193' title='bbox 884 1790 947 1834; x_wconf 84' lang='lat' dir='ltr'>lex</span> <span class='ocrx_word' id='word_1_194' title='bbox 969 1822 981 1844; x_wconf 93' lang='lat'><strong>‚</strong></span> <span class='ocrx_word' id='word_1_195' title='bbox 1014 1804 1059 1834; x_wconf 89' lang='lat' dir='ltr'>ut</span> <span class='ocrx_word' id='word_1_196' title='bbox 1089 1791 1241 1834; x_wconf 89' lang='lat' dir='ltr'>Cicero</span> 
     </span>
     <span class='ocr_line' id='line_1_31' title="bbox 203 1846 1239 1903; baseline -0.001 -12"><span class='ocrx_word' id='word_1_197' title='bbox 203 1848 356 1901; x_wconf 82' lang='lat' dir='ltr'>tradit,</span> <span class='ocrx_word' id='word_1_198' title='bbox 388 1862 471 1890; x_wconf 91' lang='lat' dir='ltr'>non</span> <span class='ocrx_word' id='word_1_199' title='bbox 496 1846 593 1890; x_wconf 87' lang='lat' dir='ltr'>tulit</span> <span class='ocrx_word' id='word_1_200' title='bbox 617 1847 705 1902; x_wconf 85' lang='lat' dir='ltr'>plus</span> <span class='ocrx_word' id='word_1_201' title='bbox 724 1863 847 1903; x_wconf 88' lang='lat' dir='ltr'>quam</span> <span class='ocrx_word' id='word_1_202' title='bbox 869 1848 948 1891; x_wconf 82' lang='lat' dir='ltr'>tria</span> <span class='ocrx_word' id='word_1_203' title='bbox 970 1847 1133 1891; x_wconf 78' lang='lat' dir='ltr'>vincula</span> <span class='ocrx_word' id='word_1_204' title='bbox 1148 1864 1239 1902; x_wconf 87' lang='lat' dir='ltr'>pur-</span> 
     </span>
     <span class='ocr_line' id='line_1_32' title="bbox 203 1904 1240 1962; baseline 0 -14"><span class='ocrx_word' id='word_1_205' title='bbox 203 1920 336 1962; x_wconf 74' lang='lat' dir='ltr'>purae,</span> <span class='ocrx_word' id='word_1_206' title='bbox 368 1906 434 1956; x_wconf 87' lang='lat' dir='ltr'>(d)</span> <span class='ocrx_word' id='word_1_207' title='bbox 458 1919 545 1960; x_wconf 80' lang='lat' dir='ltr'>quae</span> <span class='ocrx_word' id='word_1_208' title='bbox 571 1905 817 1959; x_wconf 86' lang='lat' dir='ltr'>interpretor</span> <span class='ocrx_word' id='word_1_209' title='bbox 841 1904 981 1948; x_wconf 86' lang='lat' dir='ltr'>fascias</span> <span class='ocrx_word' id='word_1_210' title='bbox 1005 1921 1240 1960; x_wconf 86' lang='lat' dir='ltr'>purpureas,</span> 
     </span>
     <span class='ocr_line' id='line_1_33' title="bbox 201 1961 1240 2018; baseline 0 -13"><span class='ocrx_word' id='word_1_211' title='bbox 201 1977 377 2018; x_wconf 88' lang='lat' dir='ltr'>quarum</span> <span class='ocrx_word' id='word_1_212' title='bbox 398 1961 565 2018; x_wconf 83' lang='lat' dir='ltr'>singulis</span> <span class='ocrx_word' id='word_1_213' title='bbox 588 1962 732 2005; x_wconf 88' lang='lat' dir='ltr'>ricinia</span> <span class='ocrx_word' id='word_1_214' title='bbox 752 1963 912 2017; x_wconf 86' lang='lat' dir='ltr'>corpori</span> <span class='ocrx_word' id='word_1_215' title='bbox 926 1962 1240 2018; x_wconf 84' lang='lat' dir='ltr'>colligabantur.</span> 
     </span>
     <span class='ocr_line' id='line_1_34' title="bbox 202 2018 1238 2063; baseline 0 -1"><span class='ocrx_word' id='word_1_216' title='bbox 202 2020 269 2063; x_wconf 83' lang='lat' dir='ltr'>Ad</span> <span class='ocrx_word' id='word_1_217' title='bbox 292 2034 384 2061; x_wconf 87' lang='lat' dir='ltr'>eam</span> <span class='ocrx_word' id='word_1_218' title='bbox 411 2018 710 2062; x_wconf 86' lang='lat' dir='ltr'>solemnitatem</span> <span class='ocrx_word' id='word_1_219' title='bbox 738 2019 889 2063; x_wconf 81' lang='lat' dir='ltr'>funeris</span> <span class='ocrx_word' id='word_1_220' title='bbox 912 2033 1064 2063; x_wconf 87' lang='lat' dir='ltr'>veteres</span> <span class='ocrx_word' id='word_1_221' title='bbox 1087 2022 1238 2063; x_wconf 86' lang='lat' dir='ltr'>condu-</span> 
     </span>
     <span class='ocr_line' id='line_1_35' title="bbox 203 2075 1237 2133; baseline -0.001 -14"><span class='ocrx_word' id='word_1_222' title='bbox 203 2076 349 2119; x_wconf 82' lang='lat' dir='ltr'>cebant</span> <span class='ocrx_word' id='word_1_223' title='bbox 375 2075 562 2118; x_wconf 85' lang='lat' dir='ltr'>tibicines</span> <span class='ocrx_word' id='word_1_224' title='bbox 587 2076 768 2118; x_wconf 87' lang='lat' dir='ltr'>adbibita</span> <span class='ocrx_word' id='word_1_225' title='bbox 793 2078 964 2120; x_wconf 90' lang='lat' dir='ltr'>muliere</span> <span class='ocrx_word' id='word_1_226' title='bbox 991 2109 1003 2130; x_wconf 96' lang='lat'>,</span> <span class='ocrx_word' id='word_1_227' title='bbox 1035 2092 1122 2133; x_wconf 85' lang='lat' dir='ltr'>quae</span> <span class='ocrx_word' id='word_1_228' title='bbox 1142 2092 1237 2131; x_wconf 82' lang='lat' dir='ltr'>prae-</span> 
     </span>
     <span class='ocr_line' id='line_1_36' title="bbox 174 2133 1240 2189; baseline 0.003 -16"><span class='ocrx_word' id='word_1_229' title='bbox 174 2170 179 2173; x_wconf 84' lang='lat'>.</span> <span class='ocrx_word' id='word_1_230' title='bbox 199 2133 276 2176; x_wconf 86' lang='lat' dir='ltr'>fica</span> <span class='ocrx_word' id='word_1_231' title='bbox 303 2133 637 2187; x_wconf 84' lang='lat' dir='ltr'>nuncupabatur:</span> <span class='ocrx_word' id='word_1_232' title='bbox 657 2147 793 2188; x_wconf 84' lang='lat' dir='ltr'>eaeque</span> <span class='ocrx_word' id='word_1_233' title='bbox 816 2136 1029 2176; x_wconf 87' lang='lat' dir='ltr'>cantiones</span> <span class='ocrx_word' id='word_1_234' title='bbox 1056 2134 1240 2189; x_wconf 76' lang='lat' dir='ltr'>lugubres</span> 
     </span>
     <span class='ocr_line' id='line_1_37' title="bbox 202 2189 1239 2246; baseline 0.001 -13"><span class='ocrx_word' id='word_1_235' title='bbox 202 2189 514 2243; x_wconf 73' lang='lat' dir='ltr'>appellabantur</span> <span class='ocrx_word' id='word_1_236' title='bbox 538 2190 686 2242; x_wconf 52' lang='lat' dir='ltr'>nenne,</span> <span class='ocrx_word' id='word_1_237' title='bbox 706 2205 872 2246; x_wconf 69' lang='lat' dir='ltr'>quaeque</span> <span class='ocrx_word' id='word_1_238' title='bbox 894 2192 997 2246; x_wconf 84' lang='lat' dir='ltr'>apud</span> <span class='ocrx_word' id='word_1_239' title='bbox 1024 2191 1112 2234; x_wconf 83' lang='lat' dir='ltr'>sitos</span> <span class='ocrx_word' id='word_1_240' title='bbox 1128 2223 1139 2242; x_wconf 84' lang='lat'>,</span> <span class='ocrx_word' id='word_1_241' title='bbox 1162 2192 1239 2234; x_wconf 83' lang='lat' dir='ltr'>hoc</span> 
     </span>
     <span class='ocr_line' id='line_1_38' title="bbox 201 2246 1240 2301; baseline 0.002 -12"><span class='ocrx_word' id='word_1_242' title='bbox 201 2260 387 2289; x_wconf 85' lang='lat' dir='ltr'>mortuos</span> <span class='ocrx_word' id='word_1_243' title='bbox 409 2278 420 2298; x_wconf 84' lang='lat'><strong>‚</strong></span> <span class='ocrx_word' id='word_1_244' title='bbox 451 2247 493 2288; x_wconf 71' lang='grc' dir='ltr'>ὅ(</span> <span class='ocrx_word' id='word_1_245' title='bbox 519 2246 635 2288; x_wconf 82' lang='lat' dir='ltr'>humi</span> <span class='ocrx_word' id='word_1_246' title='bbox 662 2249 848 2290; x_wconf 85' lang='lat' dir='ltr'>conditos</span> <span class='ocrx_word' id='word_1_247' title='bbox 873 2281 885 2301; x_wconf 85' lang='lat'>‚</span> <span class='ocrx_word' id='word_1_248' title='bbox 920 2249 982 2290; x_wconf 82' lang='lat' dir='ltr'>vel</span> <span class='ocrx_word' id='word_1_249' title='bbox 1010 2250 1240 2291; x_wconf 85' lang='lat' dir='ltr'>condendos</span> 
     </span>
     <span class='ocr_line' id='line_1_39' title="bbox 202 2301 1237 2356; baseline 0.001 -9"><span class='ocrx_word' id='word_1_250' title='bbox 202 2316 395 2347; x_wconf 85' lang='lat' dir='ltr'>canerent</span> <span class='ocrx_word' id='word_1_251' title='bbox 412 2335 422 2355; x_wconf 89' lang='lat'>‚</span> <span class='ocrx_word' id='word_1_252' title='bbox 449 2301 649 2355; x_wconf 72' lang='lat' dir='ltr'>liticines.</span> <span class='ocrx_word' id='word_1_253' title='bbox 682 2305 762 2355; x_wconf 89' lang='lat' dir='ltr'>(e)</span> <span class='ocrx_word' id='word_1_254' title='bbox 787 2305 829 2346; x_wconf 89' lang='lat' dir='ltr'>in</span> <span class='ocrx_word' id='word_1_255' title='bbox 858 2305 1078 2356; x_wconf 77' lang='lat' dir='ltr'>majoribus</span> <span class='ocrx_word' id='word_1_256' title='bbox 1101 2319 1237 2348; x_wconf 85' lang='lat' dir='ltr'>autem</span> 
     </span>
     <span class='ocr_line' id='line_1_40' title="bbox 202 2360 1240 2415; baseline 0.002 -11"><span class='ocrx_word' id='word_1_257' title='bbox 202 2362 385 2415; x_wconf 70' lang='lat' dir='ltr'>exequiis</span> <span class='ocrx_word' id='word_1_258' title='bbox 408 2360 704 2403; x_wconf 78' lang='lat' dir='ltr'>adhibebantur</span> <span class='ocrx_word' id='word_1_259' title='bbox 726 2362 828 2404; x_wconf 82' lang='lat' dir='ltr'>tubae</span> <span class='ocrx_word' id='word_1_260' title='bbox 843 2394 852 2404; x_wconf 94' lang='lat'><strong><em>.</em></strong></span> <span class='ocrx_word' id='word_1_261' title='bbox 874 2362 1114 2406; x_wconf 73' lang='lat' dir='ltr'>Cuiusmodi</span> <span class='ocrx_word' id='word_1_262' title='bbox 1136 2364 1240 2406; x_wconf 88' lang='lat' dir='ltr'>sum-</span> 
     </span>
     <span class='ocr_line' id='line_1_41' title="bbox 205 2418 1239 2473; baseline 0.004 -14"><span class='ocrx_word' id='word_1_263' title='bbox 205 2430 267 2460; x_wconf 86' lang='lat' dir='ltr'>tus</span> <span class='ocrx_word' id='word_1_264' title='bbox 293 2433 385 2473; x_wconf 83' lang='lat' dir='ltr'>quia</span> <span class='ocrx_word' id='word_1_265' title='bbox 413 2418 581 2459; x_wconf 72' lang='lat' dir='ltr'>modum</span> <span class='ocrx_word' id='word_1_266' title='bbox 608 2418 849 2461; x_wconf 79' lang='lat' dir='ltr'>excederent</span> <span class='ocrx_word' id='word_1_267' title='bbox 876 2452 887 2471; x_wconf 79' lang='lat'>‚</span> <span class='ocrx_word' id='word_1_268' title='bbox 925 2419 1158 2462; x_wconf 82' lang='lat' dir='ltr'>Decemviri</span> <span class='ocrx_word' id='word_1_269' title='bbox 1175 2437 1239 2463; x_wconf 88' lang='lat' dir='ltr'>ve-</span> 
     </span>
     <span class='ocr_line' id='line_1_42' title="bbox 205 2473 1241 2528; baseline 0.004 -13"><span class='ocrx_word' id='word_1_270' title='bbox 205 2486 370 2517; x_wconf 87' lang='lat' dir='ltr'>tuerunt</span> <span class='ocrx_word' id='word_1_271' title='bbox 385 2506 397 2526; x_wconf 89' lang='lat'>,</span> <span class='ocrx_word' id='word_1_272' title='bbox 432 2473 518 2521; x_wconf 79' lang='lat' dir='ltr'>plus</span> <span class='ocrx_word' id='word_1_273' title='bbox 538 2489 660 2528; x_wconf 87' lang='lat' dir='ltr'>quam</span> <span class='ocrx_word' id='word_1_274' title='bbox 680 2476 820 2518; x_wconf 87' lang='lat' dir='ltr'>decem</span> <span class='ocrx_word' id='word_1_275' title='bbox 843 2477 1034 2518; x_wconf 86' lang='lat' dir='ltr'>tibicines</span> <span class='ocrx_word' id='word_1_276' title='bbox 1052 2476 1100 2518; x_wconf 86' lang='lat' dir='ltr'>ad</span> <span class='ocrx_word' id='word_1_277' title='bbox 1122 2476 1241 2520; x_wconf 82' lang='lat' dir='ltr'>funus</span> 
     </span>
     <span class='ocr_line' id='line_1_43' title="bbox 207 2531 947 2585; baseline 0 -12"><span class='ocrx_word' id='word_1_278' title='bbox 207 2531 366 2573; x_wconf 87' lang='lat' dir='ltr'>vocari.</span> <span class='ocrx_word' id='word_1_279' title='bbox 406 2531 528 2572; x_wconf 90' lang='lat' dir='ltr'>Unde</span> <span class='ocrx_word' id='word_1_280' title='bbox 558 2531 729 2573; x_wconf 87' lang='lat' dir='ltr'>Ovidius</span> <span class='ocrx_word' id='word_1_281' title='bbox 747 2531 883 2585; x_wconf 79' lang='lat' dir='ltr'>fastor.</span> <span class='ocrx_word' id='word_1_282' title='bbox 909 2537 947 2574; x_wconf 87' lang='lat'>6.</span> 
     </span>
    </p>

    <p class='ocr_par' dir='ltr' id='par_1_3' title="bbox 262 2586 1241 2643">
     <span class='ocr_line' id='line_1_44' title="bbox 262 2586 1241 2643; baseline 0.002 -13"><span class='ocrx_word' id='word_1_283' title='bbox 262 2588 382 2630; x_wconf 72' lang='lat' dir='ltr'>Adde</span> <span class='ocrx_word' id='word_1_284' title='bbox 397 2587 502 2640; x_wconf 75' lang='lat' dir='ltr'>quod</span> <span class='ocrx_word' id='word_1_285' title='bbox 515 2588 673 2629; x_wconf 69' lang='lat' dir='ltr'>AEdt&#39;lis</span> <span class='ocrx_word' id='word_1_286' title='bbox 685 2619 696 2640; x_wconf 92' lang='lat'>,</span> <span class='ocrx_word' id='word_1_287' title='bbox 713 2599 856 2643; x_wconf 79' lang='lat' dir='ltr'>pompa</span> <span class='ocrx_word' id='word_1_288' title='bbox 869 2620 880 2640; x_wconf 88' lang='lat'>,</span> <span class='ocrx_word' id='word_1_289' title='bbox 896 2590 967 2643; x_wconf 71' lang='lat' dir='ltr'>qui</span> <span class='ocrx_word' id='word_1_290' title='bbox 973 2586 1130 2641; x_wconf 71' lang='lat' dir='ltr'>funeris</span> <span class='ocrx_word' id='word_1_291' title='bbox 1140 2591 1241 2633; x_wconf 78' lang='lat' dir='ltr'>irent</span> 
     </span>
    </p>

    <p class='ocr_par' dir='ltr' id='par_1_4' title="bbox 254 2642 1094 2755">
     <span class='ocr_line' id='line_1_45' title="bbox 320 2642 1094 2699; baseline 0.003 -12"><span class='ocrx_word' id='word_1_292' title='bbox 320 2642 514 2696; x_wconf 78' lang='lat' dir='ltr'>Artifices</span> <span class='ocrx_word' id='word_1_293' title='bbox 530 2643 634 2696; x_wconf 62' lang='grc' dir='ltr'>βίος</span> <span class='ocrx_word' id='word_1_294' title='bbox 656 2643 817 2699; x_wconf 65' lang='lat' dir='ltr'>jusserat</span> <span class='ocrx_word' id='word_1_295' title='bbox 842 2643 912 2699; x_wconf 71' lang='lat' dir='ltr'>effe</span> <span class='ocrx_word' id='word_1_296' title='bbox 941 2646 1068 2688; x_wconf 74' lang='lat' dir='ltr'>decem</span> <span class='ocrx_word' id='word_1_297' title='bbox 1085 2678 1094 2688; x_wconf 89' lang='lat'><strong>.</strong></span> 
     </span>
     <span class='ocr_line' id='line_1_46' title="bbox 254 2702 880 2755; baseline 0.003 -12"><span class='ocrx_word' id='word_1_298' title='bbox 254 2735 262 2743; x_wconf 75' lang='grc'><strong><em>,</em></strong></span> <span class='ocrx_word' id='word_1_299' title='bbox 314 2702 417 2755; x_wconf 78' lang='lat' dir='ltr'>Jam&#39;</span> <span class='ocrx_word' id='word_1_300' title='bbox 447 2702 638 2744; x_wconf 70' lang='lat' dir='ltr'>Gravinae</span> <span class='ocrx_word' id='word_1_301' title='bbox 664 2732 673 2743; x_wconf 90' lang='lat'><em>.</em></span> <span class='ocrx_word' id='word_1_302' title='bbox 707 2704 822 2745; x_wconf 65' lang='lat' dir='ltr'>Tem.</span> <span class='ocrx_word' id='word_1_303' title='bbox 847 2705 880 2746; x_wconf 88' lang='grc' dir='ltr'>Ι.</span> 
     </span>
    </p>
   </div>
   <div class='ocr_carea' id='block_1_3' title="bbox 210 2778 1222 2794">
    <p class='ocr_par' dir='ltr' id='par_1_5' title="bbox 210 2778 1222 2794">
     <span class='ocr_line' id='line_1_47' title="bbox 210 2778 1222 2794; baseline 0.005 -6"><span class='ocrx_word' id='word_1_304' title='bbox 210 2778 1222 2794; x_wconf 43' lang='grc' dir='ltr'>ἡ*.-----.ν-ν-αῃ-----</span> 
     </span>
    </p>
   </div>
   <div class='ocr_carea' id='block_1_4' title="bbox 203 2836 1236 3191">
    <p class='ocr_par' dir='ltr' id='par_1_6' title="bbox 250 2836 742 2877">
     <span class='ocr_line' id='line_1_48' title="bbox 250 2836 742 2877; baseline 0.004 -9"><span class='ocrx_word' id='word_1_305' title='bbox 250 2837 308 2877; x_wconf 79' lang='lat' dir='ltr'>(a)</span> <span class='ocrx_word' id='word_1_306' title='bbox 337 2836 529 2870; x_wconf 79' lang='lat' dir='ltr'>Plutarchus</span> <span class='ocrx_word' id='word_1_307' title='bbox 545 2838 581 2868; x_wconf 80' lang='lat' dir='ltr'>in</span> <span class='ocrx_word' id='word_1_308' title='bbox 595 2839 717 2869; x_wconf 64' lang='lat' dir='ltr'>Solone</span> <span class='ocrx_word' id='word_1_309' title='bbox 733 2862 742 2870; x_wconf 82' lang='lat'><strong>.</strong></span> 
     </span>
    </p>

    <p class='ocr_par' dir='ltr' id='par_1_7' title="bbox 249 2880 1191 2926">
     <span class='ocr_line' id='line_1_49' title="bbox 249 2880 1191 2926; baseline 0.003 -12"><span class='ocrx_word' id='word_1_310' title='bbox 249 2880 300 2921; x_wconf 79' lang='lat' dir='ltr'>(b)</span> <span class='ocrx_word' id='word_1_311' title='bbox 330 2882 437 2915; x_wconf 81' lang='lat' dir='ltr'>Festus</span> <span class='ocrx_word' id='word_1_312' title='bbox 453 2884 488 2913; x_wconf 67' lang='lat' dir='ltr'>in</span> <span class='ocrx_word' id='word_1_313' title='bbox 508 2880 602 2914; x_wconf 70' lang='lat' dir='ltr'>verbo</span> <span class='ocrx_word' id='word_1_314' title='bbox 623 2883 688 2915; x_wconf 82' lang='lat' dir='ltr'>rica</span> <span class='ocrx_word' id='word_1_315' title='bbox 704 2905 711 2914; x_wconf 86' lang='lat'>.</span> <span class='ocrx_word' id='word_1_316' title='bbox 743 2884 846 2915; x_wconf 79' lang='lat' dir='ltr'>Varro</span> <span class='ocrx_word' id='word_1_317' title='bbox 862 2881 958 2923; x_wconf 73' lang='lat' dir='ltr'>lib.4.</span> <span class='ocrx_word' id='word_1_318' title='bbox 975 2884 1012 2917; x_wconf 80' lang='lat' dir='ltr'>de</span> <span class='ocrx_word' id='word_1_319' title='bbox 1027 2884 1110 2926; x_wconf 81' lang='lat' dir='ltr'>h&#39;ng-</span> <span class='ocrx_word' id='word_1_320' title='bbox 1129 2886 1191 2917; x_wconf 76' lang='lat' dir='ltr'><em>lae.</em></span> 
     </span>
    </p>

    <p class='ocr_par' dir='ltr' id='par_1_8' title="bbox 251 2925 1234 2971">
     <span class='ocr_line' id='line_1_50' title="bbox 251 2925 1234 2971; baseline 0.005 -15"><span class='ocrx_word' id='word_1_321' title='bbox 251 2926 308 2964; x_wconf 75' lang='lat' dir='ltr'>(c)</span> <span class='ocrx_word' id='word_1_322' title='bbox 331 2930 384 2957; x_wconf 80' lang='lat' dir='ltr'>De</span> <span class='ocrx_word' id='word_1_323' title='bbox 398 2925 523 2968; x_wconf 79' lang='lat' dir='ltr'>legibus</span> <span class='ocrx_word' id='word_1_324' title='bbox 536 2926 617 2958; x_wconf 56' lang='lat' dir='ltr'>liba.</span> <span class='ocrx_word' id='word_1_325' title='bbox 650 2927 832 2960; x_wconf 72' lang='lat' dir='ltr'>Turneb.in</span> <span class='ocrx_word' id='word_1_326' title='bbox 850 2931 964 2961; x_wconf 78' lang='lat' dir='ltr'>Varron</span> <span class='ocrx_word' id='word_1_327' title='bbox 982 2939 1014 2966; x_wconf 87' lang='lat'>4.</span> <span class='ocrx_word' id='word_1_328' title='bbox 1031 2930 1070 2960; x_wconf 81' lang='lat' dir='ltr'>de</span> <span class='ocrx_word' id='word_1_329' title='bbox 1088 2930 1234 2971; x_wconf 66' lang='lat' dir='ltr'>linglae.</span> 
     </span>
    </p>

    <p class='ocr_par' dir='ltr' id='par_1_9' title="bbox 210 2969 1236 3059">
     <span class='ocr_line' id='line_1_51' title="bbox 252 2969 1236 3016; baseline 0.006 -15"><span class='ocrx_word' id='word_1_330' title='bbox 252 2969 313 3007; x_wconf 80' lang='lat' dir='ltr'>(d)</span> <span class='ocrx_word' id='word_1_331' title='bbox 339 2971 406 3002; x_wconf 85' lang='lat' dir='ltr'>Cic.</span> <span class='ocrx_word' id='word_1_332' title='bbox 422 2973 459 3003; x_wconf 82' lang='lat' dir='ltr'>de</span> <span class='ocrx_word' id='word_1_333' title='bbox 474 2973 536 3011; x_wconf 76' lang='lat' dir='ltr'>leg.</span> <span class='ocrx_word' id='word_1_334' title='bbox 556 2983 584 3002; x_wconf 86' lang='lat'>2.</span> <span class='ocrx_word' id='word_1_335' title='bbox 605 2971 715 3007; x_wconf 77' lang='lat' dir='ltr'>Cuiae.</span> <span class='ocrx_word' id='word_1_336' title='bbox 730 2973 773 3004; x_wconf 75' lang='lat' dir='ltr'>ad</span> <span class='ocrx_word' id='word_1_337' title='bbox 789 2975 812 3005; x_wconf 83' lang='grc'>1.</span> <span class='ocrx_word' id='word_1_338' title='bbox 827 2975 889 3006; x_wconf 77' lang='lat' dir='ltr'>ult.</span> <span class='ocrx_word' id='word_1_339' title='bbox 904 2972 944 3016; x_wconf 77' lang='lat' dir='ltr'>ff.</span> <span class='ocrx_word' id='word_1_340' title='bbox 964 2975 1003 3007; x_wconf 71' lang='lat' dir='ltr'>de</span> <span class='ocrx_word' id='word_1_341' title='bbox 1018 2974 1080 3014; x_wconf 75' lang='lat' dir='ltr'><em>his,</em></span> <span class='ocrx_word' id='word_1_342' title='bbox 1098 2976 1153 3016; x_wconf 80' lang='lat' dir='ltr'>qui</span> <span class='ocrx_word' id='word_1_343' title='bbox 1167 2985 1236 3007; x_wconf 77' lang='lat' dir='ltr'>not.</span> 
     </span>
     <span class='ocr_line' id='line_1_52' title="bbox 210 3012 835 3059; baseline 0.008 -15"><span class='ocrx_word' id='word_1_344' title='bbox 210 3012 325 3055; x_wconf 66' lang='lat' dir='ltr'>infam-</span> <span class='ocrx_word' id='word_1_345' title='bbox 339 3013 407 3053; x_wconf 69' lang='lat' dir='ltr'>sive</span> <span class='ocrx_word' id='word_1_346' title='bbox 423 3016 463 3046; x_wconf 80' lang='lat' dir='ltr'>ad</span> <span class='ocrx_word' id='word_1_347' title='bbox 475 3015 530 3047; x_wconf 73' lang='lat' dir='ltr'>libv</span> <span class='ocrx_word' id='word_1_348' title='bbox 549 3027 566 3047; x_wconf 87' lang='lat'><em>2</em></span> <span class='ocrx_word' id='word_1_349' title='bbox 594 3015 695 3058; x_wconf 76' lang='lat' dir='ltr'><em>quaess-</em></span> <span class='ocrx_word' id='word_1_350' title='bbox 715 3018 835 3059; x_wconf 67' lang='lat' dir='ltr'>Papia.</span> 
     </span>
    </p>

    <p class='ocr_par' dir='ltr' id='par_1_10' title="bbox 253 3057 716 3101">
     <span class='ocr_line' id='line_1_53' title="bbox 253 3057 716 3101; baseline 0.013 -15"><span class='ocrx_word' id='word_1_351' title='bbox 253 3058 309 3096; x_wconf 76' lang='lat' dir='ltr'>(e)</span> <span class='ocrx_word' id='word_1_352' title='bbox 335 3057 422 3091; x_wconf 85' lang='lat' dir='ltr'>Gell.</span> <span class='ocrx_word' id='word_1_353' title='bbox 438 3059 565 3091; x_wconf 50' lang='grc' dir='ltr'><em>[ϋηο.</em></span> <span class='ocrx_word' id='word_1_354' title='bbox 599 3069 667 3101; x_wconf 78' lang='lat' dir='ltr'>cap.</span> <span class='ocrx_word' id='word_1_355' title='bbox 687 3072 716 3092; x_wconf 88' lang='lat'>2.</span> 
     </span>
    </p>

    <p class='ocr_par' dir='ltr' id='par_1_11' title="bbox 203 3101 1236 3191">
     <span class='ocr_line' id='line_1_54' title="bbox 256 3101 1236 3151; baseline -0.001 -10"><span class='ocrx_word' id='word_1_356' title='bbox 256 3101 338 3143; x_wconf 73' lang='lat' dir='ltr'>(f)</span> <span class='ocrx_word' id='word_1_357' title='bbox 364 3104 399 3133; x_wconf 82' lang='lat' dir='ltr'>L·</span> <span class='ocrx_word' id='word_1_358' title='bbox 427 3102 464 3133; x_wconf 67' lang='lat'>&lt;⁴2¹</span> <span class='ocrx_word' id='word_1_359' title='bbox 486 3102 517 3143; x_wconf 82' lang='lat' dir='ltr'><strong><em>fi</em></strong></span> <span class='ocrx_word' id='word_1_360' title='bbox 544 3105 616 3146; x_wconf 70' lang='lat' dir='ltr'>quis</span> <span class='ocrx_word' id='word_1_361' title='bbox 629 3105 791 3149; x_wconf 71' lang='lat' dir='ltr'>impediat</span> <span class='ocrx_word' id='word_1_362' title='bbox 809 3105 910 3149; x_wconf 76' lang='lat' dir='ltr'>¹4·ff·</span> <span class='ocrx_word' id='word_1_363' title='bbox 929 3106 967 3140; x_wconf 76' lang='lat' dir='ltr'>de</span> <span class='ocrx_word' id='word_1_364' title='bbox 982 3107 1075 3151; x_wconf 80' lang='lat' dir='ltr'>relig.</span> <span class='ocrx_word' id='word_1_365' title='bbox 1091 3107 1119 3140; x_wconf 67' lang='grc' dir='ltr'>ἃ</span> <span class='ocrx_word' id='word_1_366' title='bbox 1134 3106 1236 3150; x_wconf 72' lang='lat' dir='ltr'>sumt-</span> 
     </span>
     <span class='ocr_line' id='line_1_55' title="bbox 203 3146 1100 3191; baseline 0.002 -12"><span class='ocrx_word' id='word_1_367' title='bbox 203 3146 268 3189; x_wconf 75' lang='lat' dir='ltr'>fun</span> <span class='ocrx_word' id='word_1_368' title='bbox 300 3149 327 3189; x_wconf 57' lang='grc' dir='ltr'>ᾗ,</span> <span class='ocrx_word' id='word_1_369' title='bbox 346 3158 406 3180; x_wconf 77' lang='lat' dir='ltr'>non</span> <span class='ocrx_word' id='word_1_370' title='bbox 420 3156 528 3180; x_wconf 74' lang='lat' dir='ltr'>autem</span> <span class='ocrx_word' id='word_1_371' title='bbox 548 3169 556 3179; x_wconf 93' lang='lat'><strong>.</strong></span> <span class='ocrx_word' id='word_1_372' title='bbox 1093 3189 1100 3191; x_wconf 44' lang='grc'>-</span> 
     </span>
    </p>
   </div>
   <div class='ocr_carea' id='block_1_5' title="bbox 1073 112 1910 173">
    <p class='ocr_par' dir='ltr' id='par_1_12' title="bbox 1073 112 1910 173">
     <span class='ocr_line' id='line_1_56' title="bbox 1073 112 1910 173; baseline 0.002 -4"><span class='ocrx_word' id='word_1_373' title='bbox 1073 112 1910 173; x_wconf 83' lang='lat' dir='ltr'>TABULARUM.</span> 
     </span>
    </p>
   </div>
   <div class='ocr_carea' id='block_1_6' title="bbox 1288 145 2346 2752">
    <p class='ocr_par' dir='ltr' id='par_1_13' title="bbox 1288 145 2337 2013">
     <span class='ocr_line' id='line_1_57' title="bbox 1352 145 2336 246; baseline 0.01 -10"><span class='ocrx_word' id='word_1_374' title='bbox 1352 192 1552 239; x_wconf 79' lang='lat' dir='ltr'>AEdilium</span> <span class='ocrx_word' id='word_1_375' title='bbox 1570 194 1685 238; x_wconf 85' lang='lat' dir='ltr'>enirn</span> <span class='ocrx_word' id='word_1_376' title='bbox 1705 209 1856 238; x_wconf 87' lang='lat' dir='ltr'>munus</span> <span class='ocrx_word' id='word_1_377' title='bbox 1875 203 1962 237; x_wconf 86' lang='lat' dir='ltr'>erat</span> <span class='ocrx_word' id='word_1_378' title='bbox 1981 208 2120 242; x_wconf 85' lang='lat' dir='ltr'>curare</span> <span class='ocrx_word' id='word_1_379' title='bbox 2134 145 2336 246; x_wconf 55' lang='lat' dir='ltr'>solemni}</span> 
     </span>
     <span class='ocr_line' id='line_1_58' title="bbox 1293 251 2328 314; baseline 0.012 -22"><span class='ocrx_word' id='word_1_380' title='bbox 1293 262 1392 294; x_wconf 86' lang='lat' dir='ltr'>tates</span> <span class='ocrx_word' id='word_1_381' title='bbox 1414 283 1426 304; x_wconf 86' lang='lat'>‚</span> <span class='ocrx_word' id='word_1_382' title='bbox 1459 265 1548 296; x_wconf 82' lang='lat' dir='ltr'>tum</span> <span class='ocrx_word' id='word_1_383' title='bbox 1575 252 1790 306; x_wconf 88' lang='lat' dir='ltr'>ludorum,</span> <span class='ocrx_word' id='word_1_384' title='bbox 1822 265 1911 296; x_wconf 88' lang='lat' dir='ltr'>tum</span> <span class='ocrx_word' id='word_1_385' title='bbox 1938 251 2129 298; x_wconf 86' lang='lat' dir='ltr'>festorum</span> <span class='ocrx_word' id='word_1_386' title='bbox 2143 258 2328 314; x_wconf 80' lang='lat' dir='ltr'>dierum,</span> 
     </span>
     <span class='ocr_line' id='line_1_59' title="bbox 1294 308 2331 371; baseline 0.008 -20"><span class='ocrx_word' id='word_1_387' title='bbox 1294 321 1380 352; x_wconf 83' lang='lat' dir='ltr'>tum</span> <span class='ocrx_word' id='word_1_388' title='bbox 1406 310 1533 352; x_wconf 82' lang='lat' dir='ltr'>etiam</span> <span class='ocrx_word' id='word_1_389' title='bbox 1558 308 1775 356; x_wconf 73' lang='lat' dir='ltr'>funerum,</span> <span class='ocrx_word' id='word_1_390' title='bbox 1796 326 1878 366; x_wconf 88' lang='lat' dir='ltr'>quo</span> <span class='ocrx_word' id='word_1_391' title='bbox 1903 312 1978 354; x_wconf 87' lang='lat' dir='ltr'>rite</span> <span class='ocrx_word' id='word_1_392' title='bbox 2003 314 2146 355; x_wconf 86' lang='lat' dir='ltr'>omnia</span> <span class='ocrx_word' id='word_1_393' title='bbox 2169 330 2331 371; x_wconf 40' lang='lat' dir='ltr'>perag&amp;</span> 
     </span>
     <span class='ocr_line' id='line_1_60' title="bbox 1294 367 2334 419; baseline 0.01 -12"><span class='ocrx_word' id='word_1_394' title='bbox 1294 380 1460 409; x_wconf 89' lang='lat' dir='ltr'>rentur.</span> <span class='ocrx_word' id='word_1_395' title='bbox 1480 367 1604 409; x_wconf 83' lang='lat' dir='ltr'>Unde</span> <span class='ocrx_word' id='word_1_396' title='bbox 1633 367 1789 419; x_wconf 80' lang='lat' dir='ltr'>miror,</span> <span class='ocrx_word' id='word_1_397' title='bbox 1811 383 1884 410; x_wconf 89' lang='lat' dir='ltr'>cur</span> <span class='ocrx_word' id='word_1_398' title='bbox 1909 369 2082 419; x_wconf 86' lang='lat' dir='ltr'>Jacobus</span> <span class='ocrx_word' id='word_1_399' title='bbox 2107 371 2334 417; x_wconf 74' lang='lat' dir='ltr'>Got&#39;nofre⁴</span> 
     </span>
     <span class='ocr_line' id='line_1_61' title="bbox 1291 424 2334 484; baseline 0.009 -20"><span class='ocrx_word' id='word_1_400' title='bbox 1291 424 1362 465; x_wconf 92' lang='lat' dir='ltr'>dus</span> <span class='ocrx_word' id='word_1_401' title='bbox 1388 438 1461 478; x_wconf 86' lang='lat' dir='ltr'>pro</span> <span class='ocrx_word' id='word_1_402' title='bbox 1486 424 1644 466; x_wconf 71' lang='lat' dir='ltr'>AEdtlis</span> <span class='ocrx_word' id='word_1_403' title='bbox 1670 425 1914 468; x_wconf 87' lang='lat' dir='ltr'>substituerit</span> <span class='ocrx_word' id='word_1_404' title='bbox 1936 427 2095 470; x_wconf 56' lang='lat' dir='ltr'>edistis.</span> <span class='ocrx_word' id='word_1_405' title='bbox 2118 429 2334 484; x_wconf 83' lang='lat' dir='ltr'>Corruptis</span> 
     </span>
     <span class='ocr_line' id='line_1_62' title="bbox 1292 479 2337 533; baseline 0.008 -11"><span class='ocrx_word' id='word_1_406' title='bbox 1292 491 1430 522; x_wconf 87' lang='lat' dir='ltr'>autem</span> <span class='ocrx_word' id='word_1_407' title='bbox 1457 479 1601 533; x_wconf 84' lang='lat' dir='ltr'>Populi</span> <span class='ocrx_word' id='word_1_408' title='bbox 1632 481 1812 524; x_wconf 86' lang='lat' dir='ltr'>Romani</span> <span class='ocrx_word' id='word_1_409' title='bbox 1838 484 2021 527; x_wconf 85' lang='lat' dir='ltr'>moribus</span> <span class='ocrx_word' id='word_1_410' title='bbox 2048 485 2131 528; x_wconf 84' lang='lat' dir='ltr'>haec</span> <span class='ocrx_word' id='word_1_411' title='bbox 2157 486 2201 528; x_wconf 93' lang='lat' dir='ltr'>in</span> <span class='ocrx_word' id='word_1_412' title='bbox 2230 487 2337 531; x_wconf 83' lang='lat' dir='ltr'>sum-</span> 
     </span>
     <span class='ocr_line' id='line_1_63' title="bbox 1292 536 2336 595; baseline 0.011 -17"><span class='ocrx_word' id='word_1_413' title='bbox 1292 536 1397 578; x_wconf 86' lang='lat' dir='ltr'>tibus</span> <span class='ocrx_word' id='word_1_414' title='bbox 1420 537 1612 580; x_wconf 81' lang='lat' dir='ltr'>modestia</span> <span class='ocrx_word' id='word_1_415' title='bbox 1631 539 1674 580; x_wconf 84' lang='lat' dir='ltr'>in</span> <span class='ocrx_word' id='word_1_416' title='bbox 1694 537 1953 583; x_wconf 83' lang='lat' dir='ltr'>oblivionem</span> <span class='ocrx_word' id='word_1_417' title='bbox 1975 554 2164 586; x_wconf 88' lang='lat' dir='ltr'>venerat.</span> <span class='ocrx_word' id='word_1_418' title='bbox 2189 545 2336 595; x_wconf 65' lang='lat' dir='ltr'>AcJu-</span> 
     </span>
     <span class='ocr_line' id='line_1_64' title="bbox 1293 593 2335 651; baseline 0.011 -17"><span class='ocrx_word' id='word_1_419' title='bbox 1293 593 1514 637; x_wconf 88' lang='lat' dir='ltr'>risconsulti</span> <span class='ocrx_word' id='word_1_420' title='bbox 1531 625 1542 647; x_wconf 92' lang='lat'>‚</span> <span class='ocrx_word' id='word_1_421' title='bbox 1563 594 1657 649; x_wconf 85' lang='lat' dir='ltr'>quia</span> <span class='ocrx_word' id='word_1_422' title='bbox 1684 595 1866 651; x_wconf 69' lang='lat' dir='ltr'>regendae</span> <span class='ocrx_word' id='word_1_423' title='bbox 1888 596 2078 641; x_wconf 83' lang='lat' dir='ltr'>humanae</span> <span class='ocrx_word' id='word_1_424' title='bbox 2100 601 2193 643; x_wconf 81' lang='lat' dir='ltr'>vitae</span> <span class='ocrx_word' id='word_1_425' title='bbox 2209 601 2335 645; x_wconf 83' lang='lat' dir='ltr'>studia</span> 
     </span>
     <span class='ocr_line' id='line_1_65' title="bbox 1292 649 2335 705; baseline 0.009 -12"><span class='ocrx_word' id='word_1_426' title='bbox 1292 649 1506 703; x_wconf 79' lang='lat' dir='ltr'>colebant,</span> <span class='ocrx_word' id='word_1_427' title='bbox 1526 666 1598 705; x_wconf 82' lang='lat' dir='ltr'>pro</span> <span class='ocrx_word' id='word_1_428' title='bbox 1624 652 1777 695; x_wconf 83' lang='lat' dir='ltr'>viribus</span> <span class='ocrx_word' id='word_1_429' title='bbox 1804 653 1899 697; x_wconf 88' lang='lat' dir='ltr'>huic</span> <span class='ocrx_word' id='word_1_430' title='bbox 1923 657 2114 699; x_wconf 71' lang='lat' dir='ltr'>amentiae</span> <span class='ocrx_word' id='word_1_431' title='bbox 2141 674 2335 702; x_wconf 83' lang='lat' dir='ltr'>occurre·-</span> 
     </span>
     <span class='ocr_line' id='line_1_66' title="bbox 1293 709 2331 769; baseline 0.01 -20"><span class='ocrx_word' id='word_1_432' title='bbox 1293 721 1388 750; x_wconf 92' lang='lat' dir='ltr'>runt</span> <span class='ocrx_word' id='word_1_433' title='bbox 1402 740 1413 750; x_wconf 87' lang='lat'><strong>.</strong></span> <span class='ocrx_word' id='word_1_434' title='bbox 1439 709 1564 755; x_wconf 83' lang='lat' dir='ltr'>Unde</span> <span class='ocrx_word' id='word_1_435' title='bbox 1579 709 1809 764; x_wconf 79' lang='lat' dir='ltr'>Ulpianus:</span> <span class='ocrx_word' id='word_1_436' title='bbox 1833 709 1911 763; x_wconf 85' lang='lat' dir='ltr'>(f)</span> <span class='ocrx_word' id='word_1_437' title='bbox 1929 712 2024 755; x_wconf 80' lang='lat' dir='ltr'>Non</span> <span class='ocrx_word' id='word_1_438' title='bbox 2037 725 2204 768; x_wconf 74' lang='lat' dir='ltr'>oportere</span> <span class='ocrx_word' id='word_1_439' title='bbox 2220 747 2230 767; x_wconf 89' lang='lat'>,</span> <span class='ocrx_word' id='word_1_440' title='bbox 2246 716 2304 759; x_wconf 86' lang='lat' dir='ltr'>ait</span> <span class='ocrx_word' id='word_1_441' title='bbox 2318 748 2331 769; x_wconf 91' lang='lat'>,</span> 
     </span>
     <span class='ocr_line' id='line_1_67' title="bbox 1292 767 2332 826; baseline 0.011 -20"><span class='ocrx_word' id='word_1_442' title='bbox 1292 777 1517 807; x_wconf 76' lang='lat' dir='ltr'>ornamenta</span> <span class='ocrx_word' id='word_1_443' title='bbox 1536 781 1621 808; x_wconf 80' lang='lat' dir='ltr'>cum</span> <span class='ocrx_word' id='word_1_444' title='bbox 1639 767 1857 820; x_wconf 75' lang='lat' dir='ltr'>corporibus</span> <span class='ocrx_word' id='word_1_445' title='bbox 1869 770 1982 811; x_wconf 67' lang='lat' dir='ltr'>condi</span> <span class='ocrx_word' id='word_1_446' title='bbox 1998 787 2011 811; x_wconf 88' lang='lat'>.·</span> <span class='ocrx_word' id='word_1_447' title='bbox 2028 787 2094 813; x_wconf 84' lang='lat' dir='ltr'>nec</span> <span class='ocrx_word' id='word_1_448' title='bbox 2105 774 2205 826; x_wconf 74' lang='lat' dir='ltr'>quid</span> <span class='ocrx_word' id='word_1_449' title='bbox 2218 774 2332 817; x_wconf 70' lang='lat' dir='ltr'>aliud</span> 
     </span>
     <span class='ocr_line' id='line_1_68' title="bbox 1292 823 2329 882; baseline 0.009 -17"><span class='ocrx_word' id='word_1_450' title='bbox 1292 823 1517 875; x_wconf 73' lang='lat' dir='ltr'>hujusmodi</span> <span class='ocrx_word' id='word_1_451' title='bbox 1532 855 1544 875; x_wconf 87' lang='lat'><strong>‚</strong></span> <span class='ocrx_word' id='word_1_452' title='bbox 1563 825 1668 878; x_wconf 79' lang='lat' dir='ltr'>quod</span> <span class='ocrx_word' id='word_1_453' title='bbox 1693 824 1864 868; x_wconf 72' lang='lat' dir='ltr'>homines</span> <span class='ocrx_word' id='word_1_454' title='bbox 1873 824 2299 882; x_wconf 66' lang='lat' dir='ltr'>firnplict&#39;oresfacirmt</span> <span class='ocrx_word' id='word_1_455' title='bbox 2316 862 2329 874; x_wconf 76' lang='grc'><strong>.</strong></span> 
     </span>
     <span class='ocr_line' id='line_1_69' title="bbox 1293 880 2334 940; baseline 0.008 -18"><span class='ocrx_word' id='word_1_456' title='bbox 1293 881 1348 922; x_wconf 88' lang='lat' dir='ltr'>Et</span> <span class='ocrx_word' id='word_1_457' title='bbox 1363 880 1623 936; x_wconf 56' lang='lat' dir='ltr'>3Papinianus</span> <span class='ocrx_word' id='word_1_458' title='bbox 1650 880 1734 923; x_wconf 85' lang='lat' dir='ltr'>ait:</span> <span class='ocrx_word' id='word_1_459' title='bbox 1770 883 1925 938; x_wconf 71' lang='lat' dir='ltr'>ineptas</span> <span class='ocrx_word' id='word_1_460' title='bbox 1950 886 2174 929; x_wconf 71' lang='lat' dir='ltr'>volunmtes</span> <span class='ocrx_word' id='word_1_461' title='bbox 2190 886 2334 940; x_wconf 55' lang='lat' dir='ltr'>desum</span> 
     </span>
     <span class='ocr_line' id='line_1_70' title="bbox 1291 937 2333 998; baseline 0.005 -17"><span class='ocrx_word' id='word_1_462' title='bbox 1291 937 1434 981; x_wconf 60' lang='lat' dir='ltr'>&amp;orum</span> <span class='ocrx_word' id='word_1_463' title='bbox 1460 938 1562 980; x_wconf 78' lang='lat' dir='ltr'>circa</span> <span class='ocrx_word' id='word_1_464' title='bbox 1575 937 1818 994; x_wconf 76' lang='lat' dir='ltr'>sepulturam</span> <span class='ocrx_word' id='word_1_465' title='bbox 1839 956 1858 991; x_wconf 87' lang='lat'>,·</span> <span class='ocrx_word' id='word_1_466' title='bbox 1880 941 2007 983; x_wconf 73' lang='lat' dir='ltr'>veluti</span> <span class='ocrx_word' id='word_1_467' title='bbox 2026 941 2151 996; x_wconf 72' lang='lat' dir='ltr'>vestes</span> <span class='ocrx_word' id='word_1_468' title='bbox 2169 974 2180 996; x_wconf 91' lang='lat'>,</span> <span class='ocrx_word' id='word_1_469' title='bbox 2213 944 2333 998; x_wconf 64' lang='lat' dir='ltr'>aussi</span> 
     </span>
     <span class='ocr_line' id='line_1_71' title="bbox 1291 994 2332 1056; baseline 0.007 -19"><span class='ocrx_word' id='word_1_470' title='bbox 1291 1012 1372 1049; x_wconf 76' lang='lat' dir='ltr'>qua</span> <span class='ocrx_word' id='word_1_471' title='bbox 1394 995 1478 1036; x_wconf 80' lang='lat' dir='ltr'>alia</span> <span class='ocrx_word' id='word_1_472' title='bbox 1499 994 1748 1050; x_wconf 78' lang='lat' dir='ltr'>supervacua</span> <span class='ocrx_word' id='word_1_473' title='bbox 1772 1028 1784 1050; x_wconf 84' lang='lat'>,</span> <span class='ocrx_word' id='word_1_474' title='bbox 1817 1009 1860 1038; x_wconf 84' lang='lat' dir='ltr'>ut</span> <span class='ocrx_word' id='word_1_475' title='bbox 1884 998 1927 1039; x_wconf 83' lang='lat' dir='ltr'>in</span> <span class='ocrx_word' id='word_1_476' title='bbox 1944 997 2071 1051; x_wconf 70' lang='lat' dir='ltr'>funus</span> <span class='ocrx_word' id='word_1_477' title='bbox 2096 1001 2332 1056; x_wconf 77' lang='lat' dir='ltr'>impendan-</span> 
     </span>
     <span class='ocr_line' id='line_1_72' title="bbox 1291 1051 2330 1109; baseline 0.01 -15"><span class='ocrx_word' id='word_1_478' title='bbox 1291 1065 1376 1094; x_wconf 80' lang='lat' dir='ltr'>tur.</span> <span class='ocrx_word' id='word_1_479' title='bbox 1409 1053 1502 1094; x_wconf 89' lang='lat' dir='ltr'>Nec</span> <span class='ocrx_word' id='word_1_480' title='bbox 1525 1064 1688 1096; x_wconf 86' lang='lat' dir='ltr'>tantum</span> <span class='ocrx_word' id='word_1_481' title='bbox 1716 1051 1866 1097; x_wconf 84' lang='lat' dir='ltr'>sumtus</span> <span class='ocrx_word' id='word_1_482' title='bbox 1886 1053 2132 1100; x_wconf 80' lang='lat' dir='ltr'>immodicos</span> <span class='ocrx_word' id='word_1_483' title='bbox 2150 1089 2161 1109; x_wconf 84' lang='lat'>,</span> <span class='ocrx_word' id='word_1_484' title='bbox 2186 1073 2330 1104; x_wconf 87' lang='lat' dir='ltr'>verum</span> 
     </span>
     <span class='ocr_line' id='line_1_73' title="bbox 1289 1108 2335 1168; baseline 0.01 -18"><span class='ocrx_word' id='word_1_485' title='bbox 1289 1109 1333 1151; x_wconf 72' lang='grc' dir='ltr'>δε</span> <span class='ocrx_word' id='word_1_486' title='bbox 1355 1108 1522 1162; x_wconf 82' lang='lat' dir='ltr'>effusos,</span> <span class='ocrx_word' id='word_1_487' title='bbox 1554 1125 1601 1153; x_wconf 89' lang='lat' dir='ltr'>ac</span> <span class='ocrx_word' id='word_1_488' title='bbox 1627 1108 1845 1155; x_wconf 86' lang='lat' dir='ltr'>muliebres</span> <span class='ocrx_word' id='word_1_489' title='bbox 1865 1112 2048 1168; x_wconf 85' lang='lat' dir='ltr'>questus,</span> <span class='ocrx_word' id='word_1_490' title='bbox 2080 1113 2124 1157; x_wconf 74' lang='grc' dir='ltr'>δε</span> <span class='ocrx_word' id='word_1_491' title='bbox 2141 1113 2335 1165; x_wconf 83' lang='lat' dir='ltr'>ejulatio-</span> 
     </span>
     <span class='ocr_line' id='line_1_74' title="bbox 1292 1165 2332 1224; baseline 0.01 -16"><span class='ocrx_word' id='word_1_492' title='bbox 1292 1181 1362 1210; x_wconf 90' lang='lat' dir='ltr'>nes</span> <span class='ocrx_word' id='word_1_493' title='bbox 1382 1165 1592 1209; x_wconf 82' lang='lat' dir='ltr'>molliores</span> <span class='ocrx_word' id='word_1_494' title='bbox 1607 1197 1619 1218; x_wconf 80' lang='lat'>‚</span> <span class='ocrx_word' id='word_1_495' title='bbox 1638 1167 1798 1224; x_wconf 90' lang='lat' dir='ltr'>aliaque</span> <span class='ocrx_word' id='word_1_496' title='bbox 1819 1168 2081 1214; x_wconf 65' lang='lat' dir='ltr'>intirmorum</span> <span class='ocrx_word' id='word_1_497' title='bbox 2094 1172 2332 1218; x_wconf 72' lang='lat' dir='ltr'>animorum</span> 
     </span>
     <span class='ocr_line' id='line_1_75' title="bbox 1292 1225 2332 1277; baseline 0.007 -12"><span class='ocrx_word' id='word_1_498' title='bbox 1292 1235 1536 1277; x_wconf 84' lang='lat' dir='ltr'>argumenta</span> <span class='ocrx_word' id='word_1_499' title='bbox 1572 1225 1810 1268; x_wconf 85' lang='lat' dir='ltr'>Decemviri</span> <span class='ocrx_word' id='word_1_500' title='bbox 1842 1241 1864 1268; x_wconf 92' lang='lat' dir='ltr'>a</span> <span class='ocrx_word' id='word_1_501' title='bbox 1897 1228 2099 1270; x_wconf 89' lang='lat' dir='ltr'>Romanis</span> <span class='ocrx_word' id='word_1_502' title='bbox 2135 1228 2332 1274; x_wconf 77' lang='lat' dir='ltr'>institutis</span> 
     </span>
     <span class='ocr_line' id='line_1_76' title="bbox 1290 1281 2333 1340; baseline 0.006 -17"><span class='ocrx_word' id='word_1_503' title='bbox 1290 1293 1555 1324; x_wconf 84' lang='lat' dir='ltr'>averterunt:</span> <span class='ocrx_word' id='word_1_504' title='bbox 1589 1296 1640 1323; x_wconf 91' lang='lat' dir='ltr'>ne</span> <span class='ocrx_word' id='word_1_505' title='bbox 1661 1281 1724 1323; x_wconf 88' lang='lat' dir='ltr'>his</span> <span class='ocrx_word' id='word_1_506' title='bbox 1744 1281 2041 1327; x_wconf 84' lang='lat' dir='ltr'>imbecillitatis</span> <span class='ocrx_word' id='word_1_507' title='bbox 2059 1286 2261 1340; x_wconf 86' lang='lat' dir='ltr'>exemplis</span> <span class='ocrx_word' id='word_1_508' title='bbox 2274 1288 2333 1330; x_wconf 84' lang='lat' dir='ltr'>as-</span> 
     </span>
     <span class='ocr_line' id='line_1_77' title="bbox 1295 1336 2333 1394; baseline 0.008 -16"><span class='ocrx_word' id='word_1_509' title='bbox 1295 1337 1400 1380; x_wconf 79' lang='lat' dir='ltr'>sueta</span> <span class='ocrx_word' id='word_1_510' title='bbox 1440 1336 1548 1380; x_wconf 82' lang='lat' dir='ltr'>bello</span> <span class='ocrx_word' id='word_1_511' title='bbox 1587 1337 1748 1392; x_wconf 55' lang='lat' dir='ltr'>pestem</span> <span class='ocrx_word' id='word_1_512' title='bbox 1779 1339 1823 1381; x_wconf 72' lang='grc' dir='ltr'>δι</span> <span class='ocrx_word' id='word_1_513' title='bbox 1854 1339 2059 1383; x_wconf 84' lang='lat' dir='ltr'>diuturnis</span> <span class='ocrx_word' id='word_1_514' title='bbox 2087 1343 2231 1394; x_wconf 78' lang='lat' dir='ltr'>praeliis</span> <span class='ocrx_word' id='word_1_515' title='bbox 2263 1359 2333 1386; x_wconf 57' lang='lat' dir='ltr'>ro&lt;</span> 
     </span>
     <span class='ocr_line' id='line_1_78' title="bbox 1291 1393 2335 1450; baseline 0.008 -15"><span class='ocrx_word' id='word_1_516' title='bbox 1291 1394 1432 1436; x_wconf 88' lang='lat' dir='ltr'>borata</span> <span class='ocrx_word' id='word_1_517' title='bbox 1455 1393 1791 1438; x_wconf 80' lang='lat' dir='ltr'>dissolverentur.</span> <span class='ocrx_word' id='word_1_518' title='bbox 1828 1396 2052 1450; x_wconf 84' lang='lat' dir='ltr'>Longiores</span> <span class='ocrx_word' id='word_1_519' title='bbox 2075 1398 2192 1442; x_wconf 88' lang='lat' dir='ltr'>enim</span> <span class='ocrx_word' id='word_1_520' title='bbox 2218 1399 2335 1444; x_wconf 83' lang='lat' dir='ltr'>fletus</span> 
     </span>
     <span class='ocr_line' id='line_1_79' title="bbox 1289 1450 2333 1510; baseline 0.007 -16"><span class='ocrx_word' id='word_1_521' title='bbox 1289 1451 1333 1494; x_wconf 64' lang='grc' dir='ltr'>ὃς</span> <span class='ocrx_word' id='word_1_522' title='bbox 1370 1450 1516 1494; x_wconf 86' lang='lat' dir='ltr'>insueti</span> <span class='ocrx_word' id='word_1_523' title='bbox 1551 1452 1744 1494; x_wconf 76' lang='lat' dir='ltr'>moeroris</span> <span class='ocrx_word' id='word_1_524' title='bbox 1775 1451 1978 1506; x_wconf 65' lang='lat' dir='ltr'>adspecotus</span> <span class='ocrx_word' id='word_1_525' title='bbox 2002 1469 2156 1510; x_wconf 85' lang='lat' dir='ltr'>augent</span> <span class='ocrx_word' id='word_1_526' title='bbox 2185 1457 2333 1502; x_wconf 81' lang='lat' dir='ltr'>mortis</span> 
     </span>
     <span class='ocr_line' id='line_1_80' title="bbox 1288 1507 2332 1562; baseline 0.009 -13"><span class='ocrx_word' id='word_1_527' title='bbox 1288 1507 1531 1562; x_wconf 85' lang='lat' dir='ltr'>opinionem</span> <span class='ocrx_word' id='word_1_528' title='bbox 1548 1540 1560 1561; x_wconf 86' lang='lat'>,</span> <span class='ocrx_word' id='word_1_529' title='bbox 1585 1509 1633 1551; x_wconf 88' lang='lat' dir='ltr'>ad</span> <span class='ocrx_word' id='word_1_530' title='bbox 1658 1508 1769 1561; x_wconf 79' lang='lat' dir='ltr'>cujus</span> <span class='ocrx_word' id='word_1_531' title='bbox 1794 1522 2054 1554; x_wconf 87' lang='lat' dir='ltr'>contemtum</span> <span class='ocrx_word' id='word_1_532' title='bbox 2070 1512 2332 1558; x_wconf 74' lang='lat' dir='ltr'>assuefacien-</span> 
     </span>
     <span class='ocr_line' id='line_1_81' title="bbox 1290 1564 2330 1625; baseline 0.008 -18"><span class='ocrx_word' id='word_1_533' title='bbox 1290 1564 1360 1607; x_wconf 89' lang='lat' dir='ltr'>dus</span> <span class='ocrx_word' id='word_1_534' title='bbox 1386 1564 1465 1608; x_wconf 88' lang='lat' dir='ltr'>fuit</span> <span class='ocrx_word' id='word_1_535' title='bbox 1493 1565 1664 1620; x_wconf 88' lang='lat' dir='ltr'>populus</span> <span class='ocrx_word' id='word_1_536' title='bbox 1683 1566 1876 1610; x_wconf 88' lang='lat' dir='ltr'>omnibus</span> <span class='ocrx_word' id='word_1_537' title='bbox 1895 1568 2083 1622; x_wconf 85' lang='lat' dir='ltr'>gentibus</span> <span class='ocrx_word' id='word_1_538' title='bbox 2103 1568 2330 1625; x_wconf 52' lang='lat' dir='ltr'>imperatu*</span> 
     </span>
     <span class='ocr_line' id='line_1_82' title="bbox 1292 1623 2334 1682; baseline 0.009 -19"><span class='ocrx_word' id='word_1_539' title='bbox 1292 1637 1356 1664; x_wconf 90' lang='lat' dir='ltr'>rus</span> <span class='ocrx_word' id='word_1_540' title='bbox 1375 1653 1384 1663; x_wconf 92' lang='lat'><strong>.</strong></span> <span class='ocrx_word' id='word_1_541' title='bbox 1416 1624 1652 1665; x_wconf 88' lang='lat' dir='ltr'>Vetuerunt</span> <span class='ocrx_word' id='word_1_542' title='bbox 1677 1623 1806 1678; x_wconf 87' lang='lat' dir='ltr'>igitur</span> <span class='ocrx_word' id='word_1_543' title='bbox 1823 1626 1932 1668; x_wconf 86' lang='lat' dir='ltr'><strong>XII.</strong></span> <span class='ocrx_word' id='word_1_544' title='bbox 1958 1625 2084 1668; x_wconf 90' lang='lat' dir='ltr'>tabul.</span> <span class='ocrx_word' id='word_1_545' title='bbox 2114 1625 2224 1682; x_wconf 84' lang='lat' dir='ltr'>leges</span> <span class='ocrx_word' id='word_1_546' title='bbox 2239 1645 2334 1672; x_wconf 82' lang='lat' dir='ltr'>mu·</span> 
     </span>
     <span class='ocr_line' id='line_1_83' title="bbox 1292 1677 2333 1737; baseline 0.008 -16"><span class='ocrx_word' id='word_1_547' title='bbox 1292 1677 1409 1722; x_wconf 89' lang='lat' dir='ltr'>lieres</span> <span class='ocrx_word' id='word_1_548' title='bbox 1433 1679 1567 1722; x_wconf 88' lang='lat' dir='ltr'>radere</span> <span class='ocrx_word' id='word_1_549' title='bbox 1593 1680 1636 1722; x_wconf 73' lang='grc' dir='ltr'>δε</span> <span class='ocrx_word' id='word_1_550' title='bbox 1655 1679 1851 1724; x_wconf 87' lang='lat' dir='ltr'>dilaniare</span> <span class='ocrx_word' id='word_1_551' title='bbox 1871 1697 1995 1737; x_wconf 86' lang='lat' dir='ltr'>genas</span> <span class='ocrx_word' id='word_1_552' title='bbox 2015 1715 2027 1735; x_wconf 82' lang='lat'>,</span> <span class='ocrx_word' id='word_1_553' title='bbox 2060 1696 2106 1726; x_wconf 91' lang='lat' dir='ltr'>ut</span> <span class='ocrx_word' id='word_1_554' title='bbox 2131 1699 2221 1727; x_wconf 85' lang='lat' dir='ltr'>mos</span> <span class='ocrx_word' id='word_1_555' title='bbox 2244 1698 2333 1729; x_wconf 85' lang='lat' dir='ltr'>erat</span> 
     </span>
     <span class='ocr_line' id='line_1_84' title="bbox 1290 1735 2326 1794; baseline 0.006 -15"><span class='ocrx_word' id='word_1_556' title='bbox 1290 1751 1432 1779; x_wconf 89' lang='lat' dir='ltr'>earum</span> <span class='ocrx_word' id='word_1_557' title='bbox 1451 1768 1463 1788; x_wconf 83' lang='lat'><em>‚</em></span> <span class='ocrx_word' id='word_1_558' title='bbox 1496 1735 1560 1780; x_wconf 85' lang='lat' dir='ltr'>vel</span> <span class='ocrx_word' id='word_1_559' title='bbox 1590 1753 1670 1792; x_wconf 82' lang='lat' dir='ltr'>quo</span> <span class='ocrx_word' id='word_1_560' title='bbox 1696 1737 1731 1781; x_wconf 90' lang='lat' dir='ltr'>se</span> <span class='ocrx_word' id='word_1_561' title='bbox 1752 1739 1932 1782; x_wconf 82' lang='lat' dir='ltr'>acerbius</span> <span class='ocrx_word' id='word_1_562' title='bbox 1959 1738 2190 1784; x_wconf 80' lang='lat' dir='ltr'>cruciarent</span> <span class='ocrx_word' id='word_1_563' title='bbox 2216 1773 2228 1794; x_wconf 89' lang='lat'>,</span> <span class='ocrx_word' id='word_1_564' title='bbox 2262 1742 2326 1786; x_wconf 82' lang='lat' dir='ltr'>vel</span> 
     </span>
     <span class='ocr_line' id='line_1_85' title="bbox 1290 1793 2331 1850; baseline 0.006 -14"><span class='ocrx_word' id='word_1_565' title='bbox 1290 1809 1371 1848; x_wconf 91' lang='lat' dir='ltr'>quo</span> <span class='ocrx_word' id='word_1_566' title='bbox 1408 1793 1645 1850; x_wconf 83' lang='lat' dir='ltr'>sanguinem</span> <span class='ocrx_word' id='word_1_567' title='bbox 1685 1794 1798 1838; x_wconf 88' lang='lat' dir='ltr'>suum</span> <span class='ocrx_word' id='word_1_568' title='bbox 1825 1794 2042 1839; x_wconf 87' lang='lat' dir='ltr'>funderent</span> <span class='ocrx_word' id='word_1_569' title='bbox 2082 1828 2095 1849; x_wconf 83' lang='lat'><strong>‚</strong></span> <span class='ocrx_word' id='word_1_570' title='bbox 2136 1798 2162 1840; x_wconf 82' lang='lat' dir='ltr'>si</span> <span class='ocrx_word' id='word_1_571' title='bbox 2186 1797 2331 1844; x_wconf 77' lang='lat' dir='ltr'>deesset</span> 
     </span>
     <span class='ocr_line' id='line_1_86' title="bbox 1293 1850 2332 1911; baseline 0.008 -19"><span class='ocrx_word' id='word_1_572' title='bbox 1293 1850 1450 1905; x_wconf 84' lang='lat' dir='ltr'>sanguis</span> <span class='ocrx_word' id='word_1_573' title='bbox 1469 1851 1742 1907; x_wconf 84' lang='lat' dir='ltr'>gladiatorum</span> <span class='ocrx_word' id='word_1_574' title='bbox 1759 1884 1768 1893; x_wconf 89' lang='lat'>.</span> <span class='ocrx_word' id='word_1_575' title='bbox 1791 1853 1892 1896; x_wconf 91' lang='lat' dir='ltr'>Ludi</span> <span class='ocrx_word' id='word_1_576' title='bbox 1917 1854 2030 1897; x_wconf 89' lang='lat' dir='ltr'>enim</span> <span class='ocrx_word' id='word_1_577' title='bbox 2055 1854 2332 1911; x_wconf 83' lang='lat' dir='ltr'>gladiatorum</span> 
     </span>
     <span class='ocr_line' id='line_1_87' title="bbox 1292 1907 2335 1966; baseline 0.006 -16"><span class='ocrx_word' id='word_1_578' title='bbox 1292 1907 1334 1950; x_wconf 92' lang='lat' dir='ltr'>in</span> <span class='ocrx_word' id='word_1_579' title='bbox 1363 1907 1569 1951; x_wconf 81' lang='lat' dir='ltr'>funeribus</span> <span class='ocrx_word' id='word_1_580' title='bbox 1591 1909 1813 1952; x_wconf 88' lang='lat' dir='ltr'>edebantur</span> <span class='ocrx_word' id='word_1_581' title='bbox 1838 1942 1850 1963; x_wconf 91' lang='lat'>‚</span> <span class='ocrx_word' id='word_1_582' title='bbox 1894 1910 1941 1954; x_wconf 91' lang='lat' dir='ltr'>de</span> <span class='ocrx_word' id='word_1_583' title='bbox 1971 1927 2052 1966; x_wconf 88' lang='lat' dir='ltr'>quo</span> <span class='ocrx_word' id='word_1_584' title='bbox 2078 1928 2190 1956; x_wconf 84' lang='lat' dir='ltr'>more</span> <span class='ocrx_word' id='word_1_585' title='bbox 2225 1913 2335 1957; x_wconf 77' lang='lat' dir='ltr'>testis</span> 
     </span>
     <span class='ocr_line' id='line_1_88' title="bbox 1291 1965 2188 2013; baseline 0.006 -5"><span class='ocrx_word' id='word_1_586' title='bbox 1291 1965 1345 2008; x_wconf 86' lang='lat' dir='ltr'>est</span> <span class='ocrx_word' id='word_1_587' title='bbox 1367 1966 1530 2008; x_wconf 85' lang='lat' dir='ltr'>Servius</span> <span class='ocrx_word' id='word_1_588' title='bbox 1555 1966 1603 2007; x_wconf 88' lang='lat' dir='ltr'>ad</span> <span class='ocrx_word' id='word_1_589' title='bbox 1628 1966 1767 2010; x_wconf 89' lang='lat' dir='ltr'>locum</span> <span class='ocrx_word' id='word_1_590' title='bbox 1791 1966 1912 2011; x_wconf 88' lang='lat' dir='ltr'>illum</span> <span class='ocrx_word' id='word_1_591' title='bbox 1939 1969 2101 2013; x_wconf 85' lang='lat' dir='ltr'>AEneid.</span> <span class='ocrx_word' id='word_1_592' title='bbox 2123 1985 2188 2013; x_wconf 86' lang='lat'>12.</span> 
     </span>
    </p>

    <p class='ocr_par' dir='ltr' id='par_1_14' title="bbox 1289 2023 2346 2752">
     <span class='ocr_line' id='line_1_89' title="bbox 1409 2023 2023 2080; baseline 0.005 -16"><span class='ocrx_word' id='word_1_593' title='bbox 1409 2023 1466 2064; x_wconf 82' lang='lat' dir='ltr'>Et</span> <span class='ocrx_word' id='word_1_594' title='bbox 1507 2023 1632 2075; x_wconf 70' lang='lat' dir='ltr'>rostras</span> <span class='ocrx_word' id='word_1_595' title='bbox 1673 2024 1827 2066; x_wconf 76' lang='lat' dir='ltr'>laniata</span> <span class='ocrx_word' id='word_1_596' title='bbox 1865 2039 1986 2080; x_wconf 81' lang='lat' dir='ltr'>genas</span> <span class='ocrx_word' id='word_1_597' title='bbox 2010 2057 2023 2078; x_wconf 91' lang='lat'>,</span> 
     </span>
     <span class='ocr_line' id='line_1_90' title="bbox 1293 2077 2330 2137; baseline 0.004 -15"><span class='ocrx_word' id='word_1_598' title='bbox 1293 2077 1360 2122; x_wconf 90' lang='lat' dir='ltr'>ubi</span> <span class='ocrx_word' id='word_1_599' title='bbox 1388 2078 1505 2130; x_wconf 84' lang='lat' dir='ltr'>hujus</span> <span class='ocrx_word' id='word_1_600' title='bbox 1532 2080 1655 2123; x_wconf 88' lang='lat' dir='ltr'>verba</span> <span class='ocrx_word' id='word_1_601' title='bbox 1682 2080 1779 2135; x_wconf 86' lang='lat' dir='ltr'>legis</span> <span class='ocrx_word' id='word_1_602' title='bbox 1806 2080 1958 2135; x_wconf 87' lang='lat' dir='ltr'>profert</span> <span class='ocrx_word' id='word_1_603' title='bbox 1978 2082 2162 2137; x_wconf 77' lang='lat' dir='ltr'>Servius,</span> <span class='ocrx_word' id='word_1_604' title='bbox 2185 2094 2330 2137; x_wconf 86' lang='lat' dir='ltr'>aetate,</span> 
     </span>
     <span class='ocr_line' id='line_1_91' title="bbox 1291 2136 2331 2195; baseline 0.005 -17"><span class='ocrx_word' id='word_1_605' title='bbox 1291 2149 1360 2179; x_wconf 90' lang='lat' dir='ltr'>aut</span> <span class='ocrx_word' id='word_1_606' title='bbox 1398 2137 1638 2190; x_wconf 84' lang='lat' dir='ltr'>scriptorum</span> <span class='ocrx_word' id='word_1_607' title='bbox 1677 2136 1885 2192; x_wconf 86' lang='lat' dir='ltr'>imperitia</span> <span class='ocrx_word' id='word_1_608' title='bbox 1922 2137 2080 2183; x_wconf 71' lang='lat' dir='ltr'>fortasse</span> <span class='ocrx_word' id='word_1_609' title='bbox 2106 2154 2297 2195; x_wconf 86' lang='lat' dir='ltr'>corrupta</span> <span class='ocrx_word' id='word_1_610' title='bbox 2320 2172 2331 2183; x_wconf 89' lang='lat'><strong><em>.</em></strong></span> 
     </span>
     <span class='ocr_line' id='line_1_92' title="bbox 1289 2193 2333 2249; baseline 0.006 -15"><span class='ocrx_word' id='word_1_611' title='bbox 1289 2193 1422 2236; x_wconf 84' lang='lat' dir='ltr'>Simul</span> <span class='ocrx_word' id='word_1_612' title='bbox 1442 2209 1535 2236; x_wconf 82' lang='lat' dir='ltr'>cum</span> <span class='ocrx_word' id='word_1_613' title='bbox 1559 2194 1714 2236; x_wconf 86' lang='lat' dir='ltr'>laniatu</span> <span class='ocrx_word' id='word_1_614' title='bbox 1736 2210 1934 2249; x_wconf 82' lang='lat' dir='ltr'>genarum</span> <span class='ocrx_word' id='word_1_615' title='bbox 1952 2210 2097 2239; x_wconf 84' lang='lat' dir='ltr'>vetitus</span> <span class='ocrx_word' id='word_1_616' title='bbox 2115 2196 2192 2239; x_wconf 87' lang='lat' dir='ltr'>fuit</span> <span class='ocrx_word' id='word_1_617' title='bbox 2205 2198 2333 2241; x_wconf 86' lang='lat' dir='ltr'>etiam</span> 
     </span>
     <span class='ocr_line' id='line_1_93' title="bbox 1289 2249 2335 2309; baseline 0.004 -16"><span class='ocrx_word' id='word_1_618' title='bbox 1289 2249 1486 2303; x_wconf 78' lang='lat' dir='ltr'>ejulatus,</span> <span class='ocrx_word' id='word_1_619' title='bbox 1518 2251 1558 2292; x_wconf 85' lang='lat'>&amp;</span> <span class='ocrx_word' id='word_1_620' title='bbox 1585 2252 1742 2306; x_wconf 78' lang='lat' dir='ltr'>questus</span> <span class='ocrx_word' id='word_1_621' title='bbox 1768 2252 1994 2305; x_wconf 66' lang='lat' dir='ltr'>effrastior,</span> <span class='ocrx_word' id='word_1_622' title='bbox 2015 2266 2134 2309; x_wconf 86' lang='lat' dir='ltr'>atque</span> <span class='ocrx_word' id='word_1_623' title='bbox 2162 2254 2335 2305; x_wconf 53' lang='lat' dir='ltr'>abjeetio</span> 
     </span>
     <span class='ocr_line' id='line_1_94' title="bbox 1290 2306 2334 2366; baseline 0.005 -17"><span class='ocrx_word' id='word_1_624' title='bbox 1290 2308 1451 2360; x_wconf 88' lang='lat' dir='ltr'>animi,</span> <span class='ocrx_word' id='word_1_625' title='bbox 1473 2306 1727 2363; x_wconf 82' lang='lat' dir='ltr'>ploratusque</span> <span class='ocrx_word' id='word_1_626' title='bbox 1755 2309 2012 2362; x_wconf 74' lang='lat' dir='ltr'>importunus</span> <span class='ocrx_word' id='word_1_627' title='bbox 2028 2342 2038 2362; x_wconf 93' lang='lat'>,</span> <span class='ocrx_word' id='word_1_628' title='bbox 2074 2326 2174 2366; x_wconf 77' lang='lat' dir='ltr'>quos</span> <span class='ocrx_word' id='word_1_629' title='bbox 2199 2310 2334 2365; x_wconf 75' lang='lat' dir='ltr'>lelJ&#39;um</span> 
     </span>
     <span class='ocr_line' id='line_1_95' title="bbox 1294 2365 2335 2421; baseline 0.005 -16"><span class='ocrx_word' id='word_1_630' title='bbox 1294 2378 1443 2407; x_wconf 82' lang='lat' dir='ltr'>veteres</span> <span class='ocrx_word' id='word_1_631' title='bbox 1468 2365 1670 2406; x_wconf 77' lang='lat' dir='ltr'>vocabant</span> <span class='ocrx_word' id='word_1_632' title='bbox 1686 2397 1697 2417; x_wconf 85' lang='lat'>,</span> <span class='ocrx_word' id='word_1_633' title='bbox 1721 2378 1764 2407; x_wconf 90' lang='lat' dir='ltr'>ut</span> <span class='ocrx_word' id='word_1_634' title='bbox 1786 2366 2052 2419; x_wconf 60' lang='lat' dir='ltr'>suspicabitur</span> <span class='ocrx_word' id='word_1_635' title='bbox 2078 2370 2170 2410; x_wconf 78' lang='lat' dir='ltr'>Sex.</span> <span class='ocrx_word' id='word_1_636' title='bbox 2190 2370 2335 2421; x_wconf 77' lang='lat' dir='ltr'>AElius,</span> 
     </span>
     <span class='ocr_line' id='line_1_96' title="bbox 1293 2420 2333 2476; baseline 0.004 -14"><span class='ocrx_word' id='word_1_637' title='bbox 1293 2437 1416 2476; x_wconf 82' lang='lat' dir='ltr'>quem</span> <span class='ocrx_word' id='word_1_638' title='bbox 1461 2420 1578 2472; x_wconf 74' lang='lat' dir='ltr'>simul</span> <span class='ocrx_word' id='word_1_639' title='bbox 1611 2437 1706 2464; x_wconf 87' lang='lat' dir='ltr'>cum</span> <span class='ocrx_word' id='word_1_640' title='bbox 1741 2424 1785 2464; x_wconf 93' lang='lat' dir='ltr'>L.</span> <span class='ocrx_word' id='word_1_641' title='bbox 1820 2425 1953 2465; x_wconf 83' lang='lat' dir='ltr'>Atilio</span> <span class='ocrx_word' id='word_1_642' title='bbox 1985 2424 2135 2467; x_wconf 81' lang='lat' dir='ltr'>Cicero</span> <span class='ocrx_word' id='word_1_643' title='bbox 2168 2425 2288 2467; x_wconf 83' lang='lat' dir='ltr'>refert</span> <span class='ocrx_word' id='word_1_644' title='bbox 2322 2455 2333 2476; x_wconf 93' lang='lat'>‚</span> 
     </span>
     <span class='ocr_line' id='line_1_97' title="bbox 1292 2477 2335 2535; baseline 0.005 -17"><span class='ocrx_word' id='word_1_645' title='bbox 1292 2480 1380 2532; x_wconf 77' lang='lat' dir='ltr'>(g)</span> <span class='ocrx_word' id='word_1_646' title='bbox 1415 2478 1572 2520; x_wconf 86' lang='lat' dir='ltr'>nullam</span> <span class='ocrx_word' id='word_1_647' title='bbox 1600 2477 1716 2527; x_wconf 82' lang='lat' dir='ltr'>hujus</span> <span class='ocrx_word' id='word_1_648' title='bbox 1744 2479 1856 2521; x_wconf 79' lang='lat' dir='ltr'>verbi</span> <span class='ocrx_word' id='word_1_649' title='bbox 1885 2493 2039 2522; x_wconf 84' lang='lat' dir='ltr'>certam</span> <span class='ocrx_word' id='word_1_650' title='bbox 2073 2480 2335 2535; x_wconf 77' lang='lat' dir='ltr'>significatio-</span> 
     </span>
     <span class='ocr_line' id='line_1_98' title="bbox 1293 2533 2346 2590; baseline 0.005 -16"><span class='ocrx_word' id='word_1_651' title='bbox 1293 2549 1387 2576; x_wconf 85' lang='lat' dir='ltr'>nem</span> <span class='ocrx_word' id='word_1_652' title='bbox 1414 2534 1562 2577; x_wconf 85' lang='lat' dir='ltr'>elicere</span> <span class='ocrx_word' id='word_1_653' title='bbox 1591 2533 1756 2587; x_wconf 78' lang='lat' dir='ltr'>potuiffe</span> <span class='ocrx_word' id='word_1_654' title='bbox 1779 2551 1788 2574; x_wconf 76' lang='grc' dir='ltr'><em>τ</em></span> <span class='ocrx_word' id='word_1_655' title='bbox 1833 2537 1980 2590; x_wconf 82' lang='lat' dir='ltr'>quippe</span> <span class='ocrx_word' id='word_1_656' title='bbox 2008 2549 2101 2579; x_wconf 68' lang='lat' dir='ltr'>aetas</span> <span class='ocrx_word' id='word_1_657' title='bbox 2126 2552 2218 2579; x_wconf 88' lang='lat' dir='ltr'>eam</span> <span class='ocrx_word' id='word_1_658' title='bbox 2248 2536 2346 2580; x_wconf 75' lang='lat' dir='ltr'>sub-&#39;</span> 
     </span>
     <span class='ocr_line' id='line_1_99' title="bbox 1291 2591 2341 2648; baseline 0.004 -17"><span class='ocrx_word' id='word_1_659' title='bbox 1291 2591 1482 2634; x_wconf 77' lang='lat' dir='ltr'>duxerat.</span> <span class='ocrx_word' id='word_1_660' title='bbox 1518 2591 1641 2632; x_wconf 79' lang='lat' dir='ltr'>Unde</span> <span class='ocrx_word' id='word_1_661' title='bbox 1676 2605 1749 2633; x_wconf 90' lang='lat' dir='ltr'>nec</span> <span class='ocrx_word' id='word_1_662' title='bbox 1782 2593 1898 2633; x_wconf 76' lang='lat' dir='ltr'>nobis</span> <span class='ocrx_word' id='word_1_663' title='bbox 1924 2593 2143 2647; x_wconf 81' lang='lat' dir='ltr'>quidquam</span> <span class='ocrx_word' id='word_1_664' title='bbox 2167 2594 2341 2648; x_wconf 70' lang='lat' dir='ltr'>superest</span> 
     </span>
     <span class='ocr_line' id='line_1_100' title="bbox 1293 2646 2334 2702; baseline 0.005 -13"><span class='ocrx_word' id='word_1_665' title='bbox 1293 2661 1432 2702; x_wconf 78' lang='lat' dir='ltr'>praeter</span> <span class='ocrx_word' id='word_1_666' title='bbox 1474 2646 1750 2698; x_wconf 74' lang='lat' dir='ltr'>conjee‘iuram</span> <span class='ocrx_word' id='word_1_667' title='bbox 1788 2679 1797 2691; x_wconf 85' lang='lat'>.</span> <span class='ocrx_word' id='word_1_668' title='bbox 1841 2649 1947 2701; x_wconf 76' lang='lat'>(¹⁶)</span> <span class='ocrx_word' id='word_1_669' title='bbox 1979 2650 2084 2693; x_wconf 72' lang='lat' dir='ltr'>Sane</span> <span class='ocrx_word' id='word_1_670' title='bbox 2117 2650 2223 2695; x_wconf 84' lang='lat' dir='ltr'>hanc</span> <span class='ocrx_word' id='word_1_671' title='bbox 2247 2651 2334 2694; x_wconf 79' lang='lat' dir='ltr'>sen&#39;-</span> 
     </span>
     <span class='ocr_line' id='line_1_101' title="bbox 1939 2707 2339 2752; baseline 0.013 -5"><span class='ocrx_word' id='word_1_672' title='bbox 1939 2708 1970 2747; x_wconf 82' lang='grc' dir='ltr'>Β</span> <span class='ocrx_word' id='word_1_673' title='bbox 2004 2707 2027 2748; x_wconf 94' lang='lat' dir='ltr'>b</span> <span class='ocrx_word' id='word_1_674' title='bbox 2249 2720 2339 2752; x_wconf 87' lang='lat' dir='ltr'>ten-</span> 
     </span>
    </p>
   </div>
   <div class='ocr_carea' id='block_1_7' title="bbox 1309 2783 2342 2801">
    <p class='ocr_par' dir='ltr' id='par_1_15' title="bbox 1309 2783 2342 2801">
     <span class='ocr_line' id='line_1_102' title="bbox 1309 2783 2342 2801; baseline 0.003 -9"><span class='ocrx_word' id='word_1_675' title='bbox 1309 2783 2202 2795; x_wconf 57' lang='lat'><strong>⁴.-———-—-———-———-</strong></span> <span class='ocrx_word' id='word_1_676' title='bbox 2231 2784 2342 2801; x_wconf 54' lang='grc' dir='ltr'>ο-ιν</span> 
     </span>
    </p>
   </div>
   <div class='ocr_carea' id='block_1_8' title="bbox 1288 2839 2338 3196">
    <p class='ocr_par' dir='ltr' id='par_1_16' title="bbox 1335 2839 1790 2882">
     <span class='ocr_line' id='line_1_103' title="bbox 1335 2839 1790 2882; baseline -0.015 -3"><span class='ocrx_word' id='word_1_677' title='bbox 1335 2839 1395 2879; x_wconf 66' lang='grc' dir='ltr'>(Ε)</span> <span class='ocrx_word' id='word_1_678' title='bbox 1422 2839 1493 2872; x_wconf 55' lang='lat' dir='ltr'>Lis.</span> <span class='ocrx_word' id='word_1_679' title='bbox 1516 2851 1545 2872; x_wconf 89' lang='lat'>2.</span> <span class='ocrx_word' id='word_1_680' title='bbox 1578 2842 1616 2873; x_wconf 76' lang='lat' dir='ltr'>de</span> <span class='ocrx_word' id='word_1_681' title='bbox 1639 2839 1766 2882; x_wconf 72' lang='lat' dir='ltr'>legibus</span> <span class='ocrx_word' id='word_1_682' title='bbox 1781 2862 1790 2872; x_wconf 88' lang='lat'><strong>.</strong></span> 
     </span>
    </p>

    <p class='ocr_par' dir='ltr' id='par_1_17' title="bbox 1288 2882 2338 3196">
     <span class='ocr_line' id='line_1_104' title="bbox 1337 2882 2337 2929; baseline 0.003 -13"><span class='ocrx_word' id='word_1_683' title='bbox 1337 2885 1394 2924; x_wconf 46' lang='grc' dir='ltr'>ΟΕ)</span> <span class='ocrx_word' id='word_1_684' title='bbox 1425 2886 1626 2927; x_wconf 69' lang='lat' dir='ltr'>ingeniosior</span> <span class='ocrx_word' id='word_1_685' title='bbox 1640 2887 1683 2918; x_wconf 79' lang='lat' dir='ltr'>est</span> <span class='ocrx_word' id='word_1_686' title='bbox 1701 2897 1736 2917; x_wconf 81' lang='lat' dir='ltr'>ea</span> <span class='ocrx_word' id='word_1_687' title='bbox 1752 2889 1787 2918; x_wconf 87' lang='lat' dir='ltr'>B.</span> <span class='ocrx_word' id='word_1_688' title='bbox 1808 2885 1955 2918; x_wconf 82' lang='lat' dir='ltr'>Branchu</span> <span class='ocrx_word' id='word_1_689' title='bbox 1973 2906 1982 2921; x_wconf 63' lang='lat' dir='ltr'>s</span> <span class='ocrx_word' id='word_1_690' title='bbox 2000 2897 2063 2929; x_wconf 80' lang='lat' dir='ltr'>qua</span> <span class='ocrx_word' id='word_1_691' title='bbox 2081 2887 2107 2920; x_wconf 82' lang='lat' dir='ltr'>is</span> <span class='ocrx_word' id='word_1_692' title='bbox 2121 2882 2277 2918; x_wconf 59' lang='lat' dir='ltr'>addendis</span> <span class='ocrx_word' id='word_1_693' title='bbox 2296 2885 2337 2919; x_wconf 83' lang='lat' dir='ltr'>ad</span> 
     </span>
     <span class='ocr_line' id='line_1_105' title="bbox 1291 2927 2337 2971; baseline 0.004 -11"><span class='ocrx_word' id='word_1_694' title='bbox 1291 2927 1364 2969; x_wconf 64' lang='lat' dir='ltr'>Obs-</span> <span class='ocrx_word' id='word_1_695' title='bbox 1388 2931 1424 2961; x_wconf 84' lang='lat' dir='ltr'>P.</span> <span class='ocrx_word' id='word_1_696' title='bbox 1448 2940 1472 2960; x_wconf 91' lang='lat'>1.</span> <span class='ocrx_word' id='word_1_697' title='bbox 1490 2938 1520 2971; x_wconf 78' lang='lat' dir='ltr'>p.</span> <span class='ocrx_word' id='word_1_698' title='bbox 1541 2940 1614 2970; x_wconf 81' lang='lat'>237.</span> <span class='ocrx_word' id='word_1_699' title='bbox 1648 2931 1760 2963; x_wconf 83' lang='lat' dir='ltr'>leffum</span> <span class='ocrx_word' id='word_1_700' title='bbox 1787 2929 1838 2961; x_wconf 77' lang='lat' dir='ltr'>seu</span> <span class='ocrx_word' id='word_1_701' title='bbox 1854 2930 1955 2963; x_wconf 78' lang='lat' dir='ltr'>lesum</span> <span class='ocrx_word' id='word_1_702' title='bbox 1971 2953 1980 2969; x_wconf 91' lang='lat'>‚</span> <span class='ocrx_word' id='word_1_703' title='bbox 2008 2941 2135 2964; x_wconf 81' lang='lat' dir='ltr'>veteres</span> <span class='ocrx_word' id='word_1_704' title='bbox 2156 2931 2244 2963; x_wconf 87' lang='lat' dir='ltr'>enim</span> <span class='ocrx_word' id='word_1_705' title='bbox 2263 2931 2337 2964; x_wconf 77' lang='lat' dir='ltr'>lite-</span> 
     </span>
     <span class='ocr_line' id='line_1_106' title="bbox 1291 2974 2335 3015; baseline 0.004 -11"><span class='ocrx_word' id='word_1_706' title='bbox 1291 2974 1333 3004; x_wconf 88' lang='lat' dir='ltr'>ris</span> <span class='ocrx_word' id='word_1_707' title='bbox 1363 2974 1539 3015; x_wconf 70' lang='lat' dir='ltr'>geminatis</span> <span class='ocrx_word' id='word_1_708' title='bbox 1568 2974 1714 3007; x_wconf 83' lang='lat' dir='ltr'>nondum</span> <span class='ocrx_word' id='word_1_709' title='bbox 1752 2974 1822 3007; x_wconf 80' lang='lat' dir='ltr'>usos</span> <span class='ocrx_word' id='word_1_710' title='bbox 1837 2974 1925 3006; x_wconf 65' lang='lat' dir='ltr'>fuiff:</span> <span class='ocrx_word' id='word_1_711' title='bbox 1943 2997 1952 3012; x_wconf 82' lang='lat'>,</span> <span class='ocrx_word' id='word_1_712' title='bbox 1980 2987 2020 3006; x_wconf 76' lang='lat' dir='ltr'>ex</span> <span class='ocrx_word' id='word_1_713' title='bbox 2037 2977 2140 3008; x_wconf 77' lang='lat' dir='ltr'>Fabio</span> <span class='ocrx_word' id='word_1_714' title='bbox 2154 2974 2307 3008; x_wconf 82' lang='lat' dir='ltr'>observat</span> <span class='ocrx_word' id='word_1_715' title='bbox 2323 2997 2335 3015; x_wconf 91' lang='lat'>,</span> 
     </span>
     <span class='ocr_line' id='line_1_107' title="bbox 1288 3017 2337 3063; baseline 0.003 -14"><span class='ocrx_word' id='word_1_716' title='bbox 1288 3017 1462 3050; x_wconf 73' lang='lat' dir='ltr'>deficiente</span> <span class='ocrx_word' id='word_1_717' title='bbox 1492 3018 1597 3051; x_wconf 87' lang='lat' dir='ltr'>adhuc</span> <span class='ocrx_word' id='word_1_718' title='bbox 1639 3020 1734 3052; x_wconf 84' lang='lat' dir='ltr'>litera</span> <span class='ocrx_word' id='word_1_719' title='bbox 1752 3030 1766 3051; x_wconf 90' lang='lat' dir='ltr'>r</span> <span class='ocrx_word' id='word_1_720' title='bbox 1786 3028 1844 3060; x_wconf 83' lang='lat' dir='ltr'>pro</span> <span class='ocrx_word' id='word_1_721' title='bbox 1861 3018 1940 3063; x_wconf 57' lang='grc' dir='ltr'>λήρῳ</span> <span class='ocrx_word' id='word_1_722' title='bbox 1956 3020 2096 3059; x_wconf 80' lang='lat' dir='ltr'>positum</span> <span class='ocrx_word' id='word_1_723' title='bbox 2110 3017 2202 3052; x_wconf 68' lang='lat' dir='ltr'>fuisse</span> <span class='ocrx_word' id='word_1_724' title='bbox 2221 3042 2230 3055; x_wconf 78' lang='grc'><strong>.</strong></span> <span class='ocrx_word' id='word_1_725' title='bbox 2257 3030 2337 3052; x_wconf 87' lang='lat' dir='ltr'>con-</span> 
     </span>
     <span class='ocr_line' id='line_1_108' title="bbox 1289 3060 2338 3105; baseline 0.002 -12"><span class='ocrx_word' id='word_1_726' title='bbox 1289 3060 1361 3100; x_wconf 78' lang='lat' dir='ltr'>jicit</span> <span class='ocrx_word' id='word_1_727' title='bbox 1381 3085 1389 3094; x_wconf 94' lang='lat'><strong>.</strong></span> <span class='ocrx_word' id='word_1_728' title='bbox 1416 3066 1496 3105; x_wconf 54' lang='lat' dir='ltr'>Q-u’e</span> <span class='ocrx_word' id='word_1_729' title='bbox 1510 3074 1575 3096; x_wconf 82' lang='lat' dir='ltr'>vox</span> <span class='ocrx_word' id='word_1_730' title='bbox 1596 3064 1717 3097; x_wconf 76' lang='lat' dir='ltr'>Graecis</span> <span class='ocrx_word' id='word_1_731' title='bbox 1733 3073 1833 3105; x_wconf 79' lang='lat' dir='ltr'>nugas</span> <span class='ocrx_word' id='word_1_732' title='bbox 1852 3064 2013 3104; x_wconf 68' lang='lat' dir='ltr'>fignificat</span> <span class='ocrx_word' id='word_1_733' title='bbox 2033 3084 2044 3099; x_wconf 75' lang='grc'>,</span> <span class='ocrx_word' id='word_1_734' title='bbox 2070 3064 2100 3095; x_wconf 71' lang='grc'>8(</span> <span class='ocrx_word' id='word_1_735' title='bbox 2121 3064 2218 3096; x_wconf 74' lang='lat' dir='ltr'>Latio</span> <span class='ocrx_word' id='word_1_736' title='bbox 2236 3062 2338 3095; x_wconf 79' lang='lat' dir='ltr'>dona-</span> 
     </span>
     <span class='ocr_line' id='line_1_109' title="bbox 1289 3106 2335 3147; baseline 0.003 -8"><span class='ocrx_word' id='word_1_737' title='bbox 1289 3115 1323 3139; x_wconf 82' lang='lat' dir='ltr'>ta</span> <span class='ocrx_word' id='word_1_738' title='bbox 1337 3108 1379 3139; x_wconf 76' lang='lat' dir='ltr'>est</span> <span class='ocrx_word' id='word_1_739' title='bbox 1393 3117 1411 3138; x_wconf 84' lang='lat' dir='ltr'>a</span> <span class='ocrx_word' id='word_1_740' title='bbox 1431 3110 1548 3141; x_wconf 78' lang='lat' dir='ltr'>Plauto</span> <span class='ocrx_word' id='word_1_741' title='bbox 1562 3109 1647 3141; x_wconf 77' lang='lat' dir='ltr'>Poen.</span> <span class='ocrx_word' id='word_1_742' title='bbox 1666 3110 1691 3140; x_wconf 82' lang='grc'>.’.</span> <span class='ocrx_word' id='word_1_743' title='bbox 1714 3118 1739 3139; x_wconf 82' lang='lat'>1.</span> <span class='ocrx_word' id='word_1_744' title='bbox 1763 3120 1790 3147; x_wconf 88' lang='lat'>9.</span> <span class='ocrx_word' id='word_1_745' title='bbox 1825 3107 1908 3139; x_wconf 82' lang='lat' dir='ltr'>unde</span> <span class='ocrx_word' id='word_1_746' title='bbox 1925 3108 1954 3139; x_wconf 70' lang='grc'>8(</span> <span class='ocrx_word' id='word_1_747' title='bbox 1974 3117 2090 3139; x_wconf 79' lang='lat' dir='ltr'>vocem</span> <span class='ocrx_word' id='word_1_748' title='bbox 2106 3106 2245 3142; x_wconf 78' lang='lat' dir='ltr'>delirare</span> <span class='ocrx_word' id='word_1_749' title='bbox 2261 3117 2335 3142; x_wconf 81' lang='lat' dir='ltr'>cum</span> 
     </span>
     <span class='ocr_line' id='line_1_110' title="bbox 1291 3149 2153 3196; baseline -0.001 -12"><span class='ocrx_word' id='word_1_750' title='bbox 1291 3150 1483 3187; x_wconf 73' lang='lat' dir='ltr'>derivativis</span> <span class='ocrx_word' id='word_1_751' title='bbox 1497 3152 1558 3188; x_wconf 80' lang='lat' dir='ltr'>suis</span> <span class='ocrx_word' id='word_1_752' title='bbox 1574 3151 1712 3196; x_wconf 71' lang='lat' dir='ltr'>quidam</span> <span class='ocrx_word' id='word_1_753' title='bbox 1731 3151 1952 3189; x_wconf 73' lang='lat' dir='ltr'>Grammatici</span> <span class='ocrx_word' id='word_1_754' title='bbox 1967 3149 2121 3187; x_wconf 76' lang='lat' dir='ltr'>derivant</span> <span class='ocrx_word' id='word_1_755' title='bbox 2144 3172 2153 3183; x_wconf 91' lang='lat'>.</span> 
     </span>
    </p>
   </div>
  </div>
 </body>
</html>
