2524 3479
174 201 269 231 cum
300 181 478 228 triennio
520 190 615 226 ante
657 180 719 234 (⁸
744 179 762 231 )
802 179 852 222 ab
883 179 1028 223 eodem
1072 179 1238 239 Caesar3

175 244 253 288 fuit
294 241 520 297 appellatus
553 271 563 281 .
609 237 791 293 Imperio
837 236 1013 292 suscepto
1039 269 1052 292 ,
1097 254 1210 282 curas

174 299 296 344 verrit
338 298 385 341 ad
437 296 592 341 bellurn
641 293 827 338 adversus
872 294 1004 337 Persas
1035 328 1047 349 ,
1094 298 1212 339 Van-

172 356 280 399 dalos
311 388 322 409 ,
356 355 518 398 Gothos
541 385 554 406 ,
585 351 737 395 oblatis
785 350 853 394 fibi
886 351 1053 396 ducibus
1087 354 1215 397 maxi—

171 427 238 456 me
272 412 440 456 strenuis
463 443 476 465 ,
511 409 701 454 Belisario
737 407 918 462 scilicet,
950 422 1069 466 atque
1106 413 1215 454 Nar-

171 469 285 514 sete:
331 484 506 525 quorum
540 467 690 511 virtute
733 466 878 509 cuncta
926 466 994 509 sibi
1029 470 1213 522 prospere

169 526 367 570 cesserunt
388 558 397 569 .
430 525 641 582 Siquidem
681 523 813 567 Persas
846 525 1059 579 coercuit,
1094 527 1213 569 Van-

170 583 282 627 dalos
313 600 360 627 ex
396 583 538 627 Africa
567 581 685 634 ejecit
711 597 723 634 3
768 583 949 624 Hunnos
981 582 1211 627 Thraciam

170 642 370 684 vastantes
401 654 585 685 extrema
618 639 728 683 clade
749 639 910 693 affecit,
946 638 1098 696 subegit
1128 645 1214 684 (jo-

170 698 288 751 thos;
329 698 574 753 Italiamque
606 714 627 740 a
660 696 804 740 Totila
837 698 948 739 varia
981 696 1023 740 ὃς
1055 701 1211 754 impro-

171 756 219 799 ba
252 755 471 799 laceratam
505 754 820 808 dominatione,
856 755 1038 809 recepit.

304 814 343 855 C
406 816 443 855 A
510 813 537 855 P
600 814 641 853 U
704 813 748 853 T
867 813 1078 855 CXXA‘I.

380 882 390 901 ¹
415 872 480 913 De
507 870 652 913 Codice
676 868 950 922 justinianeo.

261 926 484 982 Riucipem
518 927 543 969 si
579 943 661 969 non
687 930 925 980 optimum,
959 940 998 970 at
1026 939 1133 970 certe
1159 927 1199 969 vi

288 984 604 1040 gilantiffimum
638 996 699 1026 tot
728 983 932 1026 bellorum
971 1000 1076 1028 curae
1104 1002 1124 1027 a
1147 1000 1214 1039 pa-

169 1041 226 1085 cis
269 1042 421 1084 artibus
468 1040 644 1083 minime
677 1043 905 1083 avocabant
946 1073 954 1083 .
1005 1043 1213 1097 Siquidem

169 1098 265 1141 dum
297 1098 517 1152 imperium
547 1099 595 1139 ab
626 1097 802 1140 hostibus
830 1098 1018 1141 liberaret
1047 1115 1058 1152 3
1111 1100 1216 1154 leges

171 1157 299 1199 etiam
344 1156 393 1198 ab
424 1154 668 1198 oblcuritate
703 1156 849 1197 studuit
879 1157 1033 1210 eripere
1065 1188 1077 1208 ‚
1129 1158 1213 1211 ipio

172 1213 295 1256 initio
332 1212 503 1267 Imperii
541 1212 594 1254 sui
625 1244 636 1263 ,
671 1210 824 1254 scilicet
857 1228 969 1255 anno
1004 1214 1175 1256 secundo
1202 1244 1213 1264 ,

171 1286 193 1313 a
244 1271 409 1313 christo
456 1282 553 1312 nato
600 1270 861 1311 mcxviii.
907 1282 1028 1324 atque
1071 1270 1119 1311 aci
1152 1284 1217 1312 eas
1271 1257 1366 1314 L

171 1326 478 1383 componendas
513 1357 526 1371 2
577 1326 701 1379 inque
735 1324 966 1368 faciliorem
994 1357 1006 1378 ,
1051 1325 1096 1368 δε
1128 1326 1214 1368 bre-

169 1385 330 1427 viorem
363 1383 549 1425 ordinem
585 1383 819 1438 digerendus
840 1414 852 1433 ,
888 1381 996 1424 miro
1029 1384 1171 1425 ardore
1204 1414 1216 1433 ,

170 1442 205 1484 se
237 1440 414 1483 contulit
445 1468 454 1477 -
489 1440 624 1482 Prima
656 1456 750 1482 cura
784 1439 861 1482 fuit
900 1471 912 1493 ,
964 1439 1216 1495 superiorum

169 1501 473 1554 Imperatorum
500 1497 692 1552 colligere
719 1497 1028 1540 constitutiones
1057 1530 1069 1551 ,
1119 1513 1219 1553 quas

170 1569 290 1599 antea
326 1562 478 1611 vagas,
512 1568 630 1610 atque
665 1554 849 1597 confusas
884 1587 896 1606 ,
942 1555 1103 1610 privato
1138 1556 1219 1598 stu-

171 1615 269 1667 dio,
308 1612 499 1667 nullaque
524 1612 763 1655 auctoritate
793 1612 952 1667 publica
980 1644 992 1666 ,
1025 1612 1068 1654 in
1101 1628 1213 1667 pecu-

174 1671 319 1714 liarem
361 1670 561 1712 Codicem
591 1668 822 1721 conjecerat
846 1670 1074 1725 Gregorius
1106 1685 1218 1712 anno

173 1728 328 1771 Christi
353 1728 511 1770 CCLX
527 1729 622 1769 ³:11.
656 1727 778 1770 initio
811 1728 929 1769 duPto
964 1729 1012 1770 ab
1039 1728 1219 1770 Adriano

176 1786 296 1842 usque
324 1786 371 1828 ad
400 1784 673 1828 Valerianum
696 1818 708 1837 ,
730 1785 782 1827 ·&
808 1784 1052 1828 Gallienum
1077 1818 1085 1827 .
1120 1788 1217 1827 Un-

174 1844 222 1886 de
283 1842 562 1898 Gregorianus
623 1843 766 1886 Codex
818 1842 896 1885 suit
946 1842 1173 1897 appellatus
1210 1874 1218 1885 .

174 1903 300 1945 Hunc
332 1900 493 1950 excepit
527 1900 888 1956 Hermogenianus
924 1901 1066 1944 Codex
1092 1932 1104 1954 ,
1150 1917 1221 1945 cu-

175 1957 235 2010 jus
262 1957 400 2000 auelor
426 1958 787 2014 Hermogenianus
812 1990 823 2011 ,
857 1958 924 2013 qui
961 1958 1217 2013 sequentium

179 2017 482 2070 Imperatorum
515 2046 526 2067 ‚
559 2017 678 2071 ulque
712 2018 759 2059 ad
792 2016 1086 2058 Constantium
1119 2032 1226 2059 con-

180 2145 291 2154 ---

1088 2145 1229 2157 ...u—o

226 2173 309 2213 (⁸)
361 2176 432 2206 Iino
456 2173 571 2205 eodem
607 2174 702 2215 plane
736 2182 911 2216 tempore,
953 2185 1019 2218 quo
1059 2175 1097 2206 ad
1125 2176 1225 2217 impe-

184 2219 272 2251 rium
288 2217 444 2250 envestus
458 2220 513 2256 est,
527 2218 694 2259 calendis,
712 2228 803 2262 puta,
824 2220 996 2261 Aprilibus
1013 2223 1050 2252 A.
1069 2223 1226 2254 DXXVI-

189 2264 258 2306 Qui
283 2262 373 2296 enim
401 2263 479 2295 vivo
504 2263 728 2306 praedeceffore
757 2264 939 2301 Maiestatis
970 2267 1113 2299 Aufiustae
1140 2266 1224 2299 here-

183 2308 238 2341 des
272 2307 481 2350 appellantur
493 2330 505 2348 ‚
535 2309 674 2343 Caesares
690 2308 844 2342 dicuntur
859 2333 866 2342 .
896 2312 933 2343 ld
948 2319 1058 2343 autem
1075 2311 1228 2351 Justinia-

193 2364 237 2386 no
261 2352 358 2386 dietis
395 2352 529 2386 demum
571 2355 728 2387 Calendis
769 2355 934 2399 contigit.
976 2365 1011 2388 ut
1039 2357 1162 2388 constat
1189 2370 1228 2390 ex

190 2399 340 2441 Procopii
370 2400 440 2431 Arc.
462 2397 543 2439 Hiss.
572 2406 605 2442 p.
624 2409 677 2439 45.
704 2411 723 2432 a
748 2400 866 2443 quibus
902 2412 1006 2433 annos
1031 2412 1158 2443 quoque
1185 2404 1231 2436 irn

193 2445 276 2486 perii
303 2444 349 2476 sui
375 2445 559 2484 computari
586 2447 658 2478 vult
684 2447 886 2488 justinianus
912 2448 947 2478 in
974 2449 1055 2479 Νιιυ
1083 2457 1136 2486 47.
1154 2459 1178 2479 c.
1204 2459 1229 2479 1.

193 2491 221 2532 ᾗ.
249 2499 274 2520 1.
307 2492 346 2521 ln
373 2489 638 2530 reprehendtnclo
662 2502 700 2524 eo
726 2491 873 2524 modicus
897 2492 941 2523 est
965 2490 1137 2530 Gravina,
1168 2493 1234 2525 uti—

192 2544 255 2577 que
282 2533 302 2565 si
329 2543 538 2574 comparetur
564 2535 636 2568 aliis
661 2534 731 2574 eius
757 2536 1058 2572 obtrectatoribus.
1086 2537 1141 2579 qui
1169 2538 1227 2569 im-

192 2578 335 2611 ma'niter
363 2578 554 2611 debacchari
580 2581 684 2614 solent
710 2582 744 2613 in
770 2582 965 2614 memoriam
979 2582 1143 2623 Principis
1158 2587 1224 2616 Ma-

191 2624 275 2657 ximi
291 2646 299 2656 .
328 2623 573 2659 Induleendum
600 2634 756 2667 praeterea
781 2626 869 2669 aliqu
885 2626 903 2658 d
931 2626 1036 2660 studio
1059 2629 1139 2659 aulae
1168 2630 1231 2658 Ro-

193 2680 296 2702 manae
312 2691 321 2707 ‚
349 2669 400 2701 cui
426 2668 551 2711 semper
577 2670 698 2703 invisus
724 2672 923 2713 justinianus
949 2673 1015 2704 luit
1030 2679 1164 2713 propter
1179 2672 1228 2705 su-

195 2714 320 2755 sceptas
347 2722 454 2757 partes
480 2714 605 2748 haerefis
632 2716 871 2756 eutychianae,
913 2718 941 2749 &
970 2718 1054 2749 male
1081 2716 1233 2751 habitum

197 2761 318 2791 Pa2am
358 2760 518 2802 Vigilium
537 2783 545 2791 .
588 2765 704 2804 Neque
741 2770 854 2794 tamen
880 2762 1062 2804 Justiniano
1089 2763 1232 2795 Gravina

199 2802 327 2837 invidet
353 2805 493 2847 gloriam
522 2816 631 2838 rerum
656 2805 836 2839 felieiffime
864 2809 1050 2851 gestarum,
1078 2818 1139 2849 qua
1167 2809 1233 2850 ple-

198 2847 311 2889 rosque
338 2860 412 2883 ante
441 2851 470 2882 ἃ
499 2853 566 2893 post
590 2853 619 2884 se
645 2852 812 2894 Principes
839 2855 946 2891 vicit,
975 2854 1026 2886 sed
1052 2854 1231 2895 exprobrat

196 2893 368 2941 arsat-itiam
385 2916 395 2932 ,
435 2895 644 2937 reprehendit
691 2897 894 2930 mutationes
921 2900 1027 2942 legum
1046 2921 1056 2937 ‚
1084 2908 1231 2931 contem—

196 2944 246 2984 nit
272 2947 408 2986 uxorem
424 2962 434 2978 ,
463 2943 635 2974 mulierem
661 2943 821 2976 scenicam
840 2964 850 2981 ,
880 2944 914 2976 in
937 2945 1057 2988 quibus
1081 2945 1235 2977 omnibus

198 2991 268 3018 iure
296 2984 472 3023 vituperari
500 2995 629 3026 poterat
654 2988 876 3026 justinianus.

239 3024 323 3065 (a)
370 3030 410 3059 In
434 3027 503 3066 ejus
527 3032 699 3072 capitular.
729 3032 1023 3075 From-lastiniam.
1063 3041 1094 3078 p.
1113 3044 1187 3076 337.

240 3072 260 3110 (
276 3070 294 3102 b
308 3071 326 3108 )
374 3073 409 3102 L.
431 3084 456 3103 1.
489 3076 561 3107 Cori.
579 3076 716 3117 deyuss.
749 3080 823 3111 Cod.
838 3079 982 3120 confirm·

1271 106 1706 163 IVILIS.·
2231 134 2296 183 7t

1261 181 1486 228 stitutiones
1517 183 1685 240 collegit
1706 215 1716 226 .
1750 182 1979 229 Postremus
2008 186 2187 239 procedit
2221 191 2308 232 co-

1262 240 1336 284 dex
1369 242 1680 286 Theodosianus
1713 258 1723 283 ε
1759 241 1802 284 in
1834 259 1957 299 quern
1992 245 2214 289 Theodosii
2247 247 2309 299 ju-

1263 299 1387 342 nioris
1441 299 1539 351 jussu
1597 299 1906 343 constitutiones
1960 303 2263 356 Imperatorum
2300 337 2313 359 ,

1265 357 1385 411 usque
1417 356 1465 398 ad
1500 357 1730 412 Imperium
1764 356 1883 412 ipsius
1905 357 2129 402 Theodosii
2160 377 2315 417 conge-

1263 413 1325 455 stae
1370 412 1536 456 fuerunt
1574 445 1584 454 .
1647 414 1729 456 Cui
1780 430 1977 471 magnam
2028 417 2317 461 auffloritatem

1265 471 1462 514 tribuerat
1498 469 1688 514 Alaricus
1719 471 1960 516 Gothorum
1995 476 2084 517 Rex
2115 506 2128 527 ,
2171 476 2212 518 ἃ
2247 492 2323 530 po-

1263 527 1340 571 stea
1374 528 1518 570 tribuit
1551 526 1728 570 Carolus
1760 529 1944 585 Magnus
1977 561 1986 572 .
2019 533 2036 583 (
2068 550 2094 573 a
2128 535 2144 583 >
2191 534 2320 575 Nunc

1263 598 1400 628 autem
1455 584 1749 641 qualiscunque
1798 588 1998 642 temporis
2049 587 2197 640 injuria
2259 589 2326 632 su-

1266 643 1389 697 perest
1424 674 1434 695 ,
1484 657 1568 685 non
1603 657 1688 686 tam
1725 642 1772 686 ad
1804 643 2027 696 jubendum
2055 678 2067 699 ,
2113 662 2236 701 quam
2270 645 2320 690 ad

1265 700 1563 752 justinianeum
1614 700 1816 744 Codicem
1854 703 2146 758 explicandum
2196 705 2319 747 habet

1264 758 1552 801 au&oritateni
1583 790 1591 799 .
1625 758 1710 809 (b)
1735 760 1801 801 Ex
1830 760 1891 803 his
1923 760 2150 804 Codicibus
2175 793 2186 815 ,
2219 761 2327 804 aliis-

1265 831 1341 871 que
1384 816 1743 858 constitutionibus
1789 818 1920 870 postea
1953 818 2110 862 exortis
2145 848 2155 866 ‚
2201 818 2326 869 Justi·

1268 873 1413 915 nianus
1459 873 1661 915 Codicem
1695 872 1876 918 confecit
1912 875 2024 918 suum
2055 907 2067 927 ,
2116 875 2323 930 ediditque

1266 946 1379 973 anno
1412 931 1581 984 Imperii
1613 929 1667 972 sui
1697 931 1817 975 tertio
1846 963 1859 986 ,
1892 948 1979 987 quae
2006 933 2138 988 prima
2159 933 2326 976 Codicis

1267 989 1393 1030 eslitio
1440 989 1632 1042 praecellit
1678 1003 1825 1033 omnes
1866 990 1968 1033 alios
2012 990 2110 1043 juris
2156 990 2281 1034 libros
2309 1020 2324 1044 ,

1269 1061 1368 1101 quos
1404 1045 1520 1087 nobis
1555 1044 1748 1100 reliquit.

1411 1102 1451 1144 C
1512 1105 1551 1144 A
1615 1103 1644 1144 P
1707 1105 1750 1145 U
1813 1105 1856 1146 T
1946 1106 2181 1150 CXXXII.

1636 1160 1703 1203 De
1745 1160 1926 1217 Digestis·
1947 1194 1957 1206 .

1274 1213 1366 1255 f*
1388 1217 1476 1256 Um
1543 1227 1684 1257 autem
1751 1233 1944 1261 veterum
2013 1218 2333 1271 Jurisconsulto-

1408 1287 1499 1313 rum
1551 1271 1767 1316 volumina
1818 1291 1914 1318 eum
1964 1277 2012 1318 ad
2054 1292 2275 1320 numerum
2310 1307 2323 1330 ,

1271 1327 1314 1369 ἃ
1349 1327 1504 1370 molem
1538 1329 1875 1385 adscendillent',
1920 1345 1964 1374 ut
2008 1333 2328 1377 adolescentium

1271 1384 1442 1427 studium
1477 1416 1490 1439 ,
1521 1385 1563 1428 <Sc
1603 1385 1837 1431 industriam
1864 1403 2139 1444 exuperarent
2169 1423 2180 1444 ,
2225 1389 2329 1442 jam-

1271 1457 1346 1497 que
1395 1442 1474 1486 duo
1517 1442 1652 1485 millia
1687 1443 1886 1489 librorum
1921 1446 2128 1497 juventuti
2163 1446 2328 1503 pervol-

1274 1499 1402 1541 venda
1451 1499 1707 1544 traderentur
1750 1534 1761 1555 ,
1824 1503 1868 1546 a&
1919 1506 2138 1548 trecenties
2186 1506 2326 1549 decem

1273 1556 1406 1599 millia
1438 1557 1625 1600 versuum
1662 1589 1673 1610 ,
1724 1560 1803 1611 (c)
1853 1560 1932 1604 sive
1983 1562 2280 1606 sententiarum
2315 1594 2327 1616 ‚

1271 1616 1376 1666 (¹⁶¹⁵)
1409 1627 1451 1657 ut
1484 1614 1763 1659 Gothofredus
1795 1616 1934 1668 junior
1963 1619 2135 1675 exponit
2167 1635 2179 1672 3
2227 1618 2331 1675 quo-

1274 1687 1361 1714 rurn
1427 1671 1546 1715 lefflo
1620 1686 1786 1728 propter
1849 1675 2052 1720 summam
2116 1677 2326 1720 dierorum

1273 1729 1562 1773 aufi‘toritatem
1624 1731 1872 1787 negligenda
1930 1749 2014 1777 non
2080 1747 2167 1777 erat
2195 1750 2206 1788 3
2255 1735 2327 1786 ju-

1273 1787 1468 1829 stinianus
1500 1818 1512 1839 ,
1563 1799 1607 1830 ut
1653 1787 1863 1839 juventuti
1910 1790 1989 1835 hoc
2035 1807 2138 1835 onus
2169 1791 2329 1834 alleva-

1275 1858 1335 1888 ret
1369 1860 1380 1897 ς
1431 1844 1633 1900 studiaque
1677 1862 1698 1888 a
1733 1847 1847 1890 rebus
1879 1847 2100 1904 aliquando
2137 1849 2330 1903 superva-

1275 1903 1358 1946 cuis
1390 1902 1431 1945 ὃς
1451 1902 1638 1945 obsoletis
1661 1935 1672 1956 ,
1706 1903 1749 1946 in
1783 1903 1832 1947 iis
1860 1903 1971 1949 libris
1997 1906 2324 1959 occurrentibus,

1276 1961 1323 2003 ad
1358 1959 1437 2002 sola
1470 1959 1682 2003 necessaria
1715 1961 1979 2017 traduceret3
2012 1980 2123 2007 auno
2157 1963 2321 2020 imperii

1278 2017 1331 2060 sui
1364 2028 1507 2074 quarto
1529 2049 1541 2070 ,
1572 2018 1835 2062 Triboniano
1862 2051 1875 2075 ‚
1908 2022 1977 2077 qui
2010 2021 2196 2065 doetrina
2223 2052 2236 2074 ,
2279 2021 2325 2084 {Sc

2194 2089 2325 2134 gratia

1279 2146 1842 2161 ——--———-——--——·,

2024 2146 2026 2148 ’
2072 2149 2326 2163 Ψ--ὑ-..Ἀ

1324 2179 1390 2217 (⁴²³⁸
1407 2188 1414 2211 l
1466 2176 1533 2209 Alii
1548 2177 1649 2211 lineas
1665 2180 1793 2211 malunt
1810 2202 1818 2211 .
1847 2177 1928 2213 Vide
1943 2181 2141 2223 Schultingii
2159 2183 2327 2214 Enarrat.

1282 2223 1383 2254 Panei-
1402 2224 1436 2253 ἐπ
1454 2225 1581 2265 Proleg.
1620 2226 1648 2267 ᾗ.
1665 2235 1696 2262 4.
1741 2223 1843 2260 Cuius
1869 2227 1997 2268 generis
2035 2226 2162 2259 versum
2188 2233 2324 2258 centum

1279 2278 1358 2309 pene
1383 2268 1621 2311 quinquaginta
1647 2269 1753 2302 millia
1782 2270 1950 2304 Pandeftis
1975 2271 2139 2304 contineri
2167 2270 2325 2312 Justinia-

1280 2323 1338 2345 nus
1380 2314 1428 2345 ait
1467 2316 1502 2345 in·
1530 2311 1634 2354 Confi.
1666 2315 1703 2347 de
1737 2316 1820 2358 conf.
1852 2318 1935 2358 Dig.
1964 2317 2006 2349 ad
2031 2318 2110 2349 sen.
2151 2316 2190 2349 (θ’
2219 2325 2326 2348 omnes

1278 2366 1349 2399 pop.
1378 2361 1421 2390 Et
1451 2358 1527 2391 satis
1553 2358 1718 2393 credimus
1745 2361 1892 2394 Antonio
1907 2362 2030 2395 Contio
2048 2384 2058 2397 ,
2086 2361 2172 2393 LeH.
2191 2359 2325 2399 Subcis.

1278 2406 1301 2435 l.
1321 2406 1349 2434 Ι.
1380 2414 1403 2434 c.
1422 2406 1452 2435 8.
1489 2403 1651 2438 subdustzs
1691 2405 1827 2438 calculis
1870 2406 1975 2439 fauste
2001 2405 2207 2445 affirmanti,
2235 2404 2322 2447 posse

1281 2449 1309 2479 8(
1337 2447 1434 2480 hodie
1459 2449 1597 2482 totidem
1624 2450 1724 2483 lineis
1763 2450 1933 2485 Pandeftis
1973 2451 2163 2491 contineri,
2201 2450 2224 2483 si
2249 2449 2322 2492 quis

1279 2493 1325 2525 eis
1352 2496 1430 2532 693.
1459 2495 1595 2535 paginas
1620 2495 1788 2534 destinet,
1829 2496 1969 2540 singulas
1995 2496 2127 2538 paginas
2167 2495 2201 2528 in
2239 2494 2322 2527 duas

1279 2540 1450 2570 columnas
1501 2538 1630 2572 dividat
1672 2541 1702 2572 &
1758 2540 1791 2572 in
1832 2540 1968 2584 singulis
2005 2540 2170 2574 columnis
2195 2550 2248 2577 40.
2284 2538 2324 2572 li-

1282 2594 1355 2615 neas
1381 2583 1498 2615 scribat
1529 2607 1538 2615 .
1578 2585 1685 2618 Verba
1728 2585 1876 2619 Svetonii
1918 2588 1954 2618 in
1994 2585 2139 2628 Augusto
2179 2592 2249 2628 cap.
2266 2587 2323 2623 87.

1283 2629 1415 2660 Notavi
1439 2628 1474 2660 in
1499 2629 1706 2672 chirographo
1730 2628 1799 2668 eius
1826 2632 1890 2664 illa
1915 2633 2092 2674 praecipue,
2119 2642 2181 2663 mm
2213 2628 2325 2662 dividi

1282 2673 1378 2705 verba
1396 2695 1406 2711 ,
1433 2684 1489 2705 nec
1513 2673 1554 2705 ab
1579 2684 1721 2707 extrema
1745 2684 1837 2717 parte
1862 2678 2012 2717 versuum
2036 2675 2240 2709 abundantes
2264 2675 2327 2706 lit-

1283 2728 1365 2750 teras
1390 2719 1425 2750 in
1449 2721 1587 2751 alterum
1616 2721 1774 2763 transfere
1792 2743 1803 2760 ,
1825 2722 1884 2763 sed
1907 2720 2027 2755 ibidem
2048 2720 2162 2761 statim
2185 2718 2324 2761 subjicit

1283 2764 1579 2807 circumducitque3
1629 2765 1713 2797 nibil
1742 2766 1829 2798 aliud
1870 2765 2044 2805 indicant,
2084 2777 2184 2809 quam
2212 2767 2325 2807 Augu-

1283 2811 1363 2841 stum
1384 2832 1394 2846 ,
1419 2808 1517 2841 aliter
1541 2820 1577 2842 ac
1607 2811 1721 2853 reliqui
1748 2811 1894 2844 solebant
1910 2836 1921 2851 ,
1962 2813 1992 2845 ὃ(
2019 2823 2105 2845 nunc
2130 2812 2239 2844 solent
2264 2810 2324 2842 ho-

1282 2853 1413 2890 mines,
1441 2855 1551 2887 literas
1577 2866 1696 2889 vocum
1724 2857 1942 2899 prolixiorum
1963 2880 1974 2897 ‚
2011 2868 2081 2900 qux
2121 2857 2155 2889 in
2193 2854 2324 2888 versum

1282 2900 1353 2941 cogi
1381 2910 1447 2931 non
1477 2909 1652 2941 poterant,
1682 2912 1746 2933 non
1771 2901 1803 2933 in
1830 2903 1976 2945 sequenti
2018 2903 2106 2935 linea
2134 2900 2294 2944 reperiisse
2311 2921 2322 2938 2

1283 2944 1335 2976 sed
1361 2944 1568 2986 subscripsisse
1598 2957 1688 2978 more
1718 2950 1891 2980 Poetarum
1907 2970 1915 2979 .
1943 2948 2106 2980 Dicuntur
2120 2955 2229 2979 autem
2248 2954 2318 2976 ver-

1282 2990 1332 3021 sus
1351 3000 1422 3021 vnon
1462 3000 1479 3020 a
1506 2991 1665 3023 vertendo
1690 2992 1787 3030 stilo,
1829 2993 1915 3025 hunc
1940 2994 2028 3025 enirn
2055 2991 2317 3037 nonyertebant

1286 3034 1342 3067 nili
1369 3035 1532 3077 deleturi,
1561 3036 1612 3068 sed
1636 3039 1736 3078 quia,
1764 3037 1798 3069 in
1823 3038 1940 3079 primis
1966 3038 1987 3070 fi
2005 3039 2039 3070 in
2053 3048 2127 3071 cera
2144 3036 2318 3071 scribatur,

1285 3079 1407 3112 suffcurn
1433 3080 1586 3114 imitatur
1607 3104 1618 3122 ,
1660 3092 1725 3124 quo
1764 3081 1805 3114 ad
1832 3083 1931 3116 finem
1959 3082 2115 3126 perduno
2144 3103 2156 3122 ‚
2197 3080 2327 3119 iumen-

243 3119 260 3153 (
274 3115 321 3153 c)
370 3118 406 3148 L·
425 3128 452 3148 2-
469 3119 497 3159 §.
515 3121 623 3154 omnia
636 3122 743 3165 igitur
763 3125 819 3157 ιλ.
835 3133 864 3156 2.
880 3124 913 3165 §.
936 3135 963 3158 ι.
981 3127 1015 3158 C.
1032 3125 1069 3158 de
1085 3134 1151 3158 vce.
1169 3122 1233 3163 jur·
1286 3133 1358 3158 tum
1384 3125 1526 3159 vertitur
1546 3148 1554 3157 .

194 3161 297 3194 enucl.
