2596 3479
310 73 434 145 (342

314 155 385 176 ¹„le
432 162 516 188 ¹⁸12*

955 50 1097 103 DE
1179 10 1780 121 LEGIBUS,

433 133 518 164 ΝΠ
554 127 750 181 iudici-sm
787 123 898 170 Ruti
932 140 978 167 ex
1017 124 1099 178 ἱεῖς
1138 122 1306 176 Aquilia
1343 155 1355 174 ‚
1404 140 1526 179 quam
1567 143 1588 168 a
1623 127 1749 171 latore
1783 125 1888 180 Caio
1907 129 2120 174 Memmio
2143 134 2335 179 Tribuno
2362 138 2446 192 ple.

310 206 436 235 etmm
471 203 637 232 mortuo
669 203 717 230 eo
746 217 757 239 ,
810 185 852 248 in
884 197 1007 237 quem
1042 180 1225 247 plagium
1273 179 1351 222 fuit
1404 183 1461 224 bis
1493 183 1684 239 Scipione
1719 185 1867 230 Nasica
1911 219 1924 241 ,
1976 188 2021 231 L.
2063 188 2193 234 Bestia
2222 192 2441 241 Calfurnio

307 247 572 295 commissum
598 276 608 288 .
641 247 705 297 (a)
738 245 819 296 Qui
853 255 948 283 vero
983 255 1056 294 pro
1088 238 1221 280 bahza
1256 239 1346 279 Fla·
1401 238 1510 282 Coss.
1563 257 1674 285 anno
1717 243 1971 288 DCXLIII.
2028 247 2134 302 quod
2184 252 2439 306 excogitavit

307 310 419 352 virm
455 314 694 358 „mg-dmm
729 333 740 354 ‚
787 298 919 363 palam
956 296 1342 359 redarguunturer-
1402 299 1714 343 Hottomannus
1737 332 1748 353 ,
1794 318 1860 358 qui
1894 302 1938 345 ὅ(
1970 303 2045 348 hoc
2078 320 2153 359 pro
2186 306 2302 358 hujus
2336 309 2436 366 legis

305 370 408 410 mm
456 385 474 406 a
524 365 574 404 C.
609 358 897 402 Theodosiano
928 355 970 398 8<
1004 372 1024 396 a
1061 356 1121 396 M.
1156 353 1302 395 Tullio
1335 386 1347 406 ‚
1399 357 1529 410 capite
1561 357 1711 400 affert:
1759 374 1808 402 ne
1843 359 1994 404 scilicet
2026 377 2166 405 eorum
2206 395 2218 414 ‚
2263 365 2332 420 qui
2366 369 2438 410 ab-

305 425 376 481 qui
413 424 458 466 hi

307 499 364 525 ΥΙΟ
403 513 411 522 .

298 538 497 594 fugitivis
528 534 567 575 S.
588 533 638 574 C.
666 546 715 574 ne
747 528 913 586 fugitivi
940 529 1212 570 admittantur
1237 543 1258 568 a
1279 542 1341 569 ru-

307 597 410 640 sticis
443 593 486 635 in
524 591 642 633 saltus
669 620 681 642 ,
714 601 784 630 aut
816 599 1100 641 proteganturt
1135 583 1177 625 ἃ
1211 597 1252 626 ut
1278 583 1339 625 in-

306 665 368 695 tra
411 648 560 706 viginti
606 647 688 689 dies
731 643 913 686 dominis
957 642 1174 685 reddantur
1211 673 1224 694 ,
1272 652 1343 682 aut

305 708 408 765 apud
455 704 708 762 magistratus
749 700 1058 752 exhibeamur,
1106 713 1187 753 quo
1219 713 1342 753 poena

304 766 483 811 evitetur
508 796 518 807 .
552 764 660 805 Item
697 771 739 802 ut
774 758 893 801 liceat
926 755 1087 809 militi,
1121 754 1185 798 vel
1214 771 1339 810 paga-

303 841 358 868 no
391 822 585 877 fugitivos
619 815 858 872 investigare
885 846 898 868 ,
941 815 1065 857 etiam
1110 814 1151 856 in
1184 814 1340 868 praediis

302 883 549 925 Senatorum
585 908 597 927 ,
628 887 697 918 aut
729 887 981 928 paganorum
1009 903 1017 913 .
1063 870 1264 914 Additum
1295 870 1339 913 &

300 940 340 982 S.
374 939 426 980 C:
461 933 646 978 Modesto
678 932 773 974 Cos.
805 930 940 983 facio,
972 940 1016 972 ut
1047 927 1244 983 fugitivos
1275 926 1337 970 in-

304 996 468 1052 quirere
519 989 749 1034 volentibus
798 987 925 1030 literae
973 985 1021 1028 ad
1074 985 1338 1040 Magistratus

301 1054 449 1096 dentur
470 1081 480 1091 .
529 1050 579 1091 In
610 1061 711 1104 quos
742 1045 1005 1101 Magistratus
1037 1042 1169 1086 multa
1201 1042 1335 1085 statui-

300 1122 367 1154 tur
405 1141 417 1163 ‚
465 1107 491 1150 fi
523 1106 652 1149 literis
683 1104 859 1159 acceptis
890 1100 1091 1145 auxilium
1126 1100 1238 1143 suum
1271 1099 1332 1142 in-

302 1165 559 1224 quirentibus
590 1160 828 1217 denegarint
863 1175 876 1212 3
919 1173 1120 1214 poenaque
1154 1157 1334 1212 imponi-

298 1237 364 1268 tur
395 1224 439 1267 &
470 1221 533 1266 illi
560 1253 572 1275 ‚
603 1219 673 1277 qui
704 1218 809 1274 apud
843 1216 875 1260 se
909 1215 1029 1272 quaeri
1065 1214 1333 1270 prohibuerit.

458 1338 499 1380 C
559 1336 600 1379 A
660 1334 691 1377 P
749 1333 793 1372 U
853 1333 896 1373 T
985 1330 1158 1372 CVIII.

324 1456 389 1499 De
419 1452 518 1509 Lege
536 1449 751 1499 Remmia,
783 1445 998 1497 Petronia,
1031 1442 1086 1487 (9'
1114 1443 1303 1498 Senatus:-

573 1506 741 1560 consulto
771 1502 1024 1559 Turpilliano
1039 1532 1049 1543 .

423 1620 611 1665 Uoniam
644 1619 752 1676 leges
775 1616 999 1663 criminum
1019 1614 1185 1660 ultrices
1205 1628 1328 1671 expo-

443 1679 618 1724 suimus:
656 1692 765 1720 nunc
796 1676 844 1720 ad
869 1674 975 1730 leges
1002 1673 1250 1716 transeamus
1270 1689 1330 1716 ra-

444 1738 602 1780 tionem
617 1734 784 1778 &viam
809 1748 953 1777 eorum
976 1730 1329 1785 ulciscendorum,

295 1806 436 1852 praeter
469 1794 577 1851 leges
609 1792 736 1844 Julias
767 1790 996 1843 judiciarias
1017 1820 1030 1844 ,
1059 1788 1286 1843 aperientes
1318 1819 1328 1830 .

293 1854 511 1908 Primaque
543 1850 735 1894 omnium
762 1880 776 1903 ‚
825 1862 998 1903 quarum
1043 1844 1250 1900 supersunt
1282 1844 1328 1887 in

296 1911 380 1964 jure
414 1909 547 1952 nostro
580 1907 747 1962 vestigia
779 1938 791 1960 ‚
824 1905 890 1949 lex
921 1902 1101 1948 occurrit
1137 1902 1329 1946 Remmia

294 1969 338 2012 &
379 1967 418 2009 S.
456 1967 508 2009 C.
551 1964 863 2018 Turpillianum
905 1979 914 2004 τ
959 1961 1104 2017 quibus
1135 1960 1283 2002 veritas
1314 1991 1328 2013 ‚

295 2025 404 2082 pulsa
447 2022 618 2066 falsitate
659 2033 778 2077 atque
823 2018 1062 2071 mendacio,
1095 2018 1139 2060 in
1169 2016 1329 2069 judiciis

295 2081 544 2126 restituitur.
579 2082 640 2122 Ac
672 2078 735 2122 lex
770 2077 935 2134 quidem
968 2074 1162 2119 Remmia
1193 2074 1323 2118 incer-

294 2141 347 2182 tis
378 2137 616 2181 nominibus
649 2136 909 2191 producitur.
944 2133 1090 2177 Menia
1116 2131 1230 2175 enim
1252 2130 1327 2174 ali-

297 2198 440 2253 quibus
471 2195 699 2251 appellatur
733 2225 746 2247 ,
795 2193 884 2235 aliis
926 2190 1135 2234 Memmia
1170 2221 1184 2244 ‚
1233 2200 1322 2233 tan-

310 2330 504 2340 ———-
526 2322 1327 2341 ——-—---——*-—>-————--———-——

335 2365 422 2403 (a)
450 2367 474 2394 L
505 2373 529 2400 3.
558 2365 574 2404 ζ»
601 2363 685 2393 illud
704 2360 736 2403 ff
756 2360 881 2391 eodem.

338 2408 392 2445 (b)
419 2411 480 2440 Pro
496 2411 571 2439 Sex.
593 2408 703 2447 Roscio
724 2410 828 2438 Aruer.

339 2453 394 2493 (c)
422 2456 456 2485 L.
479 2462 507 2490 3.
523 2451 559 2494 ff.
577 2453 613 2483 de
630 2450 696 2489 tell.
714 2454 769 2481 l.1.
788 2452 852 2491 §.2-
870 2445 907 2491 ff
924 2447 963 2481 ad
979 2447 1014 2478 s.
1037 2450 1071 2479 C.
1095 2445 1240 2487 Turpill.

342 2499 421 2539 ζ’)
447 2501 518 2529 Nec
542 2498 715 2539 quicquam
743 2496 862 2527 certius
888 2492 926 2524 de
953 2503 988 2524 ea
1007 2490 1144 2529 protulit
1163 2488 1324 2522 Henricus

296 2545 539 2574 Brencmannus
569 2545 602 2572 V.
623 2546 659 2572 A.
688 2542 722 2573 in
750 2540 834 2572 libro
861 2539 897 2570 de
928 2538 1010 2578 legis
1040 2535 1192 2569 Remmia
1211 2535 1320 2572 exitu,

297 2587 353 2629 qui
378 2587 516 2618 insertus
541 2586 583 2618 est
612 2587 760 2626 thesauro
777 2584 958 2617 Octauiano
975 2584 1067 2613 Tam.
1087 2582 1157 2613 111.
1188 2587 1304 2621 propte

296 2631 433 2664 nimiam
461 2641 537 2671 puta
564 2631 607 2663 rei
633 2630 888 2663 obscuritatem.
919 2629 967 2658 Ex
988 2637 1090 2668 poenae
1105 2634 1217 2656 tamen
1233 2634 1318 2656 acer-

295 2675 398 2708 bitate
416 2675 637 2708 verisimiliter
653 2675 782 2713 colligit
798 2696 810 2713 ‚
841 2673 942 2705 latam
957 2671 1059 2713 legem
1078 2669 1167 2702 fuiffe
1186 2668 1219 2700 in
1233 2668 1313 2710 aspe-

295 2720 340 2753 ris
358 2721 386 2752 8<
410 2719 540 2752 rudibus
557 2723 590 2751 Ρ.
611 2725 649 2754 R.
671 2720 817 2753 moribus
833 2740 843 2757 9
871 2717 905 2757 ip
922 2715 995 2757 ipsis
1015 2712 1214 2749 Reipublicae
1230 2713 1314 2746 incu⁴

296 2765 424 2799 nabulis
450 2786 458 2798 ,
488 2764 596 2805 paullo
626 2766 690 2801 post
717 2765 818 2804 legem
846 2765 926 2796 xil.
964 2759 1150 2793 tabularum
1176 2769 1194 2789 a
1220 2762 1314 2791 Rem·
1372 2769 1391 2802 p

295 2810 364 2843 rnio
387 2810 527 2844 Quodam
545 2829 553 2843 ,
581 2809 741 2841 incertum
766 2819 831 2850 quo
848 2831 857 2846 ‚
883 2805 1019 2838 forsitan
1032 2804 1184 2837 Tribuno
1203 2802 1318 2843 plebis.

294 2855 474 2888 sinentibus
500 2853 621 2891 legibus
638 2877 646 2887 ,
675 2853 889 2885 Hortensia&
906 2849 1068 2885 Horatia..
1099 2849 1129 2880 8<
1160 2847 1222 2880 hoc
1249 2848 1319 2887 ple-

295 2900 449 2933 biscitum
478 2898 555 2936 lezis
580 2897 613 2928 vi
640 2898 670 2928 8<
697 2897 853 2938 potestate
881 2895 1001 2927 censeri
1029 2916 1037 2924 .
1066 2892 1157 2926 Idem
1183 2892 1312 2933 suspica-

295 2953 375 2978 tur,
403 2954 505 2984 poenae
531 2941 651 2974 duritie
682 2951 811 2983 poenam
838 2940 929 2971 istam
958 2938 1175 2972 interceptam
1203 2936 1289 2969 fuisse
1307 2960 1317 2976 ,

296 2998 369 3021 cum
411 2999 474 3019 non
501 2996 533 3019 te
559 2997 645 3018 mere
671 2985 802 3027 produci
827 2983 1015 3025 exemplum
1043 2982 1135 3023 possit
1159 2982 1317 3022 stigmatis

295 3032 389 3064 inusti
416 3032 511 3063 aridae
540 3033 565 3062 81
593 3030 746 3073 exsangui
772 3028 873 3062 fronti
905 3051 912 3058 .
954 3028 1146 3060 Ciceronem
1182 3036 1261 3058 vero
1285 3027 1315 3058 ἃ

296 3077 441 3109 Plinium
465 3100 473 3114 ,
521 3077 685 3117 Julianum
711 3077 742 3108 &
765 3073 981 3117 '’apinianum
996 3092 1006 3108 ,
1031 3081 1106 3103 cum
1130 3070 1169 3103 de
1193 3070 1314 3112 duplici

295 3125 326 3155 Κ
353 3120 454 3156 fronti
481 3121 609 3161 inusto,
634 3120 672 3154 de
703 3119 822 3155 frontis
848 3117 977 3163 punctis
1000 3118 1032 3151 ἃ
1058 3115 1169 3158 notis,
1194 3115 1234 3150 de
1258 3115 1315 3150 ho-

460 418 660 480 1jus⁴legis
694 413 888 477 meminit
922 413 964 455 in
997 425 1092 454 orat.
1123 423 1191 466 pro
1215 411 1345 472 Rszbi-
1398 413 1485 456 sunt
1531 414 1782 469 Reipublicae
1815 417 1928 460 causa
1954 450 1965 471 ‚
2016 419 2124 462 inter
2169 436 2255 464 reos
2300 424 2438 468 nomi-

465 481 608 521 Refert
649 475 747 516 item
784 471 989 525 Ltlpianus
1020 472 1098 533 lege
1128 481 1187 523 pr.
1214 469 1266 523 ff.
1299 469 1346 510 de
1396 486 1445 512 na
1480 472 1755 525 reciperentur
1791 505 1802 516 .

1661 530 1666 535 ι
1850 475 2010 518 Verum
2044 479 2246 521 Remmiae
2278 495 2433 525 nomen

1394 540 1558 591 'tue-ntur
1588 542 1734 573 acriter
1768 533 1975 574 Antonius
2008 534 2257 589 Augustinus
2288 568 2300 587 ,
2347 538 2436 581 Cu-

1390 601 1517 649 Jactus
1539 618 1558 652 ,ο
1595 589 1805 631 Duarenus
1836 589 1986 643 aliique
2019 590 2150 646 plures
2179 607 2189 633 τ
2240 595 2429 647 quamvis

1389 658 1506 687 enim
1549 659 1592 687 in
1625 645 1841 688 Ciceronis
1873 648 2077 689 codicibus
2111 649 2198 698 (b)
2231 651 2340 693 varie
2373 651 2432 695 le-

1389 714 1511 765 gatur
1534 732 1547 755 ‚
1581 703 1776 746 Remmia
1808 715 1948 744 tarnen
1980 706 2210 746 constanter
2243 705 2429 752 scribitur

1389 773 1432 802 in
1478 759 1684 821 Pandeffis
1727 759 1975 802 Flo-eminis
2013 791 2025 811 ‚
2075 760 2243 817 aliisque
2276 763 2428 808 codici-

1390 816 1459 858 bus
1501 816 1598 867 juris
1640 816 1772 860 civilis
1805 848 1812 857 .
1862 818 1942 868 (c)
1979 817 2167 871 Tempus
2199 818 2429 865 auciorern-

1387 889 1462 928 que
1495 886 1652 917 certum
1686 874 1802 923 hujus
1835 873 1935 930 legis
1960 905 1971 926 ,
2018 890 2148 929 neque
2195 891 2267 919 nos
2299 908 2311 929 ‚
2359 892 2433 922 ne-

1385 946 1462 985 que
1495 930 1597 974 alius
1628 931 1839 986 quisquam
1861 962 1874 984 ,
1906 930 2011 986 quod
2045 931 2165 975 sciam
2187 963 2200 985 ‚
2233 933 2423 977 invenit:

1385 989 1487 1049 (²¹²)
1519 1003 1574 1050 *ac
1621 1004 1670 1030 ne
1714 988 1802 1042 quis
1834 1002 1988 1032 nomen
2020 989 2236 1033 admittere
2270 989 2376 1034 nolit
2408 1021 2422 1045 ,

1385 1044 1578 1095 Cujacius
1611 1045 1785 1100 probat,
1818 1046 1905 1097 (d)
1937 1044 2009 1087 effe
2031 1046 2298 1100 Romanum,
2333 1063 2427 1102 pro-

1384 1100 1540 1156 fertque
1573 1103 1625 1157 Q
1662 1101 1905 1145 Remmium
1940 1101 2214 1146 Palaemonem
2249 1103 2342 1147 libri
2375 1104 2423 1148 de

1384 1159 1625 1212 ponderibus
1656 1159 1698 1202 &
1729 1163 1827 1202 artis
1859 1161 2138 1212 grammaticae
2167 1161 2420 1216 scriptorem.

1358 1215 1519 1270 iIgitur
1560 1216 1876 1259 calumniatores
1920 1229 2062 1271 praeter
2097 1232 2264 1272 poenam
2297 1217 2423 1262 talio-

1382 1273 1443 1314 nis
1472 1304 1484 1325 ,
1529 1273 1593 1316 cui
1629 1272 1940 1325 subjiciebantur
1976 1305 1989 1326 ‚
2033 1276 2195 1330 quando
2237 1274 2424 1319 deferen-

1382 1341 1438 1372 tes
1471 1345 1622 1393 nomen
1659 1331 1751 1385 rei,
1797 1332 1876 1383 (e)
1908 1345 2028 1386 quesn
2067 1331 2308 1375 accusabant
2337 1364 2349 1386 ,
2383 1331 2420 1376 se

1383 1386 1679 1448 subscribebant
1712 1386 1757 1430 in
1791 1388 1950 1430 crimen
1977 1419 1988 1439 ,
2031 1401 2076 1431 ut
2118 1404 2262 1432 eorum
2307 1387 2421 1432 dela-

1380 1455 1440 1486 tio
1484 1444 1730 1498 reciperetur
1772 1459 1795 1486 a
1841 1444 2013 1487 Praetore
2049 1446 2066 1495 (
2116 1444 2226 1496 cujus
2258 1444 2417 1488 arbitrii

1378 1512 1463 1544 erat
1495 1501 1671 1551 recipere
1696 1533 1708 1554 ‚
1740 1512 1810 1543 aut
1841 1516 1954 1552 non,
1990 1500 2033 1541 in
2065 1515 2151 1543 reos
2182 1500 2313 1544 delata
2345 1517 2426 1544 no-

1379 1557 1496 1621 mina
1528 1560 1544 1608 )
1576 1556 1674 1611 [f]
1701 1574 1711 1598 t
1757 1573 1806 1600 ex
1854 1557 1940 1612 lege
1985 1556 2183 1599 Remmia
2228 1557 2418 1601 subibant

1378 1614 1597 1658 infamiam
1629 1614 1905 1669 imprimenda
1948 1613 1990 1655 in
2026 1627 2169 1656 eorum
2202 1613 2337 1658 fronte
2369 1614 2421 1659 li-

1379 1683 1464 1715 tera
1502 1673 1557 1715 K.
1601 1672 1710 1728 (g)
1753 1673 1895 1727 anue
1927 1685 2049 1726 poena
2083 1670 2125 1713 in
2157 1685 2225 1714 eos
2257 1683 2422 1716 tantum

1378 1729 1543 1773 cadebat
1577 1761 1589 1783 ‚
1621 1728 1692 1785 qui
1725 1728 1891 1784 publico
1919 1760 1932 1782 ‚
1965 1743 2049 1771 non
2083 1728 2244 1776 privato
2276 1729 2318 1772 in
2351 1728 2414 1780 ju-

1377 1786 1483 1829 dicio
1516 1786 1772 1829 calumniam
1802 1784 2063 1828 intendissent
2100 1817 2110 1826 .
2160 1787 2177 1836 (
2203 1786 2269 1836 h)
2300 1787 2417 1830 Hinc

1379 1842 1467 1899 lege
1514 1843 1709 1887 Remmia
1752 1842 1936 1885 damnati
1987 1842 2225 1885 dicebantur
2268 1841 2418 1885 frontis

1378 1916 1463 1943 non
1494 1901 1696 1955 integrae:
1743 1900 1849 1943 unde
1897 1898 2157 1942 dubitabatur
2189 1931 2202 1953 ‚
2244 1914 2299 1942 an
2348 1915 2417 1942 eo-

1378 1973 1470 2000 rum
1511 1957 1788 2002 testimonium
1819 1955 1914 1999 esset
1950 1956 1994 1998 in
2029 1955 2180 2006 judicio
2213 1955 2417 2011 recipien-

1375 2015 1511 2070 dum,
1560 2015 1657 2071 quia
1701 2014 1726 2058 si
1770 2012 1872 2056 alius
1915 2012 2097 2054 hominis
2130 2012 2322 2067 pudendae
2354 2012 2415 2056 fa-

1378 2088 1479 2126 mae,
1512 2073 1682 2128 integrae
1712 2085 1852 2114 tamen
1886 2069 2033 2113 frontis
2065 2101 2078 2122 ,
2127 2069 2412 2113 testimonium

1377 2129 1556 2181 rejicitur
1586 2146 1599 2185 3
1643 2127 1786 2181 majori
1822 2131 1979 2171 ratione
2012 2126 2124 2169 illius
2158 2157 2171 2180 ,
2221 2127 2292 2183 qui
2338 2141 2414 2171 nec

1375 2186 1532 2231 famam
1563 2217 1574 2239 ,
1623 2202 1701 2232 nec
1754 2184 1940 2229 frontem
1989 2183 2113 2250 babet
2161 2184 2368 2239 integram
2399 2213 2412 2236 ‚

2355 2252 2417 2283 te·

1911 2317 2064 2327 ——-—-
2074 2316 2289 2330 ————-.

1375 2358 1461 2391 mine
1487 2355 1622 2398 integrae
1647 2353 1766 2387 frontis
1792 2353 1969 2395 loquuntur
1997 2374 2007 2391 ‚
2048 2350 2095 2381 ita
2122 2350 2361 2391 interpretatur
2385 2367 2397 2386 ‚

1374 2410 1409 2434 ut
1447 2399 1588 2433 alludere
1626 2409 1681 2432 eos
1707 2397 1810 2441 magis
1833 2397 1921 2429 dicat
1946 2394 1987 2427 ad
2010 2393 2214 2427 sanctionem
2241 2393 2322 2435 legis
2347 2392 2404 2428 usu

1373 2447 1503 2481 abolitae
1518 2466 1528 2483 ‚
1552 2455 1650 2487 quarn
1675 2443 1714 2476 de
1740 2444 1810 2486 lege
1834 2441 1924 2484 loqui
1950 2440 1985 2472 in
2010 2439 2078 2481 ipso
2101 2449 2210 2471 rerum
2234 2437 2326 2470 usum
2340 2437 2402 2471 ob-

1373 2492 1499 2524 tinente
1515 2510 1522 2519 ·
1549 2494 1658 2532 Quam
1673 2487 1868 2521 sententiam
1884 2484 2082 2527 Papinianus
2098 2483 2200 2524 magis
2225 2493 2325 2524 quam
2350 2492 2404 2515 re·

1374 2537 1451 2579 'liqui
1478 2545 1626 2577 premere
1647 2533 1776 2566 videtur
1789 2554 1800 2570 ‚
1824 2530 1880 2574 qui
1897 2530 2063 2573 postquam
2078 2529 2111 2560 in
2128 2530 2200 2560 LJ.
2221 2529 2284 2570 §.2.
2301 2531 2349 2560 D.
2362 2528 2407 2561 ad

1374 2584 1408 2612 s.
1427 2584 1461 2612 C.
1479 2580 1728 2619 Turpillianum
1742 2576 1872 2615 dixisset
1890 2597 1901 2611 .,
1919 2572 2218 2606 calumniatoribus
2231 2579 2323 2614 poena
2336 2573 2407 2615 lege

1379 2627 1524 2659 Remmia
1538 2625 1699 2665 irrogatur
1711 2644 1722 2661 ‚
1754 2621 1920 2662 postquam
1936 2618 2014 2651 dein
2027 2618 2216 2658 disputaffet
2229 2638 2239 2657 ‚
2260 2616 2333 2657 quis
2353 2627 2409 2649 ca.-

1371 2669 1524 2703 lumniari
1541 2667 1691 2700 videatur
1708 2675 1762 2698 aut
1779 2676 1845 2697 non
1858 2663 2008 2697 videatur
2031 2685 2041 2701 ‚
2067 2660 2198 2698 subjicit
2213 2681 2224 2699 ‚
2252 2660 2350 2698 judex
2367 2682 2376 2692 .
2392 2683 2401 2693 .

1367 2714 1393 2753 [ἰ
1425 2717 1462 2744 in
1488 2713 1636 2745 evidenti
1649 2711 1814 2744 calumnia
1828 2720 1897 2741 eum
1915 2708 2156 2750 deprehenderit
2178 2729 2190 2746 ‚
2215 2707 2402 2747 legitimam

1394 2770 1494 2791 oenam
1513 2759 1543 2789 ei
1557 2759 1679 2798 irrogat
1695 2778 1704 2787 .

1416 2809 1432 2844 ᾔ
1447 2803 1500 2842 d)
1529 2803 1580 2834 Ad
1603 2805 1625 2834 Ι.
1647 2811 1696 2840 13.
1728 2797 1767 2844 ff.
1786 2799 1824 2832 de
1838 2794 2020 2837 ustibstve
2034 2796 2076 2829 ad
2088 2793 2147 2828 lib.
2170 2805 2196 2826 1.
2225 2793 2342 2835 Papia.
2370 2794 2409 2828 de

1369 2849 1504 2882 adulter.

1412 2896 1429 2933 ζ,
1444 2893 1490 2931 ε)
1517 2894 1553 2923 L.
1571 2892 1632 2923 ult.
1651 2894 1685 2922 C.
1705 2889 1742 2921 de
1757 2886 1945 2920 calumniat.
1964 2883 2075 2921 Cuiac.
2090 2883 2172 2917 ibid.

1418 2940 1436 2979 (
1455 2939 1497 2979 fl
1527 2936 1635 2976 Sigon.
1651 2936 1688 2967 de
1701 2933 1800 2971 iudic-
1821 2931 1878 2963 lib.
1896 2941 1924 2961 2.
1942 2937 2010 2972 cap.
2029 2941 2078 2962 10.

1410 2986 1428 3022 ζ
1446 2982 1506 3024 g)
1544 2979 1614 3013 Cic.
1659 2988 1738 3010 orae.
1777 2983 1833 3018 pro
1860 2975 1952 3023 Rnsq.
1984 2978 2090 3007 Amer.
2117 2971 2201 3005 Plin.
2227 2973 2264 3006 ἰη
2287 2977 2404 3014 paneg.

1367 3030 1491 3079 Jqlian.
1544 3025 1586 3057 ad
1639 3023 1829 3055 Antiochen.
1882 3024 1993 3056 cunc.
2033 3020 2089 3051 tit.
2127 3020 2161 3050 C.
2204 3018 2243 3051 de
2281 3018 2407 3059 valuim-

1364 3082 1452 3105 mar.

1412 3116 1470 3159 (b)
1495 3112 1606 3154 Cuiac.
1625 3113 1668 3148 ad
1681 3114 1704 3148 Ι.
1727 3121 1775 3153 13.
1787 3108 1827 3156 ff.
1845 3110 1882 3145 de
1900 3105 2002 3151 restib-
