2596 3479
247 128 378 232 §itum
400 179 586 225 transiret
607 192 619 230 ς
639 183 892 227 corruptores
922 176 1142 221 puerorum
1170 173 1293 203 rneri-

250 248 299 288 tis
341 242 474 301 poenis
515 235 795 282 afficiebantur
830 244 842 281 3
888 227 974 269 imo
1008 223 1033 266 si
1067 217 1297 280 adolescens

248 303 431 347 dissolute
498 309 618 351 atque
669 292 827 342 impure
861 284 1051 333 viveret,
1098 276 1218 338 culpa
1252 290 1294 337 in

250 372 479 406 amatorem
525 348 848 396 conferebatur,
879 354 923 406 ut
976 346 1122 404 poenas·
1167 334 1293 377 alieni

253 418 344 463 vitii
379 414 549 472 pendere
583 417 827 461 cogeretur3
860 411 1025 462 virtutis
1058 409 1180 457 enlm·
1209 405 1292 453 non

253 476 433 521 libidinis
468 482 619 512 nexum
655 462 876 505 voluerunt
911 459 987 521 elle
1022 448 1293 509 pulchritudi-

254 549 375 578 nem.
411 532 511 583 Quae
544 522 727 567 instituta
764 517 876 560 Plato
899 531 951 578 ‘in
988 513 1097 575 suam
1118 507 1290 571 transtu—

254 592 301 636 lit
335 583 660 642 rempublicam,
693 576 864 631 indeque
898 588 942 615 in
966 572 1148 613 Stoicam
1179 564 1291 626 disci>

255 650 411 705 plinam
457 637 705 686 concessere.
738 633 863 674 Unde
906 645 988 672 non
1022 626 1125 683 apud
1161 621 1293 678 philo-

256 705 398 760 sophos
442 699 563 743 modo
609 706 742 748 turpes
774 688 1056 738 habebantur,
1101 682 1161 726 sed
1194 677 1297 734 apud

257 749 565 807 lacedaemones
609 765 694 795 tota
726 749 810 792 vita
843 744 1021 788 infames
1055 739 1294 805 reputaban-

257 836 324 864 tur
351 852 361 873 ‚
405 816 473 874 qui
520 814 570 856 ab
601 823 741 854 amore
794 802 1114 860 pulchritudinis
1146 796 1195 840 ad
1225 793 1298 836 ob-

258 879 381 922 scaena
429 868 618 917 desideria
660 865 974 914 dilaberentur3
1006 869 1149 913 utpote
1181 867 1288 896 ama-

255 934 364 980 'rores
396 929 604 986 corporis,
639 940 721 968 non
754 920 926 973 animae,
961 931 1048 973 quae
1081 915 1123 958 ὃς
1155 925 1297 966 corpo·

260 994 293 1037 ri
329 985 681 1049 pulchritudinem
715 979 850 1023 afflat.

459 1120 900 1176 CAPUT
998 1116 1096 1162 XC.

552 1274 618 1320 De
647 1272 730 1325 lege
759 1264 974 1311 Scantinia
1001 1295 1011 1306 .

262 1394 489 1498 ROmae
510 1400 646 1433 autern
669 1381 775 1428 haud
803 1379 938 1436 paucis
957 1388 1052 1421 ante
1077 1375 1210 1431 legem
1232 1373 1302 1425 Ju-

394 1451 495 1494 liam
515 1445 634 1490 annis
656 1442 736 1485 lata
755 1439 888 1482 fuerat
907 1434 1120 1479 Scantinia
1140 1433 1198 1485 (*)
1219 1432 1302 1484 lex,

263 1525 342 1566 qua
391 1509 666 1562 ingenuorum
711 1493 1032 1541 adolescentium
1090 1500 1302 1545 corrupto—

263 1581 350 1620 τες,
385 1565 534 1620 ipfique
567 1560 708 1615 sponte
732 1551 912 1607 corrupti
936 1548 1207 1593 adolescentes
1230 1546 1304 1589 de-

262 1639 353 1668 cem
387 1619 571 1665 millibus
603 1625 873 1658 nummorum
916 1608 1019 1659 (**)
1050 1605 1301 1650 damnaban-

264 1694 354 1724 tur.
388 1677 516 1730 Cujus
547 1673 645 1729 legis
676 1670 883 1714 auffiorem
917 1664 1074 1730 faciunt
1107 1665 1158 1706 C.
1179 1664 1329 1725 Scan-¹

266 1738 418 1781 tinium
470 1732 661 1778 Aricium
693 1728 818 1780 (***)
858 1723 1103 1786 Tribunum.
1134 1720 1265 1785 ¹plebis
1292 1750 1302 1771 ‚

265 1811 387 1852 quem
421 1788 623 1836 accusavit
656 1788 722 1829 M.
755 1780 981 1826 Marcellus
1019 1778 1161 1823 AEdilis
1186 1792 1300 1821 curu-

264 1854 339 1906 lis,
372 1851 483 1902 cujus
506 1846 639 1892 filiurn
661 1840 894 1902 Scantinius
932 1838 977 1880 de
1002 1838 1135 1891 stupro
1167 1833 1299 1898 appel-

269 1910 449 1959 laverat,
483 1918 526 1950 ut
560 1901 749 1946 Valerius
775 1897 932 1959 tradit..
965 1896 1028 1945 (a)
1055 1897 1118 1937 Ac
1143 1894 1304 1956 Scanti-

268 1968 338 2010 nio
363 1965 530 2021 quidem
555 1959 842 2002 Tribunorum
867 1952 1044 1996 aliorum
1075 1967 1197 2005 opem
1226 1965 1302 1992 irn-

269 2023 447 2079 ploranti
474 2017 597 2063 adesse
625 2015 684 2059 illi
711 2013 934 2056 noluerunt
959 2041 966 2050 .
1006 2010 1143 2072 Quam
1170 2008 1303 2050 levem

268 2082 357 2125 sane
380 2082 421 2122 in
445 2091 559 2121 tanto
579 2072 755 2118 crimine
777 2083 943 2125 poenam
963 2067 1073 2130 J.Ul.²⁹·
1095 2066 1158 2109 lex
1181 2066 1305 2117 (⁴⁸⁸⁵)

268 2138 383 2182 auxit
409 2137 456 2180 ad
484 2136 690 2177 summurn
723 2128 841 2183 usque
871 2123 1140 2179 supplicium,
1165 2134 1211 2165 ut
1236 2122 1302 2173 Ju-

268 2195 467 2239 slinianus
508 2192 594 2244 (h)
630 2188 674 2231 δι
708 2183 869 2228 Paullus
905 2183 1100 2245 testantur
1125 2211 1134 2222 .
1183 2178 1304 2242 Quod

271 2249 550 2297 Gothofredus
594 2243 731 2298 junior
761 2241 913 2295 aliique
939 2250 1148 2293 acciplunt
1180 2237 1229 2281 de
1255 2236 1303 2279 li-

271 2310 405 2354 bidine
438 2321 532 2351 cum
552 2300 754 2346 violentia
777 2296 1022 2360 commista:
1057 2310 1153 2360 nam
1179 2309 1302 2359 eum,

269 2368 338 2424 qui
386 2377 554 2421 puerum
587 2356 825 2416 perduxisset
869 2369 952 2396 non
986 2365 1166 2397 invitum
1191 2382 1204 2405 ‚
1245 2352 1304 2394 di-

271 2424 402 2470 midio
443 2424 647 2465 bonorum
689 2414 802 2459 fuisse
833 2410 1097 2456 multandum
1121 2441 1133 2464 ‚
1187 2409 1303 2452 Paul-

270 2540 1305 2565 ———---—-——--——-—----—-—-———

322 2585 371 2625 [⁴²]
400 2582 577 2617 Scatiniam
603 2579 687 2612 hanc
704 2577 809 2618 legem
835 2573 958 2606 dietam
974 2571 1058 2609 effe,
1085 2580 1152 2602 non
1179 2569 1305 2620 Scanti-

274 2630 364 2662 niam
384 2648 395 2666 ,
421 2627 616 2660 auctoritate
643 2621 813 2656 ciceronis
843 2641 853 2657 ‚
880 2615 1028 2651 Svetonii
1046 2637 1058 2654 ‚
1085 2615 1115 2646 δ(
1145 2614 1276 2665 Ausonii
1293 2636 1303 2652 ‚

272 2676 369 2706 docet
387 2676 452 2706 CL.
469 2670 624 2705 Christius
640 2667 678 2699 de
711 2669 781 2707 lege
799 2666 954 2696 scannia
974 2672 998 2692 1.
1017 2663 1047 2692 8.
1075 2663 1244 2693 Scantinia
1258 2666 1299 2690 ta-

275 2730 353 2753 men
371 2718 490 2749 dicitur
511 2715 641 2748 Valerio
657 2714 684 2744 8<
703 2710 852 2752 Juvenali
869 2731 877 2739 .

323 2764 389 2805 [⁴⁸³]
419 2766 526 2803 Quam
543 2760 701 2792 summam
730 2752 905 2798 argentarii
929 2751 979 2784 effi

872 92 1015 146 DE
1099 74 1713 151 LEGIBUS,

1351 148 1410 195 lus
1454 149 1579 218 tradit'
1609 158 1716 212 apud
1748 155 1975 202 Auecorem
2007 157 2228 204 collationis
2256 160 2386 217 legum

1348 210 1621 276 Mosqicfzrum
1647 246 1656 256 .
1697 218 1796 265 (c)
1839 215 2047 272 Siquidem
2101 216 2218 267 huius
2265 234 2386 273 poena

1346 284 1543 334 criminis.
1578 271 1660 314 fine
1703 273 1947 328 exceptione
1996 274 2118 329 usque
2150 276 2197 317 ad
2230 278 2385 330 capita·

1349 326 1383 369 le
1420 327 1662 390 supplicium
1692 331 1934 374 exacerbata
1966 331 2259 375 recentioribus
2281 346 2386 376 tem-

1348 386 1512 447 poribus
1558 384 1676 430 fuit:
1719 404 1818 432 curn
1863 402 1950 433 tota
1983 391 2074 432 urbs
2110 389 2183 432 hac
2217 388 2387 434 libidine

1347 455 1403 506 ita
1434 443 1623 506 flagraret
1648 476 1658 489 ,
1704 459 1749 488 ut
1792 447 1984 502 exemplo
2019 446 2382 490 scelestissimorum

1349 516 1616 563 principum,
1660 503 1843 547 Neronis
1888 520 2036 559 nempe
2072 537 2083 558 ‚
2127 505 2385 561 aliorumque

1348 559 1443 601 huic
1487 561 1667 602 monstro
1700 576 1783 603 non
1815 562 2070 606 dissimilium
2096 593 2107 611 ,
2152 561 2384 606 adolescen-

1347 630 1404 658 tes
1450 616 1673 662 mulierum
1722 619 1855 662 officia
1888 619 2126 675 usurparent
2153 651 2165 671 ,
2198 619 2385 676 quasique

1349 674 1486 717 sexum
1528 674 1704 718 omnino
1748 677 1965 719 mutassent
1997 708 2009 729 ,
2060 677 2273 731 pigmenta
2324 677 2384 720 fa-

1346 732 1423 774 ciei
1486 732 1806 788 vestimentaque
1873 733 2090 776 muliebria
2144 733 2213 776 sibi
2267 734 2386 777 adhi-

1349 791 1488 832 berent
1509 821 1521 843 ,
1565 790 1678 844 seque
1711 790 1810 832 viris
1842 790 1886 832 in
1918 790 2187 834 concubitum
2221 791 2386 845 nuptia·

1349 846 1450 890 libus
1491 862 1650 904 quoque
1697 847 1930 891 solennibus
1978 847 2205 902 turpissime
2257 848 2386 892 trade·

1350 918 1438 946 rent
1466 937 1474 947 .
1527 907 1663 958 Quam
1699 904 1856 948 sceleris
1889 904 2117 948 foeditatem
2152 904 2388 950 Alexander

1348 964 1517 1005 Severus
1572 962 1616 1004 ὅ(
1673 961 1883 1017 Philippus
1938 961 2090 1018 aliique
2140 962 2389 1007 honestiores

1353 1021 1624 1074 Imperatores
1653 1020 1863 1063 acerrimis
1896 1035 2106 1064 coercuere
2141 1020 2346 1076 suppliciis
2376 1051 2386 1063 .

1353 1076 1652 1120 Vehementius
1706 1093 1804 1121 vero
1856 1077 2034 1121 exarsere
2088 1078 2386 1121 Constantinus

1349 1135 1392 1177 ἃ.
1423 1134 1658 1188 Constans,
1702 1135 1771 1191 qui
1818 1134 2006 1178 flammas
2049 1134 2166 1186 hujus
2198 1135 2388 1179 criminis

1351 1192 1532 1234 vindices
1575 1191 1904 1236 exuscitaverunt
1936 1208 1948 1245 3
1998 1193 2103 1247 quod
2137 1192 2389 1248 significatur

1352 1265 1418 1304 per
1451 1249 1522 1292 illa
1553 1250 1676 1292 verba
1701 1250 1973 1293 celeberrimae
1992 1249 2113 1306 legis:
2148 1253 2254 1293 Cum
2284 1252 2388 1305 vir;

1350 1308 1436 1359 (d)
1467 1306 1675 1362 exquisitis
1699 1310 1862 1363 poenis5
1898 1323 2045 1362 nempe
2087 1308 2195 1363 ignis
2228 1323 2349 1363 poena
2375 1341 2390 1364 ‚

1349 1365 1456 1420 quod
1489 1365 1698 1408 summum
1739 1379 1824 1409 erat
1858 1364 2040 1421 supplicii
2073 1364 2240 1409 culmen
2265 1397 2275 1408 .
2321 1367 2390 1410 Id-

1349 1437 1427 1478 que
1481 1422 1629 1465 clarius
1671 1424 1858 1479 expressit
1905 1422 2263 1475 Valentinianus,
2308 1424 2388 1475 (e)

1350 1478 1419 1535 qui
1467 1479 1589 1522 scelus
1633 1479 1711 1524 hoc
1754 1480 1985 1523 vindicibus
2024 1478 2202 1531 flammis
2233 1479 2391 1524 censuit

1350 1536 1643 1590 expiandum3
1684 1537 1773 1580 ideo
1816 1536 1941 1592 gladii
1987 1551 2086 1579 voce
2131 1547 2310 1579 mortem
2343 1537 2394 1579 si·

1351 1593 1544 1650 gnificari
1574 1594 1692 1638 docet
1720 1593 1999 1637 Gothosredus
2024 1624 2033 1634 .
2068 1591 2145 1647 (f)
2182 1593 2303 1636 Porro
2339 1610 2391 1639 ex

1352 1651 1423 1695 illa
1465 1667 1550 1694 cum
1595 1652 1662 1695 vir
1701 1666 1873 1695 omnem
1917 1666 2137 1707 puerorum
2181 1663 2396 1706 corrupte-

1354 1710 1435 1753 lam
1470 1709 1785 1764 comprehendit
1810 1741 1822 1763 ,
1868 1708 1948 1751 sive
1978 1723 2073 1750 cum
2107 1708 2260 1763 nuptiis
2285 1740 2296 1762 ‚
2343 1708 2390 1752 si-

1354 1783 1400 1812 ve
1434 1766 1514 1810 sine
1549 1766 1702 1822 nuptiis
1724 1799 1735 1821 ,
1781 1782 1855 1810 nec
1885 1767 2000 1809 enim
2034 1765 2231 1808 Raevardo
2263 1765 2390 1809 assen-

1353 1825 1433 1867 tior
1453 1855 1466 1877 ‚
1497 1824 1566 1880 qui
1600 1840 1692 1867 eam
1724 1824 1772 1867 ad
1804 1824 1964 1879 nuptias
1989 1821 2262 1865 masculorum
2292 1839 2392 1866 con-

1354 1881 1512 1935 trabit3
1545 1882 1719 1924 nubendi
1749 1882 1863 1925 enim
1896 1880 2066 1925 verbum
2099 1911 2111 1932 ‚
2146 1895 2225 1934 quo
2260 1880 2394 1935 impe·

1353 1951 1462 1982 rator
1505 1938 1634 1982 utitur
1659 1970 1672 1991 ‚
1713 1939 1758 1981 ad
1802 1953 1974 1981 omnem
2009 1937 2276 1980 concubitum
2319 1953 2390 1980 ex·

1354 1996 1574 2049 tenditur,
1619 1995 1697 2038 sive
1740 1995 1976 2052 legitimum
2010 2025 2022 2046 ‚
2079 1993 2157 2036 five
2208 1995 2396 2037 meretri-

1352 2055 1491 2106 cium,
1523 2053 1602 2096 sive
1632 2068 1796 2109 quoquo
1829 2053 1952 2095 modo
1978 2050 2259 2106 impudicum.
2292 2052 2393 2094 Haec

1351 2112 1467 2155 enim
1502 2110 1713 2154 Plautinus
1757 2109 1874 2153 senex
1907 2111 1970 2164 (g)
2000 2107 2164 2152 ancillae
2197 2109 2394 2152 concubi-

1351 2181 1443 2213 tum
1474 2180 1668 2225 appetens
1701 2166 1810 2212 clam
1844 2182 1995 2211 uxore:

1468 2282 1688 2347 Tantf'sper
1716 2282 1810 2325 dum
1835 2279 1992 2335 faciam
2024 2295 2111 2324 cum
2142 2277 2293 2334 Cafina
2324 2294 2397 2323 nu-

1524 2351 1639 2397 pttas
1655 2370 1664 2383 .

2236 2451 2279 2495 &
2312 2453 2399 2496 Lae-

2154 2521 2394 2535 ἡ.-

1358 2561 1453 2593 Coelii
1484 2569 1532 2590 12.
1549 2559 1585 2590 in
1599 2556 1646 2589 lib
1675 2557 1828 2598 8.famil.
1863 2557 1914 2588 M.
1945 2557 2024 2588 Tul.
2047 2556 2111 2587 Cic.
2129 2558 2247 2596 Juven.
2272 2555 2338 2594 sae.
2356 2557 2390 2585 6.

1403 2603 1539 2646 [⁸⁴³⁸]
1566 2602 1745 2636 Scatiniam
1771 2610 1882 2633 tamen
1909 2601 2013 2643 legem
2040 2601 2073 2632 in
2099 2600 2221 2642 Juliarn
2247 2597 2392 2631 transfu-

1356 2651 1447 2689 sam,
1475 2657 1532 2680 aut
1557 2649 1598 2681 ab
1638 2657 1676 2680 ea
1713 2647 1906 2688 abrogatam
1946 2645 2006 2678 effe
2034 2667 2045 2684 ‚
2085 2652 2182 2687 negat
2207 2642 2390 2680 Christius,

1358 2696 1489 2738 primo,
1515 2693 1590 2735 quia
1617 2693 1687 2734 lege
1712 2691 1800 2732 Julia
1826 2692 1971 2733 stuprum
1997 2698 2127 2722 tantum
2162 2688 2395 2721 committatur

1470 2521 2037 2539 ——d——a-h—-.

985 2761 1055 2783 cere
1083 2747 1177 2785 aiunt
1201 2748 1310 2782 uncia·
1362 2753 1395 2773 in
1422 2738 1550 2780 virgine
1577 2738 1608 2770 ἃ
1633 2736 1730 2770 vidua
1747 2755 1756 2772 ‚
1785 2745 1856 2768 tum
1904 2735 1979 2777 quia
2006 2736 2035 2766 8:
2062 2735 2128 2776 post
2154 2743 2225 2764 eam
2252 2731 2394 2763 valuerit

274 2809 322 2842 les
340 2811 418 2847 403.
450 2814 620 2838 nummum
642 2800 738 2834 credo
761 2799 962 2841 accipientes
988 2796 1027 2827 de
1045 2795 1213 2828 sestertio.
1240 2796 1315 2834 Qua
1365 2787 1415 2818 lex
1444 2783 1600 2820 Statim»
1629 2790 1664 2814 ut
1690 2792 1729 2813 ex
1758 2781 1884 2818 Fabio,
1913 2780 2074 2812 Sveton'l‘)
2092 2801 2101 2817 2
2129 2776 2339 2811 Terffllliano
2367 2777 2398 2809 δί

277 2865 374 2897 poena
400 2862 513 2884 tamen
531 2849 631 2882 etiarn
664 2846 776 2887 sponte
805 2851 976 2885 corruptos
998 2840 1215 2873 adolescentes
1238 2838 1316 2871 affe-

276 2900 346 2933 ssos
359 2898 450 2929 fuisse
467 2918 477 2935 ‚
504 2905 569 2927 non
584 2892 707 2924 constat
727 2913 734 2919 .
1177 2928 1184 2934 ι

326 2944 412 2984 [ΜἯ
441 2945 513 2974 snio
534 2937 644 2972 Aricio
659 2933 790 2978 quidem
819 2930 954 2964 oriunda
969 2940 1047 2972 gens
1061 2928 1206 2966 Scationa
1221 2950 1232 2968 ‚
1260 2936 1318 2961 nec

279 2995 389 3022 tamen
406 2987 479 3020 ideo
494 2983 655 3019 Scatinius
671 2980 839 3023 legislator
856 2976 1007 3009 Aricinus
1023 2973 1174 3023 protinus
1205 2972 1320 3017 appel-

278 3034 393 3066 landus
424 3041 492 3063 crat
518 3053 528 3069 ,
557 3030 604 3062 uti
631 3038 706 3060 eum
729 3023 877 3067 appellat
903 3019 1079 3055 Manutius
1106 3030 1140 3050 in
1168 3017 1256 3051 libro
1284 3018 1321 3049 de

276 3079 522 3120 uigilandum
549 3082 695 3107 ceterum
726 3070 778 3102 lex
806 3091 817 3107 ‚
843 3066 922 3105 seu,
949 3065 971 3098 si
1000 3063 1104 3114 mavis
1121 3085 1132 3102 ,
1171 3063 1318 3105 plebisci-

275 3113 350 3159 tum
380 3131 533 3162 tempore
559 3119 679 3151 dicitur
706 3114 786 3148 belli
815 3110 932 3145 Punici
960 3108 1115 3143 secundi.

325 3169 384 3210 (a)
412 3168 521 3202 Valet·
538 3165 597 3199 tib.
612 3168 644 3196 6.
662 3168 763 3205 cap-1.
781 3171 814 3193 η.
830 3170 862 3199 7.
878 3156 950 3192 cie.
969 3155 1115 3197 Philipp.
1134 3161 1164 3193 3.
1178 3151 1218 3186 (θ’
1233 3151 1321 3196 epist.

1368 2827 1542 2863 Lafihntio
1565 2827 1674 2869 palam
1699 2826 1758 2858 effe
1774 2847 1785 2866 ‚
1813 2831 1930 2867 putat.

1412 2874 1468 2914 (b)
1496 2870 1609 2912 lnssie.
1624 2873 1662 2904 de
1674 2869 1879 2913 pub1.jud·'c.
1899 2870 1962 2910 ξφ
1979 2865 2130 2910 L.r.ff.de
2147 2865 2290 2898 extranei
2307 2865 2399 2896 crim.

1414 2919 1460 2959 [c]
1488 2919 1561 2949 Tit.
1584 2926 1613 2955 5.
1635 2917 1671 2949 de
1681 2914 1821 2956 stuprat.
1839 2917 1906 2955 Jac.
1927 2912 2029 2947 Goth·
2047 2914 2083 2944 in
2108 2914 2142 2943 C.
2166 2911 2302 2952 Thedos.
2322 2910 2363 2943 ad
2377 2911 2402 2943 1.

1370 2976 1439 2998 Cum
1456 2974 1521 2995 vu.

1415 3009 1474 3049 (A)
1501 3011 1534 3039 C.
1552 3006 1722 3046 ad1.Jul.
1739 3004 1776 3035 de
1793 3004 1904 3035 adult.

1412 3054 1470 3095 (e)
1493 3056 1530 3085 L.
1549 3055 1578 3082 6.
1600 3055 1633 3083 C.
1654 3049 1806 3088 Tbcodofi
1826 3049 1867 3080 ad
1881 3049 1902 3079 Ι.
1916 3047 1992 3089 Jul.
2010 3045 2046 3078 de
2066 3045 2171 3079 adult.

1417 3100 1476 3141 (f)
1503 3097 1555 3128 Ad
1570 3098 1592 3127 Ι.
1611 3106 1679 3128 cum
1697 3095 1760 3125 vir.
1780 3097 1814 3125 C.
1833 3093 1897 3124 eod.

1417 3144 1480 3188 (g)
1504 3140 1610 3177 Casln.
1631 3138 1693 3174 affl.
1710 3139 1800 3181 2.sc.
1817 3140 1848 3170 8.
1869 3135 1952 3178 vers.
1970 3145 2025 3176 47.
