2524 3479
215 113 358 155 xxll
536 90 640 144 DE
683 80 1026 140 V1TA*ET
1067 80 1398 138 SCRIPTIS
1440 82 1484 154 J.
1528 81 1596 133 V.
1634 81 2021 137 ‘GRAVINAE

213 173 331 224 ciani
354 170 518 218 librum
537 167 586 211 de
622 164 700 226 affe
734 165 790 208 θ’
808 163 896 223 ejus
908 161 1097 223 partibus
1116 194 1127 214 ‚
1165 173 1353 220 quarum
1371 173 1557 202 numero
1576 155 1853 204 duodenario
1874 175 1965 204 non
1989 173 2165 208 tantum
2185 159 2355 209 tribue-

216 259 263 290 re
297 253 468 286 veteres
503 233 797 281 hereditatem
815 229 1013 274 solebant
1034 263 1046 283 ,
1067 224 1134 271 sed
1150 226 1192 270 ὃ(
1210 222 1361 270 metiri
1384 222 1531 268 usuras
1552 257 1564 278 ,
1603 240 1710 286 quas
1728 240 1782 270 ex
1802 222 1874 270 sua
1897 223 1974 280 sibi
1992 224 2106 273 sorte
2124 228 2355 293 unusquis.

216 324 304 373 que
324 302 609 367 stipulabatur
631 334 640 343 .
679 300 745 344 At
764 295 816 341 de
836 293 920 340 affe
940 293 1088 338 multo
1105 287 1279 355 plenius
1299 289 1465 336 Noster
1483 287 1576 352 agit
1596 288 1648 336 ad
1669 293 1771 338 LL.
1793 293 1904 337 XII.
1920 292 2203 340 Tabularum
2217 312 2254 341 c.
2269 311 2351 358 47.

218 392 300 424 nec
322 372 419 419 affis
439 384 589 414 tamen
613 364 747 410 sol1us
767 398 780 414 ,
820 359 888 407 sed
908 359 1043 405 etiam
1064 353 1346 420 antiquitatis
1364 353 1515 401 omnis
1534 356 1798 420 cognitione
1814 356 2021 405 interiori
2042 359 2270 419 censetur,
2309 364 2356 408 ὃς

219 441 327 506 juris
365 437 493 484 sim'ul
534 428 797 478 universalis
833 427 922 473 sive
951 423 1163 473 naturalis
1198 420 1394 469 rationes
1412 423 1930 488 commodo&eleganti
1952 425 2172 474 orationis
2188 445 2353 493 genere

219 506 414 573 explicat
453 521 462 547 ε
501 500 623 561 cujus
663 495 804 543 studio
844 493 1019 540 suba&a
1060 490 1238 555 ingenia
1276 487 1477 554 regendae
1509 489 1688 537 civitati
1711 489 1901 549 {felicius
1933 490 2191 541 sufficiunt.

276 572 362 622 ‘Ad
401 571 482 616 hos
521 565 660 631 igitur
694 561 802 625 juris
827 560 973 608 fontes
991 557 1252 606 descendere
1270 555 1569 604 adolescentes
1587 558 1713 604 decet
1731 560 1776 606 Sc
1797 556 1976 605 haurire
1994 593 2008 615 ,
2046 577 2138 624 quae
2157 559 2259 608 dein
2280 579 2356 625 per

220 657 356 691 omne
377 634 620 683 studiorutu
641 628 864 677 ambitum
885 627 1118 691 profutura
1136 623 1232 672 sunt
1248 660 1260 680 ‚
1283 623 1328 670 in
1348 622 1509 687 primis
1526 643 1663 688 quum
1680 625 1788 689 juris
1805 625 2097 689 scaturigines
2116 627 2265 674 nostro
2283 646 2361 675 ne-

222 726 301 758 mo
322 702 508 752 nitidius
526 695 802 760 descripserit
827 732 837 752 ‚
859 695 983 755 cujus
1000 691 1147 740 oratio
1168 708 1257 737 non
1276 706 1455 737 tantum
1470 688 1519 737 vin
1535 692 1730 757 antiquis
1749 691 1861 739 tersa
1879 694 1923 739 8<
1938 693 2115 758 elegans
2135 693 2221 751 est,
2239 694 2361 758 quod

223 772 407 840 quidem
424 766 598 815 facilius
618 802 629 822 ,
667 762 737 810 sed
757 762 894 808 etiam
914 760 961 807 in
981 756 1308 807 recentioribus
1327 792 1338 803 .
1374 758 1651 823 Quicunque
1670 758 1789 805 enim
1812 757 1973 824 legerit
1992 793 2005 817 ,
2037 777 2130 823 quae
2153 759 2361 807 Gravina

221 839 464 904 Originum
488 834 605 880 libro
626 829 775 894 primo
795 828 848 876 de
866 826 1080 877 Accurfio
1100 840 1171 871 aut
1187 823 1239 870 de
1258 826 1444 871 Bartolo
1464 841 1537 871 aut
1557 826 1609 872 de
1628 825 1816 887 Cujacio
1835 825 1982 873 literis
2001 825 2189 872 tradidit
2208 862 2222 883 ,
2242 843 2322 873 nec
2346 863 2360 883 ,

219 910 270 956 in
310 903 478 953 eximia
515 899 756 947 verborum
794 893 1133 961 concinnitate,
1169 908 1319 937 rerum
1358 891 1558 954 capiatur
1593 891 2128 951 sele&u,sententiart1m
2149 893 2357 940 acumine

222 970 517 1037 &ponderez
561 983 622 1013 nae
663 964 740 1011 ille
778 963 1015 1026 plumbeus
1051 960 1134 1016 fit,
1173 974 1248 1005 aut
1286 956 1500 1022 stupidior
1537 959 1685 1023 lapide
1719 959 1913 1007 molari.

289 1039 486 1087 Librum
525 1032 801 1095 singularem
853 1027 907 1074 de
962 1029 1175 1072 Romano
1227 1024 1430 1088 Imperio
1481 1025 1663 1072 Senatui
1714 1027 1980 1090 Populoque
2031 1028 2246 1074 Romano
2297 1026 2367 1074 in-

223 1104 425 1168 scripsit,
464 1101 509 1146 in
549 1114 691 1161 eoque
729 1092 963 1159 pristinum
1000 1096 1187 1139 Senatus
1225 1091 1435 1138 assertum
1475 1090 1561 1139 ivit
1580 1091 1893 1155 splendorem.
1934 1092 2189 1139 Contendit
2207 1091 2366 1151 enim,

221 1172 489 1239 potestatem
540 1168 857 1212 Romanorum
909 1158 1139 1225 publicam
1195 1158 1368 1222 semper
1422 1157 1469 1204 in
1521 1157 1710 1206 civilem
1764 1161 1810 1206 &
1868 1158 2119 1206 militarem
2157 1157 2365 1207 distribu-

219 1257 314 1289 tam
350 1235 479 1285 fuiffe
514 1268 527 1289 ,
565 1247 757 1296 quarum
792 1229 881 1275 haec
920 1244 998 1291 per
1036 1229 1079 1272 S.
1100 1228 1156 1272 C.
1176 1224 1220 1271 in
1258 1228 1557 1287 Imperatores
1593 1225 1816 1272 transierit
1853 1260 1866 1282 ‚
1905 1243 2042 1290 quum
2081 1224 2163 1272 illa
2201 1225 2250 1272 in
2286 1228 2364 1272 Se-

224 1323 332 1355 natu
386 1300 593 1349 relideret
636 1334 648 1355 ,
701 1299 746 1342 &
796 1293 990 1358 imperio
1041 1291 1232 1339 militari
1288 1291 1583 1338 vehementer
1636 1293 1905 1356 praecelleret
1937 1310 1952 1356 3
1994 1309 2076 1338 nec
2115 1290 2364 1357 imperium

225 1378 377 1420 Roma
428 1361 859 1426 Constantinopolin
915 1361 1177 1406 translatum
1212 1393 1227 1415 ‚
1281 1374 1421 1421 quum
1472 1358 1621 1421 potius
1673 1358 1765 1405 haec
1815 1356 1931 1405 nihil
1983 1358 2190 1405 habuerit
2228 1376 2367 1423 quam

226 1444 557 1501 Imperatorum
600 1429 869 1487 Praetorium
907 1430 952 1474 δε
990 1426 1128 1473 castra
1167 1423 1308 1471 muris
1345 1423 1547 1482 vallata,
1589 1425 1895 1473 tentoriorum
1932 1424 2034 1484 vice
2073 1424 2366 1490 fungentibus

225 1502 427 1553 aedificiis
461 1536 472 1547 .
528 1501 632 1557 Ozua
668 1495 848 1559 quidem
889 1493 935 1540 in
972 1510 1018 1540 re
1058 1493 1087 1538 si
1125 1491 1306 1538 suorum
1342 1490 1548 1537 inserviit
1587 1491 1767 1540 auribus
1802 1528 1814 1549 ‚
1862 1491 2059 1538 dandum
2095 1491 2265 1555 aliquid
2303 1491 2366 1539 est

226 1569 404 1620 homini
457 1569 669 1613 Romano
700 1599 712 1620 ,
766 1561 819 1607 de
855 1560 995 1625 patria
1033 1561 1076 1605 St
1114 1558 1269 1605 animo
1305 1560 1516 1604 Romano
1553 1557 1692 1605 toties
1729 1558 1979 1623 glorianti:
2019 1575 2159 1621 quum
2196 1561 2367 1605 Trans-

224 1637 424 1703 Alpinos
474 1631 683 1679 homines
721 1645 876 1693 parum
915 1625 987 1672 hic
1025 1625 1179 1673 fallere
1216 1625 1342 1672 fucus
1369 1640 1542 1688 queat,
1581 1625 1867 1689 posteaquam
1901 1625 1954 1672 de
1987 1623 2192 1690 Imperio
2227 1627 2368 1674 Rom.

227 1724 288 1754 ex
328 1720 437 1751 vero
474 1699 771 1745 disseruerunt
807 1698 875 1753 Jo.
915 1691 1035 1739 Frid.
1074 1691 1338 1739 Gronovius
1372 1693 1416 1738 &
1453 1691 1679 1738 Gerar—dus
1718 1690 1893 1738 Noodt.

297 1775 424 1819 Inter
441 1764 650 1830 opuscula
669 1778 829 1826 agmen
844 1758 963 1807 ducit
983 1758 1217 1824 Specimen
1231 1757 1358 1821 prisci
1380 1757 1486 1821 juris
1507 1758 1559 1804 ad
1579 1756 2114 1822 CasparemCarpineum
2138 1758 2363 1810 Cardina..

230 1840 355 1903 lem3
392 1836 439 1883 in
458 1850 548 1898 quo
564 1829 651 1878 loci
670 1831 923 1892 complures
940 1845 994 1873 ex
1012 1825 1257 1891 Originum
1278 1824 1392 1872 libro
1411 1825 1562 1888 primo
1579 1825 1632 1872 ad
1649 1826 1836 1872 verbum
1857 1825 2055 1890 decerpti
2075 1825 2176 1872 sunt
2197 1861 2207 1872 .
2229 1825 2359 1873 Idem

226 1904 326 1953 aliis
358 1917 535 1967 quoque
566 1897 681 1945 viris
714 1893 903 1943 eruditis
930 1893 1065 1940 etiam
1087 1891 1327 1941 noviffime
1345 1891 1422 1939 usu
1438 1891 1607 1939 venisse
1626 1892 1840 1939 novimus
1858 1928 1871 1949 ‚
1909 1908 1958 1939 ut
1982 1928 1995 1949 ‚
2033 1909 2128 1955 quae
2147 1891 2239 1938 alio
2259 1892 2364 1939 loco

225 1970 483 2036 scripserant
500 2003 512 2024 ,
529 1964 683 2013 iisdem
704 1961 853 2011 verbis
871 1960 979 2008 alibi
999 1976 1266 2024 repeterent.
1282 1963 1351 2006 Ita
1367 1958 1592 2005 'Gerar-dus
1613 1959 2059 2022 Noodt,V.CL.quae
2072 1961 2206 2005 Proba
2221 1959 2368 2004 bilium

225 2046 280 2088 L.
313 2042 386 2085 IV.
402 2054 434 2082 c.
456 2050 502 2095 5,
521 2032 693 2079 dixerat
715 2067 726 2088 ,
758 2029 809 2076 ad
830 2028 1018 2076 verbum
1039 2025 1239 2092 apposuit
1259 2026 1304 2072 in
1324 2026 1673 2073 Commentario
1693 2025 1745 2072 ad
1767 2025 2010 2072 Pande&3s
2031 2024 2170 2071 titulo
2187 2026 2237 2071 de
2255 2028 2365 2071 Con-

225 2107 395 2154 dicffiione
411 2104 527 2165 causa
541 2101 641 2146 data
656 2100 771 2160 causa
789 2098 1003 2158 nonsecuta
1021 2129 1032 2141 .
1049 2093 1259 2153 Hydram
1281 2091 1523 2153 Mysticam
1543 2091 1614 2139 seu
1636 2092 1884 2157 Dialogum
1904 2091 1957 2138 de
1977 2108 2188 2156 corrupta
2204 2090 2364 2139 morali

227 2172 432 2221 dofflrina
453 2204 465 2226 ‚
505 2183 642 2232 quum
667 2165 739 2214 hic
758 2162 940 2227 quidem
956 2198 969 2219 ‚
1007 2160 1201 2209 livorem
1220 2159 1344 2206 suum
1361 2158 1578 2222 religione
1597 2159 1945 2223 praetexentibus
1964 2159 2122 2206 multis
2140 2195 2153 2215 ‚
2189 2156 2364 2206 nimios

226 2241 364 2289 cieret
384 2251 532 2283 motus
551 2268 563 2290 ,
602 2231 830 2295 suppreffit
848 2247 858 2276 z
900 2227 1091 2289 ejusdem
1112 2243 1265 2272 tamen
1283 2241 1502 2288 corruptae
1521 2225 1934 2273 morumdofflrinae
1952 2227 2100 2273 ulcera
2119 2225 2227 2288 saepe
2245 2241 2363 2288 pun-

226 2307 294 2375 git
331 2307 377 2353 in
414 2300 695 2350 orationibus
729 2297 784 2343 de
821 2312 990 2343 canone
1029 2291 1235 2341 interiori
1269 2327 1283 2347 ,
1320 2293 1363 2338 ἃ
1401 2290 1455 2337 de
1490 2290 1742 2354 repetendis
1778 2290 1981 2338 fontibus
2016 2290 2357 2338 dofi‘trinarum.

293 2370 477 2420 Etrusca
514 2383 692 2431 quoque
722 2363 874 2428 lingua
891 2361 1030 2408 libros
1050 2360 1300 2425 complures
1320 2356 1459 2405 edidit
1480 2394 1493 2416 ,
1531 2360 1575 2405 δε
1595 2356 1711 2404 inter
1727 2374 1803 2404 eos
1822 2355 1932 2402 duos
1951 2356 2006 2403 de
2023 2371 2118 2403 arte
2139 2353 2322 2402 Poetica
2345 2392 2359 2413 ‚

227 2439 305 2505 qui
345 2436 576 2501 saepiffime
611 2431 843 2480 laudantur
881 2427 1225 2477 Crescimbenio
1262 2426 1310 2473 in
1328 2424 1530 2472 Historia
1548 2425 1737 2472 Poeseos
1752 2422 1990 2488 vulgaris:
2030 2421 2362 2486 &Tragoedias

229 2506 428 2572 quinque
450 2540 462 2560 ,
500 2502 548 2549 in
583 2516 770 2565 quarum
804 2512 992 2561 quana,
1031 2511 1126 2559 quae
1161 2491 1742 2558 Papinianusinscribitur,
1783 2489 2077 2538 constantiam
2098 2487 2222 2547 viri,
2262 2505 2362 2535 mo.

228 2573 269 2621 ri
306 2589 439 2636 quam
478 2571 604 2615 Getae
644 2564 927 2632 patricidium
963 2561 1166 2609 excusare
1205 2560 1448 2616 malentis,
1485 2559 1609 2607 vivis
1641 2558 1844 2624 depingit
1879 2556 2139 2605 coloribus.

298 2643 633 2686 Provocaverat
687 2649 835 2680 autem
887 2629 1045 2678 odium
1087 2627 1371 2693 ‘quorundam
1425 2628 1470 2673 8<
1509 2625 1622 2673 iram
1660 2624 1707 2673 in
1746 2625 1788 2672 se
1818 2657 1830 2669 .
1884 2628 2012 2672 Inter
2048 2638 2229 2670 caeteros
2266 2621 2361 2684 ejus

229 2705 556 2755 obtrefstatores
590 2703 653 2760 Q
690 2700 935 2755 §etstan-us,
967 2696 1121 2744 virum
1159 2710 1344 2760 gravem
1379 2695 1424 2740 &
1461 2691 1606 2756 priscae
1645 2691 1886 2757 probitatis
1924 2690 2357 2756 petulanter&pro-

232 2791 359 2821 terve
399 2767 616 2818 ludribrio
648 2766 808 2812 habuit
847 2765 895 2811 in
931 2763 1090 2822 satyris
1127 2761 1244 2809 suis.
1281 2759 1372 2809 Hic
1410 2759 1470 2807 est
1506 2759 1627 2807 idem
1660 2759 1771 2817 ille,
1810 2759 1864 2805 de
1882 2777 1971 2823 quo
1989 2756 2220 2822 queritur,
2260 2755 2357 2802 imo

230 2857 367 2906 quem
404 2832 655 2884 contemnit
695 2832 742 2879 in
780 2830 876 2878 vita
909 2828 1087 2893 Cujacii
1120 2865 1133 2886 ,
1172 2831 1215 2876 δ(
1255 2826 1518 2875 sannionem
1557 2828 1782 2891 appellat,
1822 2825 2013 2872 minime
2052 2823 2261 2871 idoneum
2302 2820 2357 2868 ad

229 2904 397 2955 eruditi
437 2902 570 2950 ullius
604 2899 805 2947 hominis
841 2897 956 2945 iram
971 2931 989 2942 2.
1027 2893 1457 2952 Hicestidemille,
1496 2911 1631 2958 quem
1652 2892 1838 2950 scurrae,
1878 2890 2356 2954 nebulonis&poeta-

227 2974 304 3022 stri
354 2969 614 3020 nominibus
653 2964 942 3030 perstringere
980 2962 1160 3011 videtur
1195 2962 1239 3010 in
1277 2960 1522 3026 specimine
1559 2959 1687 3025 prisci
1726 2959 1835 3023 juris
1872 2958 1924 3005 ad
1962 2958 2203 3022 Casparem
2240 2958 2355 3003 Car-

228 3040 410 3105 pineum
445 3034 737 3086 Cardinalem
759 3070 771 3090 ,
806 3034 850 3080 8<
887 3030 940 3078 de
978 3031 1101 3094 cujus
1136 3030 1307 3096 perdita
1348 3028 1629 3092 impudentia
1661 3027 1775 3096 apud
1795 3025 1936 3092 ipsum
1956 3025 2242 3074 Clementem
2265 3025 2350 3070 XI.

226 3110 363 3157 Pont.
401 3109 471 3156 M.
506 3101 713 3172 queritur
751 3100 798 3151 in
831 3097 1038 3148 oratione
1075 3098 1129 3146 de
1162 3097 1486 3147 instauratione
1518 3094 1767 3146 studiorum
1791 3130 1802 3142 .
1849 3092 1944 3142 Hic
1981 3092 2044 3141 est
2079 3091 2200 3140 idem
2238 3089 2353 3144 ille.

2135 3172 2272 3222 quem
