2596 3479
177 63 253 130 96

612 59 738 112 DE
802 58 1110 114 ORTU*
1155 60 1285 116 ET
1345 23 1961 121 PROGRE'SSU

183 150 353 180 munere
386 134 526 190 sponte
566 134 786 187 abdicato,
819 137 864 178 ad
901 134 1053 177 bellum
1094 135 1228 190 profe·
1278 135 1453 181 feliciter
1500 139 1707 204 eitpediret

1751 173 1760 184 .
1818 142 1935 185 Hinc
1990 140 2102 187 brevi
2155 141 2329 200 spatioj

182 195 295 249 eius,
327 193 425 237 dum
451 209 471 236 e
500 194 684 237 Lautreci
719 194 898 236 exercitu
928 192 1084 236 intelici
1118 193 1230 238 clade
1279 211 1360 251 quo
1402 195 1479 247 juri
1512 198 1625 242 civili
1677 200 1838 243 vacavit
1865 232 1876 254 ‚
1921 213 2041 243 acuta
2073 233 2086 256 ,
2127 202 2171 246 &
2205 201 2328 244 {olida

187 252 405 309 profligato
431 251 604 304 rediret,
638 253 687 293 ab
724 251 919 306 Hispanis
950 251 1109 306 capitur
1141 283 1152 305 ,
1187 268 1231 294 ac

188 311 389 355 sexcentis
420 311 548 352 aureis
589 311 789 352 redemtus
826 325 847 351 a
882 308 1002 351 fratre
1030 341 1040 361 ‚
1077 309 1231 353 Valen-

192 371 295 414 tiam
328 370 375 412 ad
402 367 461 419 jus
487 366 608 410 civile
646 366 875 409 docendum
903 368 1121 410 concessit:
1158 383 1230 410 un·

189 429 237 472 de
268 444 289 471 a
312 426 523 471 Francisco
550 427 582 467 I.
618 425 799 477 accitus,
831 424 874 468 δε
904 426 1012 467 inter
1040 424 1235 469 Parisien-

190 486 248 530 ses
278 486 491 529 Senatores
516 482 666 535 le&us,
701 483 834 538 plures
866 515 877 535 ‚
910 496 1029 539 atque
1066 484 1236 526 honori-

192 545 288 588 ficas
307 543 408 587 obiit
440 541 562 598 *egis
584 540 682 592 jussu
713 540 934 597 legationes
952 574 962 592 ,
985 542 1030 584 ad
1053 543 1236 584 Venetos

193 617 373 656 nempe,
392 599 439 643 ad
460 599 720 642 Florentinos
741 631 753 652 ,
786 599 829 642 &
854 600 901 642 ad
927 599 1128 642 Caesarem
1152 601 1234 652 (Ἴ.

193 660 352 714 Quibus
375 658 538 714 egregie
563 656 678 712 gestis
695 689 705 709 ,
729 659 770 699 in
797 655 981 700 Galliam
1011 657 1130 700 redux
1148 688 1160 710 ,
1176 661 1235 699 A-

192 718 370 759 venione
400 716 459 767 jus
489 715 612 759 civile
632 715 772 757 docuit
806 746 817 768 ,
851 715 970 769 usque
1004 715 1050 756 ad
1078 729 1236 757 annum

192 775 389 818 MDLII.
415 772 483 830 qui
512 772 586 816 suae
608 771 686 814 fuit
707 773 833 815 aetatis
874 772 1136 827 sexagesimus
1157 785 1234 816 ter-

193 833 276 876 tius
291 865 302 885 ,
323 833 365 876 &
383 844 603 875 extremus.
625 831 847 886 Tantaque
878 830 1121 883 populorum
1147 845 1236 885 gra-

195 890 278 942 tia,
310 890 353 933 &
379 905 518 933 amore
539 889 707 942 docuit3
740 902 782 930 ut
816 903 909 930 curn
948 887 1136 931 successor
1155 887 1239 939 ejus

195 949 395 991 Cravetta
417 946 595 991 defunffi
619 945 772 989 famam
788 945 992 988 orationis
1012 945 1132 988 initio
1151 961 1237 988 car-

195 1017 339 1061 peret,
371 1005 535 1059 strepitu
578 1016 697 1060 atque
732 1003 912 1046 tumultu
940 1036 953 1058 ,
987 1019 1071 1046 non
1114 1004 1238 1047 modo

197 1063 331 1107 schola
357 1095 370 1116 ,
407 1063 467 1107 sed
497 1060 622 1106 etiam
652 1062 764 1104 Urbe
796 1058 917 1105 fuerit
947 1059 1162 1118 expulsus.

325 1176 767 1222 CAPUT

564 1236 632 1280 De
663 1235 854 1277 Goveano
869 1266 878 1276 .

885 1177 1110 1222 CLXXII.

297 1353 336 1396 X
370 1348 489 1402 hujus
533 1347 818 1393 consultissimi
869 1348 984 1392 simul
1026 1380 1038 1402 ‚
1080 1350 1123 1394 δε
1155 1347 1241 1392 elo-

326 1407 575 1464 quentissimi
628 1407 810 1449 hominis
861 1406 1075 1462 disciplina
1128 1420 1239 1450 ortus

199 1466 252 1509 est
291 1468 406 1509 nobis
439 1464 651 1509 Antonius
688 1466 941 1507 Goveanus:
978 1466 1045 1520 qui
1082 1467 1233 1508 Ferret>

201 1536 287 1567 tum
323 1524 366 1567 in
401 1525 480 1567 fine
514 1522 606 1566 libri
640 1523 794 1573 dejure
816 1523 1059 1576 accrescendi
1096 1538 1216 1577 paren

199 1594 283 1624 tem
319 1582 431 1624 suum
463 1582 637 1623 alterum
671 1579 850 1635 appellat
878 1612 886 1621 .
922 1581 1057 1623 Natus
1076 1583 1129 1622 eil
1150 1583 1234 1624 Go-

200 1655 351 1682 veanus
387 1641 428 1682 in
464 1638 670 1682 Lusitania
703 1669 717 1691 ‚
748 1638 937 1687 educatus
973 1638 1015 1680 in
1060 1638 1199 1681 Gallia
1226 1670 1238 1691 ,

199 1698 470 1750 omnibusque
522 1696 640 1739 bonis
688 1696 843 1739 artibus
896 1697 1082 1738 excultus
1124 1714 1132 1737 :
1195 1711 1237 1739 ut

199 1771 304 1799 unus
345 1753 574 1797 Aristotelis
623 1753 900 1808 patrocinium
957 1754 1134 1797 viriliter
1180 1754 1239 1797 su-

203 1812 371 1868 sceperit
417 1810 604 1854 adversus
638 1811 806 1854 Petrum
852 1813 1034 1854 Ramum
1057 1843 1069 1863 ,
1103 1811 1231 1867 publi-

203 1887 248 1914 ce
299 1869 454 1913 bellum
503 1868 759 1912 indicentem
806 1868 950 1912 scholae
1002 1869 1235 1923 Peripateti--

201 1943 257 1972 cae
283 1959 295 1980 ‚
329 1927 472 1970 nostris
506 1925 567 1968 his
590 1926 845 1980 temporibus
876 1925 959 1977 jam
1003 1925 1235 1969 delabenti:

202 1985 329 2027 allato
373 1985 415 2026 in
450 1984 585 2026 forum
623 1985 768 2026 Graeco
800 1983 884 2035 ejus
922 1983 1153 2039 philosophi
1199 2001 1238 2028 e-

201 2041 405 2097 xemplari
432 2073 441 2083 .
476 2040 699 2096 Ingenium
731 2041 872 2084 habuit
905 2041 1065 2084 varium
1095 2042 1139 2084 ὅ(
1172 2058 1237 2085 ve-

202 2100 305 2153 lox,
338 2100 442 2153 (⁴¹⁶)
474 2112 519 2141 ut
556 2114 691 2142 rerum
732 2099 781 2141 ab
807 2115 854 2141 eo
896 2111 987 2141 turn
1023 2100 1065 2143 in
1106 2098 1237 2154 philo-

205 2157 374 2212 sophia,
406 2169 495 2199 tum
529 2156 572 2198 in
609 2155 920 2198 humanioribus
960 2156 1116 2210 literis,
1151 2170 1238 2199 tum

203 2214 247 2257 in
279 2215 374 2266 Jure
408 2213 522 2256 civili
557 2213 804 2268 agitatarum
855 2214 981 2257 finem
1031 2230 1127 2258 ante
1159 2215 1232 2257 ini-

203 2271 310 2314 tium
352 2270 736 2314 animadverteres.
782 2272 930 2327 Neque
980 2270 1113 2315 ullum
1164 2271 1240 2316 fuit

202 2327 468 2373 involucrum
504 2359 517 2382 ‚
567 2329 672 2372 unde
722 2343 807 2372 non
851 2329 887 2373 se
920 2329 1104 2373 celeriter
1139 2361 1152 2384 ‚
1196 2347 1241 2374 ac

801 2463 906 2473 ———-

253 2499 327 2539 ζ’)
377 2502 486 2539 Quem
525 2497 554 2530 8(
594 2498 627 2530 in
657 2497 804 2530 Africam
833 2498 876 2531 est
900 2498 1050 2538 secutus,
1077 2510 1151 2532 cum
1179 2504 1225 2533 Ca

208 2543 298 2576 tolus
322 2542 568 2585 expeditionem
605 2543 673 2574 illic
700 2554 814 2584 parans
840 2543 992 2577 instructa
1019 2544 1137 2583 classe,
1165 2549 1239 2578 Can

207 2587 376 2631 thaginem
406 2588 574 2631 naviga⁷et
590 2610 598 2618 .
624 2588 821 2621 Catharinus
850 2589 1002 2622 Pobellus
1020 2593 1057 2620 in
1070 2592 1145 2623 vita
1164 2593 1238 2623 Fw.

209 2635 316 2671 reni,
343 2634 428 2663 inter
453 2636 543 2667 vitas
571 2634 703 2675 Clartss.
725 2636 916 2675 JCmrum,
953 2635 1058 2667 editas
1083 2647 1101 2666 a
1130 2637 1233 2668 Bude-

209 2689 266 2711 νο.
297 2679 398 2720 Opera
427 2680 568 2711 Ferreus*
594 2680 805 2720 Franz-osani
844 2678 984 2716 junctim
1009 2679 1114 2713 edidit
1135 2703 1144 2712 .
1183 2686 1243 2713 Za-

210 2722 338 2756 charias
377 2722 543 2755 Paltenius
584 2728 678 2756 Anno
707 2727 801 2764 1598.
829 2735 861 2762 4.
897 2727 971 2766 Qua
1007 2731 1120 2758 tamen
1144 2727 1244 2760 colie-

211 2768 320 2803 ctione
347 2777 413 2799 non
438 2768 628 2801 continetur
654 2769 737 2801 liber
774 2767 844 2805 ejus
869 2769 1044 2810 inscriptus
1070 2774 1227 2804 Everrieu

210 2817 280 2848 lum
307 2813 438 2845 Bareoli
463 2813 494 2843 in
518 2818 583 2854 q'uo
608 2812 803 2849 refellebat,
843 2824 914 2854 quae
951 2814 988 2846 in
1013 2817 1138 2849 Bartoli
1168 2817 1226 2849 scri

209 2860 276 2903 ptis
301 2857 409 2890 minus
433 2856 462 2889 ei
488 2857 659 2890 toleranda
692 2856 889 2891 videbantur
905 2881 912 2889 .

255 2903 337 2945 (⁴⁸)
385 2901 477 2936 Adeo
501 2911 536 2935 ut
561 2904 664 2936 etiam
691 2902 853 2936 Athcismi
878 2903 1081 2938 accusaretur
1097 2930 1107 2946 ‚
1146 2918 1243 2950 quam

216 2948 486 2984 criminationem
512 2948 636 2981 deserta
662 2947 811 2980 oratione
837 2947 953 2980 diluit.
982 2950 1129 2985 Eundem
1145 2955 1244 2986 eriam

216 2995 376 3031 calvinus
402 2993 435 3025 in
463 2993 604 3026 traetatu
633 2994 670 3025 de
695 2994 860 3034 scandalis
892 2995 1069 3036 Agame,
1101 2998 1247 3031 villano-

1283 254 1456 308 protulit
1491 255 1624 299 multa
1655 273 1666 300 τ
1700 257 1796 301 dum
1832 259 1967 313 paucis
1999 273 2117 302 annis
2158 261 2201 304 in
2236 258 2328 315 plu-

1285 311 1394 353 ribus
1430 312 1580 375 Galliae
1622 315 1843 370 gymnasiis
1875 348 1887 369 ‚
1921 315 2099 360 Cadurci
2140 332 2288 374 nempe
2311 349 2326 372 ‚

1286 367 1490 432 Valentiae
1524 402 1536 424 ,
1568 372 1731 417 Tolosae
1764 405 1778 427 ,
1829 374 2120 431 Gratianopoli
2171 391 2327 433 magna

1284 425 1522 471 celebritate·
1559 429 1722 475 doceret
1768 463 1777 473 .
1835 433 1874 475 A
1916 448 1998 488 quo
2040 449 2133 477 cum
2167 434 2239 478 ille
2291 433 2327 477 se

1286 499 1456 529 munere
1511 488 1742 533 contulisset
1785 489 1830 532 in
1872 490 2012 534 aul-am
2060 493 2163 546 apud
2209 491 2333 536 Allo-

1286 543 1458 596 brogum
1495 546 1657 590 Ducem
1698 579 1710 602 ,
1767 547 1878 598 cujus
1922 548 1968 590 in
2011 550 2229 594 consilium
2274 550 2332 593 le-

1284 600 1370 644 &tus
1414 601 1547 647 fuerat
1574 637 1587 658 ‚
1641 605 1682 648 δί
1715 606 1904 659 magister
1948 605 2186 651 libellorum
2220 623 2332 651 crea-

1287 671 1385 713 tus,
1418 661 1615 706 Taurinis
1663 662 1857 706 decessisse
1909 661 2037 706 fertur
2081 695 2094 717 ‚
2143 667 2333 709 nondum

1290 716 1569 772 sexagenarius
1610 753 1618 763 .
1671 721 1733 762 Ad
1783 719 1897 772 cujus
1947 720 2107 764 laudem
2164 723 2202 765 id
2234 723 2334 766 esset

1287 775 1377 838 satis
1403 808 1416 830 ,
1447 781 1555 834 quod
1598 791 1683 822 tam
1717 779 1875 832 exiguis
1901 809 1913 830 ,
1946 779 2160 835 paucisque
2212 779 2333 823 libel-

1287 833 1337 876 lis
1377 836 1573 880 meruerit
1608 869 1619 888 ‚
1667 850 1709 878 ut
1742 840 1792 878 ab
1825 838 2020 879 Antonio
2055 837 2184 881 fabro
2233 852 2332 881 cum

1287 890 1462 943 Cujacio
1511 894 1801 939 conferretur.
1848 895 1940 948 Qua
1983 895 2025 938 in
2065 896 2335 939 contentione

1289 951 1415 1015 ⁸Faber
1458 952 1719 1008 diligentiam
1748 984 1759 1004 ‚
1793 953 1955 1007 copiam
1977 985 1989 1007 ‚
2024 952 2205 999 laborem
2242 955 2333 997 Cu-

1287 1024 1423 1060 )acio:
1459 1013 1663 1053 Goveano
1696 1026 1793 1052 vero
1840 1025 2014 1053 acumen
2040 1041 2052 1063 ,
2103 1026 2226 1066 atque
2269 1012 2335 1054 in-

1288 1067 1403 1123 genii
1449 1068 1721 1123 praestantiam
1765 1065 1987 1108 attribuit.
2035 1068 2194 1111 Verum
2227 1068 2336 1124 quod

1288 1125 1482 1169 omnium
1529 1141 1624 1169 ante
1669 1124 1704 1168 se
1738 1125 2009 1178 interpretum
2060 1125 2220 1169 laudem
2248 1158 2260 1179 ,
2291 1126 2337 1169 &

1292 1183 1398 1237 spem
1445 1183 1701 1239 posterorum
1741 1196 1938 1237 exuperat
1971 1214 1984 1234 ‚
2028 1183 2224 1235 Cujacius
2255 1183 2336 1237 ipse

1291 1241 1521 1295 principem
1562 1242 1675 1284 inter
1716 1239 2032 1291 Jurilconsultos
2080 1241 2219 1285 locum
2263 1241 2335 1284 sibi

1292 1299 1362 1342 uni
1397 1299 1582 1342 debitum
1614 1332 1626 1352 ‚
1658 1301 1861 1341 (jove-ano
1892 1302 2113 1342 concedere
2147 1315 2231 1342 non
2262 1299 2338 1342 du-

1292 1357 1440 1400 bitavit
1463 1390 1474 1410 ,
1518 1357 1625 1400 hisce
1661 1360 1748 1398 lane
1784 1356 2208 1400 honorificentissimis
2241 1371 2334 1400 ver-

1293 1415 1351 1457 bis
1390 1447 1402 1467 ‚
1447 1429 1570 1471 utque
1622 1430 1712 1458 mea
1757 1412 1836 1456 fert
1877 1414 2021 1469 opinio
2054 1446 2065 1466 ,
2110 1417 2152 1457 in
2198 1414 2333 1469 ipsum

1291 1472 1510 1525 Cujac'ium
1546 1473 1839 1515 tantummodo
1863 1473 2213 1528 congruentibus:
2247 1472 2337 1524 (a)

1293 1533 1493 1575 Antonius
1513 1563 1525 1584 ‚
1571 1530 1706 1586 inquit
1739 1562 1751 1583 ,
1784 1531 2001 1572 Goveanus
2038 1561 2049 1582 ,
2083 1531 2146 1571 cui
2182 1546 2228 1571 ex
2258 1544 2339 1570 om-

1293 1591 1411 1632 nibus
1441 1601 1633 1645 quotquot
1660 1588 1754 1641 sunt
1774 1618 1787 1639 ,
1818 1600 1888 1629 aut
1915 1585 2077 1640 fuerunt
2094 1586 2341 1641 Jnstim'anei

1288 1648 1391 1699 juris
1438 1647 1718 1702 interlui-erebus
1754 1642 1793 1698 fi
1834 1661 2051 1700 qu.vramus
2095 1647 2188 1699 quis
2231 1660 2335 1687 unus

1290 1705 1451 1747 excellat
1475 1738 1486 1758 ,
1517 1706 1653 1760 palma
1696 1701 1908 1756 deserenda
1957 1702 2008 1757 est
2031 1735 2040 1744 .
2083 1704 2156 1745 Sed
2193 1716 2336 1746 vereor

1290 1762 1457 1805 candide
1490 1778 1540 1805 ne
1582 1795 1593 1815 ‚
1640 1778 1690 1804 an
1725 1761 1819 1803 odio
1869 1760 2049 1804 aliorum
2092 1761 2203 1803 hunc
2237 1760 2337 1802 adeo

1289 1820 1462 1863 extollat
1513 1818 1753 1871 Cujacius;
1807 1833 1860 1861 an
1912 1817 2046 1873 potius
2107 1816 2338 1860 ambitione

1290 1879 1464 1933 quadam
1497 1910 1509 1930 ‚
1554 1889 1596 1920 ut
1631 1876 1832 1920 nimirum
1875 1875 2160 1931 intelligamus
2211 1875 2340 1918 inier-

1293 1947 1422 1989 pretes
1464 1949 1610 1978 omnes
1663 1939 1729 1977 sub
1780 1932 1921 1989 jugum
1965 1934 2033 1976 abs
2085 1934 2120 1976 se
2165 1932 2299 1975 missos
2325 1965 2338 1988 ,

1290 2009 1357 2049 qui
1404 1995 1653 2035 Goveanum
1680 2023 1691 2044 ‚
1740 1991 1933 2034 omnium
1969 2023 1981 2045 ,
2033 1991 2101 2033 suo
2144 1989 2293 2042 judicio
2324 2021 2339 2045 ,

1294 2051 1488 2093 victorem
1540 2049 1753 2093 communi
1809 2062 2040 2092 ceterorum
2083 2047 2234 2100 judicio
2276 2047 2341 2090 vi-

1294 2109 1350 2150 cit
1379 2141 1389 2150 .
1433 2109 1636 2163 Quamvis
1687 2106 1801 2151 euim
1844 2107 2014 2160 ingenio
2066 2104 2337 2160 praecelluerit

1292 2167 1514 2209 Goveanus
1563 2198 1574 2219 ,
1633 2178 1772 2209 tamen
1834 2164 2076 2219 scriptorum
2132 2163 2335 2218 paucitate

1293 2238 1416 2266 nemo
1462 2223 1651 2265 latiorem
1709 2226 1846 2267 locum
1897 2221 2071 2272 Cujacio
2121 2220 2287 2274 reliquit
2320 2252 2333 2274 ‚

1293 2281 1333 2324 in
1379 2296 1460 2336 quo
1497 2280 1740 2332 exultaret.
1786 2280 1902 2322 Hinc
1947 2294 2031 2321 non
2068 2278 2222 2321 mirum
2249 2309 2260 2331 ‚
2306 2278 2336 2322 sl

1291 2354 1387 2382 eum
1432 2337 1504 2380 fibi
1554 2336 1750 2388 Cujacius
1804 2335 1989 2390 praeferat
2027 2367 2040 2390 ,
2090 2335 2161 2391 qui
2200 2335 2336 2399 secum

1892 2426 1897 2427 ν
2211 2409 2339 2437 rarius

1453 2473 1579 2483 .--.—.

1297 2507 1460 2547 qiua-ezir
1486 2506 1516 2539 se
1541 2505 1669 2539 differre
1685 2529 1694 2539 .
1735 2505 1861 2539 Eodem
1888 2506 2047 2539 collineat
2071 2505 2275 2549 epigramma
2299 2505 2336 2539 in

1299 2553 1516 2594 l‘cirlr'gemnis
1528 2563 1542 2584 .·

1386 2598 1513 2629 Antoni
1538 2597 1711 2637 (ravenne,
1739 2605 1799 2629 tua
1823 2598 1882 2629 haec
1908 2599 2052 2630 Marana
2075 2602 2239 2641 propago.

1382 2644 1403 2673 Ι
1409 2656 1423 2673 ‘l
1453 2643 1531 2674 Caev'o
1556 2648 1594 2673 <3⁴
1619 2644 1709 2676 cellis
1721 2654 1785 2676 non
1807 2650 1905 2685 putat
1930 2642 1990 2688 effe
2012 2646 2121 2675 Deum
2139 2664 2148 2674 .

1296 2731 1492 2782 Oppositum
1518 2730 1681 2772 distichox
1708 2743 1774 2774 quo
1798 2732 1986 2765 consiliario
2017 2730 2148 2765 cuidam
2173 2729 2334 2765 illuserat:

1386 2825 1476 2854 Dum
1502 2831 1620 2859 tonan-i,
1664 2824 1699 2855 in
1724 2824 1820 2854 cellas
1844 2829 1974 2863 propero
1999 2823 2076 2862 pede
2105 2823 2230 2856 Villius
2249 2823 2333 2856 imas

1385 2867 1569 2909 Confugit,
1594 2867 1630 2899 in
1656 2870 1747 2900 cellis
1772 2879 1833 2900 non
1857 2875 1956 2910 putat
1978 2866 2038 2911 esse
2064 2872 2195 2900 Deum.
2368 2871 2380 2877 ‘⁷

1300 2955 1377 2990 Vide
1403 2955 1558 2995 Baylium
1585 2958 1620 2988 ia
1647 2968 1723 2991 vna
1752 2958 1866 2991 Andre
1890 2959 2038 2990 Gom-esni
2054 2980 2060 2989 .
2078 2962 2188 2996 Opera
2203 2961 2330 2992 Govea-

1299 3005 1331 3034 ni
1368 3001 1506 3041 itanim
1544 3003 1632 3035 edita
1656 3001 1826 3046 'Lugduni
1871 3007 1963 3043 1564.
1984 3006 2013 3047 f.
2031 3005 2061 3036 ἃ
2081 3005 2202 3038 ibidem
2232 3014 2332 3045 1599.

213 3050 326 3076 vano,
355 3038 477 3072 Doleto
503 3039 532 3070 δι
561 3038 762 3072 Rabbelaesio
785 3046 963 3082 aggregat,
1006 3041 1063 3079 qui
1087 3052 1246 3081 quantum
1298 3060 1333 3081 m
1353 3050 1381 3089 f.
1400 3047 1438 3077 Θ·
1457 3050 1489 3079 8.

204 3085 256 3120 ad
290 3083 411 3119 animae
451 3084 561 3118 vitam
598 3084 746 3125 attinet,
773 3083 858 3119 nihil
882 3095 902 3118 a
925 3083 1060 3120 canibus
1085 3087 1115 3121 δι
1141 3091 1249 3133 porcis

1343 3092 1429 3135 (a)
1477 3093 1550 3127 Tit.
1568 3095 1601 3125 6.
1625 3095 1662 3127 in
1681 3096 1774 3139 frag.
1802 3096 1879 3138 L'lp·
1905 3106 1971 3129 ver.
1997 3106 2063 3130 nec.
2090 3092 2241 3137 interes}-
