2596 3479
783 89 1124 168 JURIS
1204 52 1717 149 <21v‘1141s0²

224 174 376 229 hyeme
419 168 689 217 cohorruiffet
725 201 734 212 .
780 171 919 223 Quare
952 199 965 221 ‚
1009 182 1105 211 curn
1149 182 1266 210 verus

226 235 425 276 Romanae
448 229 732 285 Reipublicae,
763 225 938 281 jurisque
971 223 1152 267 Romani
1180 225 1265 267 sen-

226 289 285 332 sus
312 286 561 342 subAlciato
589 285 799 341 primum,
818 283 862 325 δε
889 282 956 325 sub
974 282 1148 334 Cujacio
1177 298 1264 325 ma-

223 345 335 389 xime
374 344 636 388 refloruerit:
681 342 769 385 ideo
809 339 1082 392 Cujacianam
1118 338 1264 383 doetri-

223 416 323 445 nam
347 417 419 445 ver
444 398 768 457 jurisprudentiae
786 396 1039 453 appellamus
1055 429 1064 440 .
1080 400 1264 453 Quamo-

170 501 173 503 .
225 459 339 501 brem
367 459 417 501 ab
437 459 584 513 hyeme
609 458 657 501 ad
672 472 742 499 ver
757 454 1267 508 convolaturi‚obibimus

223 515 334 570 prius
361 517 610 568 Imerianae,
634 513 916 566 Accurfianae,
949 524 1067 567 atque
1093 512 1265 554 Bartoli-

222 587 286 615 nae
301 571 622 629 jurisprudentiae
639 572 779 616 seriem
795 569 1061 624 ,celebriores
1077 569 1264 625 cujusque

221 629 406 675 auctores
425 632 679 675 indicantes:
703 627 847 672 deinde
871 627 920 671 ad
939 626 1174 689 Cujacianae
1200 628 1264 679 ju-

228 686 510 744 risprudentiae
543 688 784 743 interpretes
807 684 1138 742 progrediemur.

380 775 428 819 C
486 776 528 819 A
584 775 615 818 P
675 775 719 816 U
779 772 824 814 T
941 771 1118 816 CXLV.

593 834 660 876 De
690 830 895 874 Martino.

332 918 511 963 Roderat
542 929 678 963 autern
721 928 817 962 ante
848 930 993 961 omnes
1034 930 1083 959 ex
1118 911 1264 957 Irnerii

343 975 476 1020 schola
500 977 713 1020 Martinus
747 973 1040 1019 Cremonensis
1062 1005 1075 1026 ‚
1097 989 1155 1036 ex
1188 973 1264 1014 Bo-

222 1033 412 1078 nonienfi
442 1035 662 1078 Gofiorum
685 1066 697 1087 ,
731 1031 940 1088 nobilique
973 1029 1132 1093 familia
1158 1045 1169 1092 ³.
1202 1029 1266 1081 (a)

222 1104 349 1145 quarn
395 1104 631 1147 temporum
685 1091 882 1134 fastiones
948 1099 1079 1144 patria
1134 1102 1263 1139 ejece·

225 1161 324 1190 runt
355 1180 364 1191 .
413 1151 453 1192 Is
496 1165 590 1193 cum
638 1147 770 1204 plures
814 1147 856 1190 in
894 1145 978 1198 jure
1025 1144 1262 1202 quaestiones

222 1204 415 1249 moviffizt
441 1238 453 1259 ,
496 1220 616 1263 atque
650 1207 693 1249 in
723 1205 932 1260 opinando
965 1203 1133 1245 liberior
1161 1218 1173 1254 3
1208 1203 1262 1244 se-

223 1276 303 1318 que
335 1264 516 1307 nimium
549 1264 704 1307 audiret
732 1279 743 1315 3
775 1262 855 1315 (*)
888 1259 1159 1303 adversarium
1192 1258 1262 1300 ha-

224 1318 343 1373 buit,
374 1336 424 1363 ex
448 1321 588 1363 eadem
616 1318 765 1363 Irnerii
803 1316 963 1370 schola,
1002 1315 1227 1378 Bulgarurn
1250 1346 1259 1357 .

224 1376 293 1419 Ita
335 1389 379 1419 ut
409 1377 588 1431 ipsorum
620 1374 908 1420 contentiones
969 1373 1078 1417 inter
1114 1372 1260 1415 utrius-

218 1448 297 1488 que
340 1433 555 1490 discipulos
596 1435 846 1491 opinionum
873 1464 886 1486 ,
928 1430 972 1475 &
1019 1430 1258 1474 animorum

217 1489 371 1533 diffidia
404 1505 592 1546 parerent
622 1525 631 1537 .
680 1494 824 1548 Itaque
868 1488 1135 1533 studiosorum
1180 1500 1262 1551 tur-

222 1547 271 1590 ba
300 1579 313 1601 ‚
347 1549 686 1593 Proculianorum
711 1582 724 1603 ,
767 1550 810 1592 ὅ(
843 1547 1162 1590 Sabinianorum
1195 1561 1257 1587 in-

221 1604 332 1659 star,
376 1605 421 1649 in
454 1607 549 1650 duas
586 1607 783 1651 fa&i0nes
826 1605 1114 1649 discesserunt.
1148 1605 1259 1658 Qua·
1291 1652 1293 1655 v

221 1677 315 1705 rum
357 1663 484 1707 altera
531 1665 757 1719 Bulgarum
803 1663 1076 1718 sequebatur,
1131 1660 1259 1704 altera

225 1720 465 1765 Martinum
491 1738 502 1775 3
546 1740 568 1766 a
599 1739 680 1779 quo
724 1737 774 1766 ex
806 1719 929 1764 Gofia
972 1717 1132 1763 familia
1163 1718 1258 1761 dieti

226 1777 319 1819 sunt
361 1779 531 1822 Gofiani
568 1796 577 1821 τ
625 1795 726 1837 quos
768 1776 974 1822 contraria
1024 1777 1146 1820 fafiio
1189 1791 1257 1818 au-

225 1833 412 1888 &oritate
434 1868 445 1890 ,
478 1854 524 1880 ac
558 1853 731 1881 numero
765 1834 994 1892 superavit:
1040 1834 1109 1878 etsi
1142 1836 1256 1876 Mar-

225 1891 338 1935 tinus
378 1895 588 1938 Frederico
630 1894 865 1939 AEnobarbo
897 1892 1005 1936 haud
1036 1891 1259 1935 liberaliter

228 1950 444 1995 affentatus
489 1953 648 1996 suarum
693 1952 988 1996 sententiarum
1040 1965 1127 1994 non
1160 1963 1255 2005 pau-

336 2009 440 2061 Jani
462 2011 662 2053 Gravinae
691 2012 807 2053 Tom.
825 2012 858 2053 I.

227 2097 337 2110 ᾖ·
802 2106 814 2112 n

283 2128 357 2169 [a]
407 2134 524 2170 Cynus
539 2130 596 2165 lib.
625 2142 652 2163 1.
680 2133 710 2172 §.
725 2140 834 2165 taceat
849 2152 860 2170 ,
885 2132 922 2163 in
933 2130 998 2171 fin.
1028 2134 1063 2162 C.
1080 2131 1118 2164 de
1128 2132 1176 2163 rei
1187 2142 1258 2163 uxo.

225 2172 354 2207 aelian.

273 2221 293 2259 (,
309 2221 361 2257 '‘)
410 2219 504 2254 Solus
528 2221 618 2254 enim
645 2222 725 2264 saepe
751 2220 785 2253 in
810 2219 1023 2264 opinIonibus
1048 2228 1143 2260 erat,
1183 2220 1259 2253 licet

225 2270 318 2297 totus
356 2265 496 2299 mundus
542 2268 746 2299 contrarium
773 2275 926 2304 teneret,
966 2274 1001 2298 ut
1026 2265 1124 2299 refert
1150 2267 1259 2299 Gloffa

1040 2098 1260 2109 -ὴ

224 2309 410 2352 regularum
437 2314 645 2345 cancellariae
661 2334 670 2343 .
700 2311 935 2345 Affentationis
952 2319 1064 2344 autem
1089 2314 1259 2353 praemium
1278 2331 1280 2333 -

225 2365 246 2387 a
272 2354 438 2389 Friderico
466 2359 493 2389 Ι.
511 2367 630 2399 equum
660 2357 739 2390 tulit
757 2378 766 2396 ‚
798 2365 834 2389 ut
858 2357 902 2388 est
928 2356 1012 2399 apud
1039 2360 1206 2391 Ottonem
1232 2359 1261 2389 δι

225 2400 392 2433 Acerbum
418 2405 595 2435 Morenam
620 2403 658 2435 sle
683 2402 773 2437 rebus
799 2401 1014 2443 laudensibus
1042 2402 1078 2434 in
1103 2402 1259 2435 colleeJio-

225 2455 265 2476 ne
291 2445 454 2478 Leibniaeia·
479 2450 520 2478 T.
536 2450 567 2479 I·
594 2455 626 2490 p.
644 2451 717 2481 818,
756 2447 908 2491 quamvis
948 2448 1053 2479 noster
1091 2447 1154 2480 fide
1181 2451 1261 2479 Pan-

226 2489 323 2522 tiroli
350 2500 415 2522 non
440 2502 458 2522 a
483 2492 678 2532 Frfflerieo,
703 2492 755 2525 sed
848 2492 1019 2529 Hernico,
1047 2502 1151 2534 neque
1170 2497 1258 2525 Mar-

224 2533 323 2611 ῒίῐέο,
365 2534 418 2567 sed
442 2537 579 2578 Azoni,
603 2548 724 2580 equum
749 2549 785 2571 ea
809 2549 862 2570 em
888 2537 927 2570 de
953 2536 1044 2569 causa
1070 2537 1234 2570 tributum
1251 2559 1261 2577 ‚

223 2588 259 2612 re
276 2586 345 2611 erat
360 2602 368 2610 .

271 2623 319 2665 (b
331 2624 350 2663 )
397 2623 499 2658 odof.
517 2630 555 2659 L.
570 2637 635 2659 rem
646 2639 708 2660 non
722 2639 839 2661 novam
857 2648 868 2665 ‚
895 2625 1000 2668 infin.
1018 2627 1094 2659 Cod.
1110 2628 1145 2659 de
1159 2626 1261 2665 judic.

226 2669 328 2703 lsern.
344 2670 477 2712 confisi
492 2672 595 2704 dubit.
614 2672 751 2705 Roland.
768 2684 786 2704 a
803 2672 959 2713 Vel-cons.
975 2675 1086 2710 46.nu.
1105 2683 1153 2711 14.
1168 2671 1264 2711 lib.3.

275 2714 346 2755 [c]
396 2717 495 2750 Gloss.
520 2717 559 2749 (9⁴
581 2716 702 2751 odofr.
731 2717 858 2750 L-bene
884 2728 904 2750 a
929 2721 1118 2750 Zenon-rc.
1135 2718 1173 2751 de
1188 2728 1260 2761 qua⁹

229 2760 326 2792 arim.
352 2764 528 2805 praescrt'pt.

277 2805 374 2845 [⁴‘'‘]
423 2807 527 2841 Aucta
567 2806 643 2841 dein
679 2807 830 2842 adulatio
865 2820 883 2840 a
920 2807 1056 2842 Bartolo
1080 2808 1111 2841 &
1134 2807 1263 2845 Baldo,

231 2857 372 2890 quorum
394 2851 448 2884 ille
473 2855 515 2886 ad
529 2856 566 2885 L.
588 2865 639 2892 24.
670 2858 714 2886 D.
730 2855 768 2886 de
787 2861 872 2896 capt.
901 2853 940 2886 (θ’
967 2852 1106 2896 postlim.
1135 2864 1202 2886 rev.
1218 2856 1267 2886 Et

227 2893 315 2934 sorte
332 2916 342 2934 ‚
367 2895 497 2938 inquit,
519 2899 547 2939 fi
577 2901 648 2941 quis
672 2900 816 2939 diceret,
842 2900 1008 2931 dominum
1038 2903 1265 2941 Imperatorem

231 2947 297 2968 Μή
333 2938 392 2989 ‘J'ff'
416 2945 595 2976 Dominum
620 2944 658 2976 Θ
684 2944 890 2977 monarcham
916 2946 1021 2977 totius
1045 2944 1128 2977 orbis
1152 2967 1163 2983 ‚
1190 2942 1267 2986 effer

232 2983 421 3023 haefss‘cusa
448 2990 524 3029 quia
548 2990 666 3021 diceret
691 3000 800 3022 cantra
823 2990 1127 3023 determinationem
1154 2990 1263 3022 Eccle-

223 3026 301 3069 fiae.
330 3027 446 3061 Baldus
470 3043 546 3064 vero
571 3036 607 3065 in
638 3037 769 3066 Prooem-
798 3036 882 3077 Dig.
914 3035 1137 3078 imperatorem
1165 3035 1266 3066 domi-

233 3083 311 3104 ’ΨΜ
336 3076 480 3114 appellat
504 3078 656 3118 unsversae
681 3080 844 3119 ditionis,
872 3091 936 3122 qzeae
972 3081 1190 3120 ascendentem
1216 3079 1264 3111 de-

233 3117 502 3163 scendentemque
526 3120 564 3153 <⁸2⁴
588 3132 759 3168 utrumque
785 3125 888 3160 latius
912 3125 1144 3168 adspicit-mrem
1159 3126 1267 3158 Solem

1314 184 1378 212 cas
1411 169 1571 225 publica
1604 164 1871 224 Imperatoris
1918 166 2161 214 auf’toritate
2213 172 2361 217 funda-

1316 227 1367 269 rit
1396 243 1405 268 ε
1442 228 1527 278 (la)
1573 242 1648 271 nec
1681 225 1835 268 mirum
1868 225 2058 268 Martino
2095 240 2182 270 tam
2217 231 2358 275 secun-

1315 284 1413 328 dum
1446 283 1558 327 fuiffe
1593 284 1852 328 Fredericurn
1879 298 1891 337 3
1923 299 2020 327 cum
2046 315 2057 336 ‚
2093 295 2138 327 ut
2169 287 2356 342 Impera-

1316 341 1416 385 toris
1447 342 1622 396 gratiam
1664 342 1734 385 fibi
1766 341 1978 385 Martinus
2012 354 2170 396 pareret
2197 374 2210 396 ‚
2253 347 2269 396 (
2296 363 2315 386 c
2340 347 2358 397 )

1316 398 1359 441 in
1391 399 1576 441 maxima
1610 400 1880 443 contentione
1913 398 2082 442 illorum
2115 412 2354 456 temporum

1316 457 1423 498 inter
1463 455 1633 510 populos
1670 487 1683 508 ‚
1730 457 1775 501 δι
1819 455 2055 511 Principem
2105 457 2152 500 de
2195 458 2353 505 juribus

1316 511 1489 567 Imperii
1515 543 1528 565 ‚
1562 512 1775 556 Martinus
1806 512 1961 556 veritus
1993 529 2077 557 non
2110 514 2233 558 fuerit
2269 516 2389 560 sen-.

1313 569 1444 613 tentia
1488 569 1552 612 sua
1584 585 1722 613 rerum
1765 570 1958 614 omnium
1990 571 2225 616 dominium
2255 604 2267 625 ,
2310 574 2359 617 δε

1316 627 1603 683 proprietatem
1638 627 1885 683 Imperatori
1930 627 2157 680 adjudicare
2186 663 2195 673 .
2244 630 2359 683 (¹⁹³)

1315 687 1410 738 Quo
1441 683 1633 738 meruit,
1682 697 1728 728 ut
1768 684 1888 739 ipsius
1930 687 2069 741 agnati
2119 703 2143 730 a
2196 688 2357 731 Caesare

1314 742 1436 793 (***)
1466 743 1573 785 inter
1593 741 1799 795 Principes
1819 741 2068 787 referrentur
2093 776 2101 786 .
2133 747 2151 798 <
2173 745 2236 796 d)
2261 747 2355 789 Hac

1313 811 1452 842 autem
1495 799 1680 855 pudenda
1722 799 1814 843 sane
1865 801 2094 844 ambitione
2121 833 2134 854 ‚
2178 802 2355 846 arbitror

1313 857 1552 899 Martinum
1594 856 1698 913 apud
1740 857 1911 914 aequales
1942 889 1954 912 ,
1997 858 2041 901 δε
2073 859 2247 914 posteros
2290 860 2360 902 in-

1314 914 1424 958 vidia
1465 914 1708 970 flagrantem
1743 946 1756 969 9
1797 914 1896 958 adeo
1940 915 2078 970 paucis
2134 916 2357 972 opiniones

1314 971 1490 1026 probasse
1534 972 1617 1015 suas
1654 988 1667 1025 3
1722 984 1767 1015 ut
1808 971 1892 1023 ejus
1934 972 2124 1028 discipuli
2175 975 2226 1017 ab
2269 976 2361 1017 Ac-

1314 1029 1440 1073 curfio
1466 1061 1478 1082 ,
1522 1046 1593 1085 per
1623 1029 1893 1073 deridiculum
1926 1030 2098 1073 Gofiani
2142 1030 2361 1086 appellen-

1313 1098 1409 1130 tur:
1453 1087 1497 1130 &
1529 1087 1650 1138 Jason
1692 1087 1961 1142 pronunciare
2013 1103 2098 1130 non
2143 1088 2358 1132 dubitave-

1314 1145 1398 1187 rit:
1443 1143 1549 1186 nihil
1586 1144 1671 1188 veri
1702 1161 1725 1187 a
1757 1145 1949 1187 Martino
1999 1144 2134 1188 afferri
2187 1144 2312 1189 solere
2346 1176 2357 1188 .

1312 1201 1392 1251 (e)
1437 1204 1601 1254 Anceps
1643 1200 1753 1244 fama
1794 1202 1849 1244 est
1876 1232 1887 1252 ‚
1938 1201 2059 1246 illum
2110 1203 2162 1245 ab
2206 1204 2356 1246 Azone

1311 1257 1494 1300 clavibus
1518 1257 1710 1300 auditorii
1737 1258 1964 1312 percussum
1990 1259 2229 1302 exanimem
2251 1275 2359 1304 con-

1311 1314 1470 1367 cidisse,
1503 1313 1704 1357 fremente
1730 1320 1905 1368 Azone,
1928 1316 2034 1370 quod
2067 1316 2160 1359 esset
2194 1333 2216 1358 a
2237 1318 2355 1359 Mar-

1314 1371 1403 1414 tino
1427 1372 1470 1414 in
1501 1371 1772 1426 disputatione
1796 1371 2021 1426 superatus.
2056 1373 2213 1416 Floruit
2235 1374 2354 1416 Mar*

1311 1429 1420 1472 tinus
1466 1429 1597 1472 seculo
1648 1428 1893 1474 duodecimo
1940 1445 2052 1473 anno
2099 1430 2229 1474 aetatis
2277 1430 2355 1474 suae

1313 1487 1570 1531 LXXVIII.

1454 1545 1494 1587 C
1553 1545 1594 1587 A
1657 1544 1687 1586 P
1747 1545 1791 1586 U
1853 1545 1895 1586 T
2013 1545 2217 1590 CXLVI.

1682 1631 1750 1675 De
1780 1631 1868 1673 Bul
1869 1645 1963 1687 garo
1976 1661 1988 1675 .

1440 1716 1553 1760 Ffert
1600 1716 1634 1760 se
1679 1715 1775 1760 huic
1830 1732 1879 1760 ex
1935 1717 2102 1762 adverso
2154 1716 2351 1774 Bulgarus

1455 1773 1618 1830 aequalis
1649 1772 1758 1826 eju3‚
1783 1773 1828 1817 ὃς
1858 1774 2028 1818 aemulus
2055 1806 2067 1827 ‚
2112 1791 2234 1831 quem
2269 1777 2356 1832 ple-

1310 1831 1423 1888 rique
1455 1831 1614 1875 faciunt
1641 1831 1945 1875 Bononiensem
1969 1864 1993 1875 .,
2014 1835 2054 1875 Is
2084 1833 2189 1888 apud
2225 1849 2357 1889 popu·

1310 1888 1393 1942 los,
1427 1904 1511 1932 non
1544 1889 1674 1932 solum
1707 1888 1890 1932 doetrina
1918 1921 1930 1942 ‚
1968 1889 2029 1933 sed
2054 1890 2097 1933 ὃ(
2123 1892 2256 1946 gratia
2280 1908 2354 1935 va-

1309 1945 1425 1990 luit:
1470 1958 1592 2003 atque
1640 1947 1693 1990 ob
1724 1947 2086 2002 pronunciationis
2131 1950 2312 2004 leporem
2339 1980 2352 2003 ‚

1942 2007 1975 2047 L
2315 2021 2361 2049 os

1641 2101 1899 2113 -----........-—-.-
1903 2099 2138 2111 —,-.—-
2143 2099 2250 2110 ...—

1308 2132 1441 2172 respicit
1457 2153 1467 2163 .
1505 2131 1581 2164 Fui-t
1606 2139 1718 2164 tamen
1744 2132 1770 2163 is
1796 2142 1867 2164 mos
1894 2130 1960 2169 jam
2001 2130 2165 2163 veteribus
2191 2129 2359 2173 quodam-

1309 2175 1408 2208 modo
1449 2176 1483 2208 in
1519 2176 1604 2216 usu,
1644 2185 1679 2208 ut
1705 2176 1838 2218 apparet
1863 2188 1899 2209 ex
1928 2179 1964 2208 L.
1988 2188 2016 2215 9-
2047 2176 2084 2207 de
2108 2178 2192 2216 Lego
2225 2174 2351 2209 Rhodia

1309 2223 1345 2253 de
1368 2218 1460 2259 jsc't'u
1478 2242 1488 2251 .
1527 2221 1627 2255 Ultra
1651 2221 1757 2254 adhue
1784 2229 1923 2264 pergunt
1961 2224 2065 2262 Reges
2094 2219 2127 2251 in
2153 2221 2267 2257 Simu,
2294 2219 2353 2263 qui

1309 2267 1385 2299 coeli
1419 2275 1578 2308 terraeque
1614 2266 1791 2306 imperium
1828 2267 1886 2299 sibi
1923 2265 2111 2298 adscribunt
2152 2266 2182 2296 Sc
2221 2264 2355 2297 §ultani

1312 2309 1556 2345 Babilonienses
1582 2313 1612 2344 &
1639 2312 1815 2354 aegyptii,
1846 2312 1903 2353 qui
1929 2311 1999 2344 Diis
2015 2311 2043 2343 se
2059 2310 2222 2351 imperare
2239 2308 2352 2347 ajunt,

1311 2365 1346 2389 ut
1361 2356 1513 2388 obsera-,tt
1531 2380 1539 2388 .
1571 2360 1636 2390 111.
1655 2368 1717 2388 van
1735 2357 1977 2396 ssynkershoek
2008 2354 2047 2387 ad
2071 2354 2237 2388 laudatam
2252 2355 2358 2396 legem

1312 2409 1380 2444 cap.
1398 2406 1428 2433 6.
1459 2402 1551 2434 idem
1575 2401 1685 2434 vidiffe
1709 2403 1844 2434 testatur
1887 2403 1920 2434 in
1949 2400 2113 2433 Archiv-iis
2141 2399 2247 2433 Curiae
2274 2400 2357 2430 Feu-

1311 2446 1394 2478 dalis
1424 2444 1632 2479 Hollandieae
1657 2446 1801 2479 edietum
1826 2445 2011 2481 huiusmodi
2039 2445 2171 2476 Sultani
2191 2465 2200 2481 ‚
2230 2444 2263 2475 in
2289 2452 2357 2484 quo

1314 2492 1399 2524 inter
1438 2491 1581 2533 reliquos
1621 2491 1737 2524 titulos
1764 2492 1813 2523 bis
1839 2492 1941 2522 eriam
1967 2489 2085 2522 inferni
2113 2488 2290 2529 imperium
2318 2498 2352 2519 e-

1315 2544 1529 2574 numeretur;
1568 2535 1709 2573 datum,
1747 2544 1783 2567 ut
1821 2535 1963 2567 habebat
1998 2534 2189 2574 subscriptio
2213 2554 2223 2571 ‚
2263 2543 2352 2563 anno

1313 2579 1427 2614 mundi
1462 2585 1562 2618 6013.
1602 2581 1707 2612 aetatis
1747 2580 1806 2612 suae
1839 2591 1888 2619 9¹·
1931 2577 2097 2611 Nazareni
2121 2586 2257 2616 autem,
2284 2578 2349 2610 filii

1313 2625 1456 2668 Joseph,
1483 2635 1526 2657 ex
1554 2631 1650 2667 gente
1676 2623 1781 2657 David
1806 2624 1937 2666 cognati
1963 2624 2008 2655 sui
2045 2632 2133 2662 1413.

1358 2670 1479 2712 (⁴‘*'‘)
1526 2670 1592 2711 Qui
1616 2671 1718 2703 etiam
1744 2670 1906 2702 notiffima
1936 2670 2138 2701 Ambemica
2168 2665 2283 2699 habita
2311 2668 2348 2698 C.

1313 2728 1352 2749 ne
1380 2715 1477 2757 filius
1501 2723 1556 2757 pro
1581 2724 1697 2755 patre,
1726 2713 1917 2757 professores
1944 2715 1973 2746 &
2001 2712 2159 2746 studiosos
2186 2710 2352 2759 iurislex-

1314 2761 1402 2794 imiis
1428 2760 1611 2803 privilegiis
1637 2760 1794 2799 ornavit,
1822 2759 1854 2790 id
1883 2770 2006 2803 agens,
2036 2765 2072 2791 ut
2098 2758 2243 2805 excitato
2270 2757 2350 2793 iuris

1313 2807 1423 2840 civilis
1447 2805 1550 2839 studio
1590 2806 1751 2847 exemplo
1777 2804 1898 2837 veteris
1926 2804 2059 2846 Imperii
2112 2803 2261 2839 maiestas
2287 2802 2350 2833 im-

1315 2851 1478 2894 peratoria
1516 2851 1707 2883 assereretur
1724 2873 1735 2890 ,
1776 2851 1907 2893 primo,
1935 2856 2049 2882 contra
2075 2851 2188 2881 Status
2213 2852 2351 2881 Germa-

1315 2898 1398 2936 niae,
1438 2896 1604 2929 libertatis
1629 2895 1810 2934 studiosos,
1837 2904 1909 2927 tum
1934 2904 2063 2938 quoque
2095 2901 2209 2925 contra
2240 2890 2354 2923 Ponti-

1314 2944 1409 2975 ficem
1434 2945 1624 2974 Romanum
1640 2962 1649 2978 ‚
1689 2940 1873 2983 Imperium
1897 2940 1931 2970 ln
1959 2939 2103 2981 Imperio
2129 2937 2348 2985 molientem..

1315 2992 1424 3029 Quam
1460 2986 1697 3022 Anthenticam
1748 2985 1859 3027 lepido
1896 2984 2136 3016 commentario
2176 2982 2351 3014 illustravit

1318 3033 1375 3064 Vir
1403 3031 1484 3064 acris
1521 3032 1551 3063 St
1576 3032 1700 3064 amoeni
1726 3030 1848 3074 ingenii
1879 3029 2035 3062 Rebuffus
2053 3052 2060 3060 .

1361 3078 1446 3118 (d)
1492 3080 1578 3116 Cyn·
1604 3079 1641 3108 L.
1662 3087 1690 3108 1·
1718 3078 1745 3118 §.
1766 3085 1881 3108 taceat.
1902 3078 1935 3106 C,
1964 3075 2001 3107 de
2014 3075 2060 3105 rei
2074 3082 2159 3106 uxor.
2176 3070 2293 3106 astion.

1360 3121 1451 3164 (e)
1499 3121 1625 3157 Alciat.
1658 3128 1784 3165 parerg.
1815 3123 1840 3155 Ι.
1859 3131 1887 3161 9«
1915 3121 2060 3162 cap-ult.
