2596 3479
283 75 305 126 3
323 72 389 126 50

255 147 348 175 vem
381 133 668 177 exoneraverit
693 166 731 188 ,,
758 133 899 178 frustra
943 136 1302 183 contributionern

259 188 508 251 postulabit:
544 206 639 234 cum
665 192 703 234 id
737 203 902 236 tanturn
936 192 982 236 fit
1015 194 1264 240 reddendum
1297 230 1309 251 ‚

259 247 372 298 cujus
404 247 564 298 iacturae
597 249 794 295 beneficio
818 282 829 303 ‚
863 250 1090 305 periculum
1116 255 1230 298 navis
1252 254 1306 299 ef-

262 304 415 362 fugerit
435 337 444 348 .
477 307 542 359 (a)
572 307 612 350 Si
640 323 736 352 vero
763 307 880 351 navis
906 326 927 351 a
956 311 1128 365 privatis
1157 313 1313 358 redem-

260 376 303 408 ta
335 362 458 408 fuerit
480 395 492 418 ,
523 380 668 409 omnes
693 365 863 409 domino
887 367 1007 410 navis
1033 370 1218 414 conferre
1245 371 1314 416 de-

264 422 355 467 bere
374 454 387 476 ‚
420 422 610 473 Servius,
643 423 793 467 Ofilius
819 457 830 477 ,
862 425 997 469 Labeo
1031 428 1312 473 tradiderunt.

261 481 346 533 (b)
380 481 506 524 Porro
534 494 655 535 caput
683 480 762 526 hoc
790 481 889 540 legis
919 484 1088 529 Rhodiae
1115 487 1163 530 ad
1190 503 1312 532 naves

261 538 442 595 pertinet
476 538 683 582 onerarias
714 540 762 583 ad
800 544 1118 597 comportandas
1156 561 1311 589 merces

262 607 520 651 comparatas
549 627 561 649 ,
611 611 700 652 quae
734 596 976 655 plerumque
1002 617 1168 657 capaces
1195 618 1312 647 erant

261 654 405 698 decem
438 651 626 698 millium
653 655 888 702 modiorum
921 674 932 699 τ
981 674 1063 701 non
1093 673 1230 707 autern
1264 663 1310 705 ad

261 725 388 755 naves
413 709 555 766 longas
580 744 592 765 ,
626 712 690 756 seu
725 715 911 759 triremes
939 746 949 757 .
997 718 1013 767 (
1035 719 1083 767 c)
1109 720 1310 764 Ceterum

262 769 291 812 fi
317 768 434 813 navis
458 770 632 812 deterior
662 770 766 815 faeta
793 771 917 816 fuerit
939 789 947 814 :
984 774 1127 819 frustra
1153 779 1308 821 contri-

263 827 377 870 butio
406 826 675 882 postulabitur
708 862 717 873 .
767 831 850 882 (d)
889 831 1081 877 Tandem
1110 833 1307 885 judicium

260 884 341 929 hoc
367 884 425 928 ita
450 885 711 941 instituetur,
741 901 786 931 ut
814 904 948 933 rerum
976 891 1216 938 amissarum
1237 894 1308 938 do-

260 943 369 988 mini
409 959 458 987 ex
498 943 633 988 locato
657 960 781 1001 agant
809 962 904 991 curn
931 949 1122 1002 magistro
1157 954 1272 996 navis
1293 986 1304 1007 ‚

261 1016 315 1045 ne
350 1000 531 1046 restituat
569 1017 627 1045 res
664 1003 921 1049 conservatas
956 1039 967 1061 ,
1015 1007 1144 1054 donec
1182 1026 1232 1054 ex
1261 1012 1306 1054 iis

261 1060 462 1103 damnum
498 1060 704 1104 reficiatur
738 1061 917 1109 dominis
949 1081 1085 1110 rerum
1111 1067 1303 1123 projesta-

260 1133 352 1161 rum
375 1131 383 1159 ε
420 1117 525 1162 unde
555 1120 670 1163 navis
693 1121 885 1178 magister
910 1138 960 1169 ex
986 1125 1188 1170 condusto
1214 1136 1307 1183 aget

259 1191 356 1219 cum
385 1175 553 1231 reliquis
580 1209 591 1231 ‚
641 1193 818 1234 quorum
847 1181 935 1224 sunt
963 1182 1078 1226 salvae
1108 1200 1262 1230 merces
1293 1219 1305 1240 ,

262 1245 305 1279 ut
330 1233 628 1281 detrimentum
655 1238 921 1294 proportione
945 1244 1305 1288 communicetur.

431 1351 877 1399 CAPUT

460 1436 490 1459 Ο

983 1357 1131 1403 CXII.

573 1468 642 1512 De
671 1467 774 1525 Lege
803 1470 993 1517 Licinia,

367 1580 558 1638 Ffugerat
587 1597 693 1645 pene
727 1583 832 1630 mihi
866 1597 927 1630 tot
959 1587 1068 1631 inter
1099 1586 1162 1632 lex
1199 1588 1306 1633 Lici-

389 1640 455 1683 nia
488 1672 500 1695 ‚
531 1656 643 1693 cujus
674 1640 762 1686 leve
795 1643 901 1687 mihi
934 1646 1156 1690 admodum
1190 1646 1304 1690 vesti-

261 1698 376 1761 gium
411 1698 613 1763 reperitur
639 1700 744 1754 apud
768 1702 1034 1748 Marcianum
1056 1735 1069 1758 ‚
1101 1705 1160 1756 (e)
1184 1721 1305 1761 quarn

260 1754 441 1810 explicat
470 1757 665 1808 Cuiacius
696 1789 706 1800 .
749 1758 855 1813 (f)
884 1762 945 1807 Ea
978 1761 1043 1806 lex
1069 1761 1222 1817 cavit',
1257 1779 1305 1807 ne

261 1814 737 1877 communi-dividundo
773 1817 935 1865 afflone
968 1831 1153 1864 uteretur
1182 1820 1213 1863 is
1248 1821 1304 1864 so·

264 1872 350 1915 cius
374 1902 398 1936 ‚·
436 1887 507 1928 qui
534 1884 690 1927 partem
719 1875 774 1918 rei
801 1876 1039 1921 communis
1069 1877 1269 1922 alienavit
1293 1911 1306 1932 ‚

264 1942 311 1972 ut
336 1941 510 1974 evitaret
534 1930 814 1979 licitationem
839 1933 952 1981 illius
972 1967 983 1987 ‚
1012 1948 1305 1993 proptereaque

263 1986 511 2031 transtulerit
543 2000 703 2044 partem
729 1988 839 2036 suam
865 1992 908 2035 in
937 1993 1241 2048 potentiorem,
1262 2007 1307 2038 ut

263 2043 464 2088 licitando
489 2043 560 2088 ille
583 2046 912 2094 vincatincusso
937 2051 1130 2103 potentiae
1158 2065 1271 2096 metu
1298 2085 1307 2095 .

264 2102 382 2166 Nam
409 2101 434 2145 fi
463 2102 605 2148 eadem
634 2120 722 2160 pars
745 2137 758 2162 ,
791 2108 977 2151 nondum
1009 2107 1164 2152 sublata
1190 2125 1308 2154 corn-

265 2174 468 2222 munione
488 2192 500 2215 ‚
531 2161 580 2204 ad
603 2177 699 2206 eum
721 2194 733 2218 ,
764 2164 836 2222 qui
861 2165 1115 2210 alienaverat
1137 2199 1148 2217 ‚
1180 2167 1299 2212 redie-

266 2230 324 2260 rit
360 2233 374 2273 3
422 2233 509 2262 non
548 2219 702 2276 poterit
735 2222 816 2280 ipse
839 2223 1020 2280 amplius
1051 2223 1262 2280 duplicem
1293 2257 1306 2279 ‚

269 2351 775 2369 n———na—-m—

997 2358 1311 2371 ————.

312 2431 328 2469 (
345 2432 397 2472 a)
420 2431 534 2471 Cuiac.
551 2432 608 2467 ub.
629 2444 680 2475 ¹9.
696 2437 833 2480 respons.
851 2439 970 2482 Papia.
988 2442 1026 2473 L·
1047 2437 1129 2484 30ff.
1145 2438 1216 2473 eod·

312 2478 332 2517 (
345 2477 362 2511 b
376 2479 395 2518 )
421 2481 459 2513 Ι..
482 2479 553 2522 2.fi
566 2483 665 2515 navis
679 2479 715 2525 ff.
730 2484 820 2516 ends

308 2523 360 2563 (ε)
384 2523 495 2563 Cuiac.
511 2524 592 2559 ibid.
904 2530 909 2535 ’

316 2570 368 2610 [d]
397 2574 434 2603 L.
452 2581 482 2603 2.
501 2572 533 2614 §.
549 2582 578 2602 1.
592 2570 629 2614 ff
644 2571 681 2604 de
701 2574 724 2605 ἱ.
747 2574 847 2607 Κῆοᾰ.
867 2575 905 2608 de
923 2574 1000 2614 jafi.

313 2616 362 2655 (a)
388 2617 424 2647 L.
440 2618 501 2649 ult.
514 2615 552 2661 ff.
569 2617 608 2649 de
620 2618 716 2650 alim.
731 2618 801 2657 jud.
819 2630 901 2654 mut.
979 2636 986 2642 ·

313 2661 396 2701 (f)
423 2661 461 2692 1..
485 2663 795 2705 1.fam.erciscuad.

315 2707 363 2753 (ᾖ
377 2706 396 2744 )
443 2705 504 2740 Ille
541 2707 643 2750 igitur
678 2708 747 2752 ipso
787 2707 858 2746 jure
881 2730 892 2747 ,
933 2709 987 2745 hic
1011 2721 1073 2751 ope
1099 2707 1307 2752 exceptionis

277 2759 296 2783 e
346 2749 469 2793 judicio
515 2753 686 2789 communi
722 2753 904 2789 dividundo
941 2757 1107 2792 arcebitur
1131 2779 1144 2798 ,
1185 2756 1216 2788 &
1255 2755 1307 2789 in-

1298 2536 1300 2538 ’
1360 2522 1466 2569 cauffae
1500 2521 1592 2564 suffla
1622 2545 1630 2559 ι

576 23 581 27 ’
628 58 731 112 DE
761 57 1114 128 LEGuzUS,
1159 62 1267 116 ET
1295 59 2124 122 SENATUSCONSULTrs.

1359 154 1484 194 quam
1521 140 1694 182 habebat
1729 140 1937 185 affl-onem
1975 173 1989 195 ,
2041 143 2226 188 adversus
2252 144 2408 193 socium

1360 211 1548 241 exercere
1570 212 1582 249 3
1613 198 1655 240 ὃ(
1682 197 1707 240 fi
1733 199 1941 253 poten'ior
1966 198 2037 243 ille
2066 199 2151 254 post
2172 214 2330 257 partem
2361 205 2408 248 in

1364 253 1398 297 se
1435 253 1660 299 alienatam
1693 257 1909 299 communi
1939 257 2162 301 dividundo
2186 273 2282 316 agat
2311 277 2407 306 cum
2474 267 2482 274 ‘

1361 311 1492 356 altero
1519 311 1624 356 socio
1647 329 1660 366 ς
1682 312 1899 368 repelletur
1923 315 1982 367 ('‘)
2008 315 2252 370 exceptione
2269 350 2282 372 ,
2301 320 2407 375 quod

1360 371 1539 414 alienata
1569 386 1629 415 res
1642 369 1704 425 fit
1728 372 1874 424 judicii
1898 374 2085 417 mutandi
2108 374 2256 429 causa.

1537 514 1577 558 C
1639 517 1678 559 A
1741 515 1771 560 P
1830 519 1873 560 U
1935 519 1979 561 T
2067 518 2242 564 CXIII.

1487 629 1531 673 S.
1559 632 1610 675 C.
1641 632 1708 676 De
1738 632 1949 690 Religione
1973 635 2246 691 sepulcrorum
2267 666 2277 678 .

1466 777 1588 820 Inem
1613 775 1875 833 imponamus
1899 776 2012 833 operi
2040 776 2212 821 materia
2227 777 2405 833 funebri,

1472 850 1553 890 quo
1579 850 1638 878 res
1663 850 1808 878 omnes
1837 836 2029 878 humanae
2053 848 2320 889 commeant,
2341 848 2404 880 at·

1357 905 1435 946 que
1476 891 1694 936 referamus
1730 894 1769 935 S.
1796 893 1848 935 C.
1885 893 1933 936 de
1975 891 2175 946 religione
2204 894 2410 950 sepulcro-

1357 964 1448 992 rum
1480 980 1492 1005 ,
1549 965 1631 1006 quo
1677 950 1968 1005 prohibebatur
1999 949 2178 1007 sepulcra
2205 951 2250 994 in
2274 951 2407 995 aliurn

1357 1008 1462 1051 verti
1493 1007 1610 1052 usum
1643 1040 1654 1060 ‚
1698 1023 1823 1064 quam
1850 1008 2052 1052 condendi
2081 1008 2287 1053 cadaveris
2312 1009 2405 1052 illa-

1357 1065 1385 1108 ti
1408 1097 1420 1116 ,
1452 1065 1495 1109 ἃ
1511 1066 1742 1109 ven-„indari
1761 1099 1772 1121 ,
1806 1078 1875 1110 aut
1893 1066 2115 1119 permutari
2139 1098 2151 1119 ,
2185 1078 2229 1108 ut
2251 1067 2293 1109 in
2313 1082 2406 1121 pro-

1357 1122 1451 1166 fana
1474 1124 1735 1168 commercia·
1753 1125 1980 1169 concedant
2008 1156 2017 1166 .
2069 1126 2154 1180 (g)
2187 1125 2400 1179 'santique

1358 1181 1501 1234 religio
1526 1181 1720 1227 funerum
1745 1182 1797 1225 cst
1828 1215 1840 1235 ,
1900 1195 1947 1226 ut
1982 1181 2109 1226 etiarn
2149 1181 2231 1232 post
2257 1180 2406 1224 fundos

1355 1239 1543 1284 venditos
1569 1241 1721 1296 priores
1745 1239 1905 1283 domini
1930 1272 1942 1290 ,
1992 1240 2063 1296 qui
2091 1240 2319 1293 {epulcrurn
2347 1238 2406 1283 ibi

1357 1297 1561 1340 habebant
1585 1328 1599 1351 ‚
1641 1296 1701 1350 jus
1724 1299 1880 1341 adeund
1899 1313 2006 1341 ›rurn
2034 1297 2310 1351 sepulcrorum
2341 1311 2404 1341 re-

1357 1355 1537 1398 tinerent
1557 1387 1569 1408 ‚
1615 1368 1781 1411 propter
1805 1355 1942 1413 legem
1969 1356 2214 1410 praediorum
2240 1366 2406 1397 venun-

1355 1412 1581 1456 dandam-n
1608 1445 1621 1467 ,
1654 1429 1730 1469 qua
1756 1418 1976 1457 cavebatur
1995 1446 2007 1466 ,
2040 1426 2083 1456 ut
2115 1413 2164 1455 ad
2190 1410 2404 1475 sepulcra,

1355 1484 1443 1526 quae
1468 1471 1509 1512 in
1536 1469 1672 1513 fundis
1707 1484 1793 1513 2unt
1815 1502 1827 1523 ,
1862 1472 1938 1513 iter
1967 1469 2051 1520 ejus
2075 1470 2206 1512 aditus
2225 1499 2238 1523 ,
2269 1467 2406 1512 ambt-

1358 1541 1418 1570 tus
1445 1526 1600 1571 funeris
1617 1526 1799 1585 ‚faciendi
1833 1527 1892 1569 fit.
1938 1529 2049 1580 (h).

1415 1585 1624 1628 Hazstenus
1637 1600 1685 1628 ex
1701 1583 1992 1639 antiquissimis
2014 1580 2299 1626 monumentis
2319 1583 2411 1625 Ro-

1358 1658 1479 1686 mana
1502 1641 1668 1689 exordia
1691 1640 1789 1692 juris
1814 1641 1965 1694 privati
1991 1641 2098 1684 edita
2125 1639 2244 1683 sunto
2265 1670 2275 1682 .
2309 1641 2406 1695 Quo

1358 1700 1495 1743 minus
1526 1714 1693 1753 autem,
1725 1698 1960 1756 quicunque
1991 1698 2119 1741 leelor
2148 1697 2248 1752 sapis
2273 1728 2286 1750 ‚
2331 1698 2406 1740 ab·

1357 1757 1494 1804 duetus
1521 1758 1637 1803 turba
1665 1757 1955 1811 imperitorum
1973 1788 1984 1808 ‚
2008 1755 2232 1812 quidquam
2254 1753 2408 1799 horum

1358 1815 1414 1858 uti
1451 1815 1685 1859 obsoletum
1723 1828 1791 1857 tua
1829 1829 1924 1858 cum
1964 1813 2101 1856 fraude
2129 1812 2409 1866 praeterieris;

1356 1872 1563 1927 cogitato,
1596 1871 1830 1918 labentibus
1854 1870 2226 1926 priscisinstitutis‚
2262 1883 2408 1926 peren·

1358 1946 1454 1974 nem
1485 1943 1626 1973 tamen
1660 1929 1754 1973 teeti
1791 1929 1963 1983 speciem
1995 1928 2050 1972 ibi
2079 1926 2278 1982 sculptam
2311 1958 2324 1980 ‚
2357 1940 2405 1970 e-

1359 1988 1612 2044 xemplisque
1643 1987 1761 2029 novis
1779 2018 1792 2040 ‚
1812 2002 1859 2030 ac
1882 1985 2080 2029 similibus
2096 2015 2109 2038 ,
2133 1997 2407 2048 communem

1358 2059 1476 2102 atque
1496 2044 1785 2099 promiscuam
1807 2075 1819 2095 ‚
1852 2058 2069 2099 nunquam
2101 2042 2365 2085 interituram
2389 2071 2405 2096 ‚

1359 2118 1489 2160 neque
1519 2101 1605 2154 ullo
1631 2117 1713 2144 non
1742 2114 1927 2158 ternpore
1952 2099 2195 2157 mortalibus
2219 2098 2410 2154 profutu-

1360 2177 1446 2206 ram
1471 2160 1718 2214 ubicumque
1741 2160 1933 2216 gentium
1957 2173 2046 2203 non
2073 2156 2200 2202 libido
2216 2188 2230 2212 ,
2263 2156 2324 2202 sed
2343 2170 2407 2200 ra-

1363 2221 1422 2263 tio
1453 2217 1691 2262 dominetur
1716 2248 1726 2260 .

1367 2354 1470 2365 ...—

1363 2435 1450 2468 vitus
1504 2430 1608 2464 etiam
1662 2430 1697 2464 in
1752 2440 1886 2473 poenam
1925 2425 2049 2463 fraudis
2085 2426 2120 2460 in
2162 2424 2403 2477 communione

1361 2479 1407 2513 rei
1449 2487 1581 2512 manere
1621 2485 1757 2520 cogetur
1795 2478 1834 2509 L.
1867 2485 1917 2508 η-
1961 2477 2007 2506 D.
2035 2473 2072 2506 de
2095 2472 2193 2506 alien.
2219 2472 2288 2511 jud.
2319 2481 2410 2505 mue.

1674 2522 1740 2555 fine
1793 2520 2045 2563 transpofit²one
2102 2516 2267 2552 Ranchini
2306 2516 2410 2550 intel-

1361 2570 1417 2613 ligi
1455 2568 1539 2611 poffe
1578 2566 1746 2601 Noodtius
1781 2567 1812 2599 ὅ(
1853 2564 2077 2607 Schultingius
2135 2561 2308 2596 ostendunt
2363 2560 2408 2594 ad

1358 2615 1428 2650 Tit.
1470 2610 1625 2647 Pudet-q.
1664 2613 1702 2646 de
1738 2612 1938 2646 alienatione
1960 2609 2082 2651 iudicis*
2120 2608 2278 2642 mutandi
2304 2607 2396 2651 caus·

1374 2674 1393 2694 a
1434 2659 1504 2692 αθι
1523 2681 1530 2689 -

1356 2662 1382 2703 Γ
1405 2661 1481 2746 [fg]
1511 2703 1550 2736 L'
1574 2712 1623 2735 12.
1641 2703 1669 2745 §.
1691 2712 1716 2735 1.
1734 2699 1771 2743 ff.
1788 2702 1824 2735 de
1836 2702 1930 2744 relig.
1946 2698 2192 2743 &samusart-

1403 2752 1419 2792 ί
1432 2752 1478 2791 h]
1504 2751 1542 2782 L.
1558 2749 1685 2783 utimur
1697 2757 1726 2788 5.
1738 2746 1782 2793 ff.
1796 2748 1835 2781 de
1843 2748 2004 2791 sepulebr.
2021 2749 2149 2782 violan-

802 2905 1106 2962 FINIS
1185 2900 1483 2963 TOMI
1563 2899 1923 2958 PRIMI.
