2596 3479
604 84 752 143 ET
815 59 984 138 ’κη
1061 77 1914 138 TABULARUM.

217 161 448 210 uticiarium
480 159 643 218 foe'nus,
673 160 780 219 quod
811 174 942 204 unum
963 155 1253 220 habiturn-fuit

213 221 359 274 justum
409 219 451 264 in
497 221 653 276 legibus
689 219 793 263 XII.
838 215 965 260 tabul·
1001 217 1254 271 temporibus

214 293 310 320 nem
342 293 363 321 e
395 277 689 323 modestissimis
712 306 726 329 ‚
773 274 818 317 &
866 286 1095 318 mercatura
1127 288 1252 329 quam

214 293 413 379 rarissima
445 353 455 378 z
504 336 688 379 nondum
720 344 862 387 aperto
896 333 1000 375 mari
1045 346 1250 375 commer-

212 391 357 448 cioque
389 393 562 437 aliarum
596 390 813 434 nationum
834 420 844 431 .
878 389 943 432 Ad
975 405 1072 445 quas
1094 391 1249 432 Roma-

211 450 256 494 ni
301 451 457 494 aditum
503 448 572 493 sibi
616 447 742 491 armis
774 446 1052 502 patefecerunt
1090 477 1104 501 ‚
1146 446 1250 490 unde

212 506 386 551 victores
415 508 459 550 in
492 507 636 550 urbem
669 505 879 548 redeuntes
907 535 918 557 ‚
962 520 1054 547 eam
1096 505 1140 547 in
1175 503 1247 547 ser-

211 564 387 607 vitutem
437 565 578 608 dedere
613 562 834 619 peregrinae
868 561 1037 604 lu*‹uriae
1071 593 1083 614 ‚
1127 577 1251 624 quarn

212 622 347 665 secum
379 622 625 667 advexerant
659 652 669 662 .
721 619 1011 663 Crescentibus
1036 632 1172 662 antem
1207 634 1250 661 in

207 677 292 722 dies
322 695 456 723 rerum
491 679 795 734 hominumque
835 677 1096 721 commerciis
1121 709 1133 730 ‚
1166 692 1247 739 cre-

209 736 271 779 vit
301 738 426 781 etiarn
459 737 670 794 opulentia
702 751 954 792 paucorum:
991 751 1086 778 cum
1122 735 1247 790 pluri-

208 809 377 837 morum
421 796 594 851 egestate
631 811 640 836 τ
697 794 802 838 unde
849 792 1085 849 legitimum
1129 792 1253 835 usurae

208 852 381 895 modurn
416 853 688 907 superarunt:
725 864 769 894 ut
802 866 887 894 non
921 866 1011 893 raro
1045 850 1164 894 novis
1196 850 1253 893 le-

209 908 327 961 gibus
372 911 610 953 modestiam
658 909 869 964 pristinam
904 924 1099 952 renovare
1130 923 1248 963 opor—

211 977 335 1009 tuerit
391 968 434 1010 ἃ
467 983 601 1011 ωυτεε
642 967 813 1010 effrenes
845 982 1032 1010 coercere
1070 998 1080 1009 .
1135 967 1252 1008 Nam

211 1022 255 1066 &
301 1026 560 1081 peregrinam
604 1024 814 1068 luxuriam
858 1024 939 1074 iam
985 1035 1252 1066 antevenerat

208 1082 383 1123 avaritia
421 1115 430 1124 .
487 1083 658 1126 Etenim
702 1082 752 1124 ab
795 1097 908 1124 anno
966 1082 1075 1124 urbis
1131 1080 1252 1137 usque

208 1138 494 1184 CCCLXXI.
528 1140 571 1183 in
603 1139 825 1183 Manliano
857 1138 1041 1182 tumultu
1062 1138 1254 1193 ingrave-

210 1195 355 1239 scentis
389 1197 560 1240 foenoris
593 1198 732 1240 testem
754 1197 949 1239 habemus
972 1212 1117 1238 vocem
1140 1197 1249 1238 Cen-

210 1254 387 1297 turionis
417 1287 428 1307 ‚
480 1255 549 1310 qui
595 1255 629 1296 se
675 1256 757 1307 post
792 1254 1070 1308 multiplicem
1106 1253 1252 1295 sortem

210 1312 460 1366 persolutam
488 1343 501 1364 ,
549 1311 674 1354 usuris
705 1328 796 1354 eam
832 1311 990 1364 semper
1022 1323 1250 1366 mergenti-

206 1368 305 1421 bus,
336 1371 530 1412 obrutum
564 1384 638 1412 aere
671 1370 810 1412 alieno
841 1369 1085 1424 querebatur
1111 1398 1120 1409 .
1166 1368 1254 1419 (a)

209 1426 495 1478 Quamobrem
530 1443 642 1469 anno
677 1430 729 1469 A.
761 1429 814 1469 U.
842 1427 894 1468 C.
920 1425 1251 1468 CCCLXXVI.

206 1483 367 1526 Licinia
413 1485 476 1527 lex
521 1500 543 1527 a
575 1486 624 1528 C.
662 1484 826 1528 Licinio
857 1482 1028 1527 Stolone
1060 1482 1253 1526 Tribuno

207 1539 337 1596 plebis
366 1542 432 1596 Sp.
466 1543 588 1585 Furio
621 1542 859 1585 Medullino
892 1572 906 1594 ,
941 1543 981 1583 P.
1007 1540 1158 1584 Claelio
1190 1541 1251 1584 Si-

209 1598 302 1640 culo
340 1597 420 1642 lata
451 1599 685 1653 constituit,
719 1614 764 1643 ut
796 1615 845 1644 eo
874 1599 1045 1642 dedu&o
1067 1599 1113 1641 de
1143 1599 1251 1652 capi-

209 1665 277 1709 te,
310 1655 388 1700 sive
420 1657 467 1700 de
490 1657 618 1710 sorte,
649 1657 753 1713 quod
776 1670 861 1700 erat
889 1656 1014 1700 usuris
1036 1671 1252 1711 pernume-

210 1727 376 1767 ratum,
411 1714 450 1756 id
476 1715 582 1770 quod
617 1714 861 1770 superfuisset
889 1714 1099 1765 triennio,
1130 1714 1252 1769 aequis

208 1771 469 1825 portionibus
497 1772 814 1826 persolveretur.
849 1773 913 1823 (b)
929 1771 1231 1827 Cumqueafoe

206 1841 445 1872 iteratorum
460 1829 725 1873 immanitate
740 1863 750 1881 ,
768 1845 989 1885 pauperum
1005 1830 1176 1872 vulnera
1192 1844 1249 1871 re-

204 1886 510 1939 crudescerent,
542 1903 606 1929 an.
637 1888 759 1930 CCC
773 1889 930 1930 scili.
953 1889 1016 1930 M.
1037 1887 1214 1930 Duillius
1239 1918 1250 1939 ,

206 1940 252 1984 ὃ(
281 1945 325 1986 L.
341 1944 532 1987 Moenius
546 1945 666 1987 Trib.
683 1944 812 1999 plebis
827 1944 1010 1988 tulerunt
1025 1977 1036 1998 ‚
1052 1959 1098 1988 ut
1119 1944 1252 1987 foenus

205 2012 259 2041 ne
282 1999 410 2050 majus
431 2001 616 2044 unciario
637 2015 892 2046 exerceretur
928 2034 941 2054 ,
975 2004 1032 2053 (c)
1058 2017 1145 2057 quae
1175 2001 1251 2044 fuit

206 2055 412 2099 restitutio
430 2057 528 2112 legis
547 2059 845 2102 Decemviralis
866 2091 878 2110 ‚
911 2061 977 2110 (d)
1002 2059 1110 2115 quod
1125 2058 1251 2102 faenus

207 2128 319 2156 anno
335 2115 505 2157 CDVI.
528 2116 732 2166 redassium
748 2116 824 2159 fuit
838 2116 885 2159 ad
904 2115 1251 2160 semiunciarium.

205 2171 265 2220 (e)
296 2172 489 2215 Tandem
523 2171 633 2216 anno
660 2175 743 2215 CD
773 2176 826 2216 ΙΙ.
844 2176 888 2217 L.
903 2175 1108 2217 Genutius
1129 2173 1250 2217 Trib.

205 2226 336 2283 plebis
369 2228 466 2272 tulit
498 2263 510 2284 ‚
544 2247 594 2274 ne
627 2230 806 2285 amplius
838 2231 1033 2274 foenerari
1068 2232 1206 2275 liceret
1241 2264 1249 2273 .

203 2283 288 2338 (f)
320 2287 440 2342 Quod
467 2303 550 2331 non
578 2288 753 2344 longum
779 2289 1025 2344 permansit.
1060 2290 1250 2333 Moribus

205 2343 321 2387 enim
347 2344 390 2388 in
416 2345 524 2388 diem
554 2346 708 2389 vitiatis
735 2378 746 2398 ‚
799 2346 895 2390 dum
924 2345 1087 2390 luxuria
1116 2348 1248 2402 super-

204 2401 440 2455 grederetur
462 2419 559 2458 opes
580 2435 592 2456 ‚
626 2405 787 2447 excessit
823 2405 948 2448 etiam
975 2404 1086 2447 usura
1112 2405 1250 2460 legiti-

203 2471 322 2500 mum
349 2460 455 2502 XII.
482 2461 607 2503 tabul.
636 2462 834 2514 modum3
865 2461 964 2504 adeo
989 2473 1032 2504 ut
1060 2461 1248 2517 legitima

203 2513 323 2558 usura
349 2514 431 2566 jam
460 2517 680 2561 centesima
702 2519 914 2563 duceretur
934 2550 942 2560 .
967 2518 1084 2561 Vicit
1103 2523 1248 2562 omnes

199 2571 368 2616 tandem
394 2573 572 2618 avaritia
596 2574 705 2633 leges
726 2593 735 2619 ε
771 2588 815 2619 ut
841 2575 1105 2620 foeneratores
1133 2577 1246 2621 binas

198 2704 652 2724 Ἣ--υ
1037 2712 1246 2724 —ss

245 2787 308 2827 (a)
332 2788 448 2823 Livius
472 2788 530 2823 lib.
550 2795 582 2823 6.
609 2797 681 2833 cap.
705 2803 757 2832 ¹4·

244 2832 301 2871 (5⁸
330 2833 442 2870 Livius
469 2834 529 2867 ub.
552 2840 584 2868 6.
611 2844 678 2879 cap.
700 2831 770 2876 31(

243 2877 300 2916 (c)
325 2878 441 2912 Livius
464 2879 522 2913 lib.
538 2893 570 2922 7.
602 2889 669 2923 cap.
694 2885 743 2915 16.

244 2921 304 2960 (d)
333 2923 441 2956 Tacit.
473 2924 531 2957 lib.
550 2930 581 2958 6.
606 2929 719 2959 annal.

243 2965 302 3004 (e)
327 2966 440 3000 Livius
464 2968 520 3001 tib.
538 2982 570 3011 7.
597 2971 706 3005 Tacit.
727 2972 795 3006 eod.

240 3010 305 3052 (f)
333 3010 447 3044 Livius
471 3015 538 3046 eod.

243 3055 300 3096 (gi
327 3053 399 3086 Lib.
420 3065 449 3093 ς.
477 3059 521 3090 ad
538 3061 641 3093 Attr'c.
660 3060 748 3103 φξβ.
765 3064 831 3096 ult·

244 3099 323 3141 [⁴¹]
349 3102 501 3143 Quorum
524 3102 606 3137 iilud
631 3103 738 3140 foenus
762 3108 833 3148 lege
862 3108 948 3142 XII·
975 3107 1094 3143 Tabul.
1121 3107 1236 3152 proba-

2233 96 2339 154 137

1299 158 1428 203 etiam
1454 190 1465 214 ,
1498 170 1668 212 ternas,
1700 167 1918 214 quaternas
1945 184 1958 210 ‚
2003 153 2219 216 pluresque
2250 174 2349 205 cen-

1300 217 1460 261 tesimas
1491 215 1779 274 stipularentur
1804 246 1813 258 .
1855 214 1982 258 Unde
2013 215 2200 271 Scaptius
2235 250 2246 272 ‚
2280 230 2341 262 te·-

1300 276 1351 319 ste
1385 277 1590 318 Cicerone
1619 307 1631 330 ‚
1663 287 1880 331 quaternas
1914 271 2142 329 postulabat
2174 276 2349 320 centesi-

1301 348 1387 376 mas
1428 333 1538 388 (g)
1581 348 1603 374 a
1645 331 1883 375 Salaminiis
1916 363 1925 374 .
1985 330 2102 374 Plura
2151 334 2340 389 exempla

1300 402 1493 446 praetereo
1525 421 1534 429 .
1580 391 1681 432 Haec
1711 402 1914 445 quantum
1948 390 2081 433 tenuis
2115 390 2246 432 nostra
2280 390 2340 434 fa-

1299 448 1427 490 cultas
1471 445 1602 499 tulit‚
1651 461 1700 489 ex
1747 446 2059 490 involutissimis
2101 447 2176 490 hac
2221 448 2268 490 de
2303 464 2341 492 r:

1299 504 1563 548 Criticorum
1593 504 1907 547 commentariis
1935 535 1949 556 ‚
1981 520 2028 549 ac
2060 503 2153 548 sane
2187 505 2346 561 perple-

1300 563 1362 606 xis
1394 560 1606 605 enucleate
1640 576 1824 616 promere
1857 561 2080 605 studuimus
2096 562 2188 613 ··.&
2220 579 2241 606 e
2274 580 2346 606 va-

1300 620 1368 663 riis
1417 635 1464 662 ac
1496 617 1816 674 discrepantibus
1863 619 2130 675 opinionibus
2160 636 2251 664 ear-n
2287 621 2346 666 se·

1301 676 1475 731 legimus
1495 709 1506 730 ‚
1541 692 1629 732 quae
1661 677 1794 730 magis
1825 693 1920 720 curn
1957 678 2161 722 veteribus
2193 695 2344 724 monu-

1301 736 1453 779 mentis
1484 750 1706 790 congruere
1738 734 1923 778 videatur
1960 768 1970 779 .
2014 737 2222 793 Siquidem
2268 737 2343 781 ho-

1302 793 1434 836 mines
1465 824 1478 846 ,
1525 793 1681 848 alioqui
1715 791 1930 837 doffliffimi
1965 826 1978 848 ‚
2027 793 2164 839 foenus
2198 794 2341 840 uncia-

1302 852 1409 894 rium
1453 866 1549 894 cum
1594 850 1708 894 usura
1752 851 1974 895 centesima
2019 851 2293 897 confuderunt
2328 870 2338 895 ε

1300 909 1381 961 (*)
1415 923 1464 952 ne
1498 909 1741 952 Accursium
1774 925 1869 952 curn
1905 910 1980 953 suis
2011 926 2025 964 ς
2075 911 2207 967 magis
2239 923 2345 956 tern-

1301 976 1448 1025 porum
1480 966 1685 1020 barbarie,
1718 982 1843 1022 quam
1877 969 2040 1022 propria
2071 968 2192 1023 culpa
2212 968 2348 1014 inter-

1300 1023 1398 1066 durn
1433 1037 1671 1077 peccantem
1705 1055 1717 1076 ,
1766 1025 1998 1070 accusemus
2030 1058 2042 1080 ‚
2094 1028 2164 1082 qui
2209 1027 2344 1071 usuras

1301 1080 1539 1125 centesimas
1571 1081 1742 1136 exponit
1772 1097 1837 1126 eas
1870 1113 1882 1135 ,
1930 1098 2018 1140 quae
2049 1099 2160 1127 anno
2195 1084 2347 1129 sortem

1302 1152 1541 1194 aequarent3
1574 1138 1746 1182 semiffes
1767 1172 1779 1193 ‚
1822 1155 1911 1196 quae
1942 1141 2163 1185 dimidium
2198 1142 2347 1196 sortis;

1303 1199 1471 1238 trientes
1503 1228 1515 1249 ‚
1558 1211 1647 1250 quae
1691 1198 1891 1251 tertiam,
1936 1199 2176 1254 quadrantes
2202 1230 2215 1253 ,
2259 1214 2348 1255 quae

1301 1264 1489 1307 quartam
1523 1252 1634 1296 illius
1666 1267 1823 1308 partem
1857 1257 2079 1310 quotannis
2112 1257 2342 1301 redderent.

1305 1311 1527 1353 Manucius
1559 1326 1653 1352 cum
1671 1310 1977 1355 distinctionem
1996 1328 2228 1357 annuarum
2257 1314 2349 1358 usu-

1303 1382 1395 1409 raru
1416 1383 1439 1407 n
1496 1368 1537 1409 ἃ
1572 1367 1870 1411 menstruarum
1902 1370 2165 1426 excogitasset
2192 1403 2205 1424 ,
2254 1372 2345 1415 usu-

1303 1440 1364 1467 ras
1388 1440 1546 1467 annuas
1574 1425 1784 1470 constituit
1812 1426 2008 1480 semiffes,
2042 1427 2188 1480 besses,
2220 1428 2348 1472 trien-

1302 1495 1362 1526 tes
1395 1499 1404 1523 :
1442 1482 1665 1526 menstruas
1693 1499 1788 1527 vero
1812 1485 1884 1536 (⁸
1908 1496 1912 1516 ¹
1941 1484 2041 1528 fecit
2067 1485 2309 1529 centesimas
2333 1516 2347 1539 ,

1303 1555 1390 1595 quae
1417 1540 1572 1584 scilicet
1598 1541 1764 1596 singulis
1791 1541 1998 1592 mensibus
2025 1544 2236 1586 redderent
2270 1559 2348 1588 un-

1302 1598 1410 1641 ciam
1434 1630 1443 1640 .
1478 1598 1730 1653 Ettamipse
1751 1630 1764 1653 ‚
1796 1615 1921 1655 quam
1955 1599 2163 1645 Adrianus
2187 1601 2348 1655 Junius,

1302 1655 1497 1711 josephus
1522 1656 1702 1710 Scaliger
1721 1689 1733 1711 ‚
1765 1656 1809 1700 &
1840 1656 2134 1701 Rittershusius
2166 1659 2213 1701 ad
2240 1660 2348 1705 hanc

1303 1713 1437 1768 legem
1471 1745 1482 1765 ‚
1533 1714 1762 1757 unciariurn
1804 1714 1940 1758 foenus
1983 1729 2230 1772 acceperunt
2269 1732 2344 1773 pro

1304 1773 1416 1813 usura
1448 1771 1667 1814 centesima
1703 1789 1712 1812 τ
1747 1773 1893 1827 quibus
1927 1773 2062 1817 nescio
2088 1791 2211 1830 quam
2240 1776 2346 1820 reste

1303 1828 1517 1872 Salmasius
1563 1829 1771 1873 accenseat
1812 1832 2152 1875 Hottomannum
2179 1865 2191 1885 ,
2225 1832 2346 1889 longe

1301 1886 1382 1928 alia
1426 1888 1658 1930 tradentem
1703 1887 1746 1930 in
1778 1888 2031 1944 expositione
2066 1889 2205 1946 legum
2238 1893 2344 1935 Xil.

1303 1942 1427 1986 tabul.
1465 1944 1648 1987 Primam
1682 1961 1779 1989 vero
1807 1977 1819 1999 ‚
1853 1946 1895 1988 ὃς
1932 1962 2075 2001 puram
2109 1947 2225 1998 huius
2257 1964 2348 1992 eru-

1301 2000 1472 2043 ditionis
1513 2001 1647 2044 lucem
1687 2002 1836 2046 extulit
1875 2003 2126 2047 Hermolaus
2152 2006 2346 2049 Barbarus

1302 2058 1343 2099 in
1372 2058 1703 2114 castigationibus
1733 2059 1933 2102 Plinianis
1955 2092 1964 2103 .
2002 2063 2092 2115 Qua
2119 2062 2226 2105 elueri
2248 2063 2345 2105 Bar-

1300 2115 1514 2163 tolomaeus
1536 2116 1760 2171 Soccinus,
1791 2118 1986 2170 Budaeus‚
2021 2118 2364 2172 Alciatus‚An·-

1300 2175 1439 2216 tonius
1465 2174 1714 2229 Augustinus
1740 2207 1752 2227 ‚
1784 2176 1975 2231 Sigonius
2004 2174 2088 2218 haec
2116 2178 2346 2232 antiquita-

1302 2232 1350 2273 tis
1376 2245 1652 2275 monumenta
1681 2231 1856 2276 feliciter
1882 2232 2132 2277 illustrarunt
2161 2250 2173 2288 3
2207 2247 2250 2278 ut
2274 2252 2346 2291 po-

1300 2289 1447 2332 stremo
1496 2289 1712 2333 Salmasius
1779 2291 1821 2334 &
1883 2291 2064 2341 Joannes
2113 2292 2341 2339 Fridericus

1299 2346 1537 2390 Gronovius
1570 2379 1582 2402 ‚
1617 2347 1720 2390 alter
1751 2347 1796 2390 in
1831 2347 2140 2391 tra&ati0nibus
2171 2350 2217 2393 de
2248 2352 2343 2396 usu·

1299 2404 1352 2447 ris
1378 2437 1390 2458 ‚
1441 2403 1545 2448 alter
1576 2405 1619 2447 in
1647 2404 1985 2459 disputationibus
2015 2407 2140 2449 tribus
2173 2408 2220 2451 de
2245 2425 2345 2453 cen-

1297 2461 1436 2504 tesima
1466 2461 1511 2504 &
1539 2461 1614 2506 asse
1640 2462 1827 2506 unciario
1861 2495 1873 2515 ,
1920 2462 2085 2518 singulis
2113 2461 2336 2523 erroriBus,

1279 2517 1467 2574 ‘explosis
1488 2549 1500 2571 ,
1531 2518 1576 2561 δι
1607 2532 1793 2562 veterum
1821 2519 2064 2562 testimoniis
2092 2522 2306 2578 explicatis
2326 2557 2341 2581 ‚

1295 2575 1490 2619 diluerint
1514 2575 1706 2632 quidquid
1729 2576 1860 2620 adhuc
1884 2578 2150 2622 tenebrarum
2173 2598 2337 2686 irgcgm-

1394 2647 1396 2649 ’
1716 2646 1719 2647 ’
1872 2648 1875 2650 ’
2112 2652 2116 2653 ’
2219 2658 2236 2686 e
2268 2655 2310 2686 at
2330 2676 2339 2689 .

1509 2709 2342 2732 *a—-n—n———u—-———————

1294 2798 1405 2825 autern
1429 2791 1526 2830 usura
1551 2791 1706 2826 leviffima
1737 2793 1871 2835 singulis
1898 2795 2062 2830 mensibus
2087 2802 2266 2836 ecentenis
2283 2802 2338 2837 de-

1294 2837 1395 2870 nariis
1435 2837 1571 2872 reddens
1613 2838 1739 2871 denarii
1778 2840 1846 2872 five
1893 2841 1998 2874 unciae
2034 2852 2168 2885 partem·
2185 2846 2338 2883 duodeci-

1295 2892 1382 2915 marn
1411 2904 1422 2921 ‚
1461 2883 1546 2916 unde
1583 2895 1670 2916 anno
1713 2892 1866 2917 vertente
1908 2895 2079 2930 cogeretur
2120 2892 2214 2924 uncia
2250 2894 2336 2928 inte-

1291 2937 1348 2970 gra
1371 2926 1495 2961 denarii
1526 2927 1620 2961 unius
1640 2951 1650 2960 .
1677 2930 1868 2963 Centefima
1896 2939 2012 2964 contra
2036 2932 2131 2968 usura
2155 2947 2171 2969 e
2198 2948 2333 2973 centum

1291 2972 1435 3005 denariis
1473 2974 1608 3017 singulis
1645 2975 1810 3008 mensibus
1849 2977 2086 3010 conficiebatur
2130 2983 2225 3015 uncia
2250 2984 2335 3018 inte-

1290 3027 1346 3059 gra
1382 3039 1394 3057 ,
1435 3018 1519 3052 unde
1545 3030 1634 3052 anno
1658 3028 1811 3053 vertente
1836 3022 2001 3055 confiebat
2026 3032 2062 3055 as
2092 3045 2103 3056 .
2139 3026 2232 3060 conf.
2262 3030 2331 3063 Vir,

1292 3062 1441 3095 Eximius
1456 3064 1626 3098 Gerardus
1643 3063 1756 3098 Noodt
1768 3066 1808 3097 de
1820 3066 1940 3107 foenore
1955 3067 1994 3098 ἐν
2013 3068 2125 3107 usuris
2141 3073 2170 3104 l.
2185 3075 2236 3104 ΙΙ.
2253 3085 2278 3107 c,
2292 3085 2326 3112 4,

1336 3108 1538 3148 [”].Cum
1563 3109 1662 3142 usurae
1686 3109 1825 3143 semisses
1843 3132 1853 3149 ‚
1882 3111 1981 3144 besses
1997 3133 2007 3151 ‚
2037 3113 2067 3145 8(
2093 3116 2230 3153 trientes
2258 3128 2326 3155 non

200 3148 276 3179 Nm
292 3163 304 3187 τ
331 3152 368 3180 υῐ
391 3152 485 3190 2²th
508 3157 550 3182 ΦΧ
575 3149 699 3185 Tacito
721 3154 746 3191 l·
766 3148 827 3188 VI.
855 3157 979 3193 Annal·
998 3161 1066 3200 cap.
1084 3157 1134 3190 τό.
1160 3155 1241 3191 Erat
1286 3153 1399 3192 minus
1422 3164 1539 3191 annuae
1563 3154 1628 3191 sint
1642 3177 1654 3198 ‚
1680 3164 1782 3198 quam
1805 3156 1991 3193 centefimae
2007 3178 2017 3190 v
