2596 3479
220 137 453 195 lugeretur,
486 137 622 196 aliqua
657 143 857 196 petitione
893 141 1053 185 vexari.
1087 143 1151 194 (a)
1179 144 1262 187 Ve-

221 197 455 240 mitioribus
487 210 626 242 autem
665 202 804 242 Romae
843 199 1095 254 temporibus
1133 200 1262 255 sepul-

222 255 319 298 chra
345 255 590 299 cadaverum
623 256 665 298 in
694 259 788 299 urbe
820 287 832 309 3
875 257 962 300 imo
986 257 1115 300 ctiam
1148 256 1262 301 domi

222 329 296 369 pro
324 312 415 355 Diis
443 313 655 356 Penatibus
681 313 918 357 colebantur
954 330 963 355 :
1015 329 1138 369 quem
1172 329 1258 358 rno-

220 387 306 416 rem
331 370 529 427 significat
560 371 765 427 Virgilius
790 372 876 423 (ὸξ
908 371 951 414 iri
983 370 1065 414 illis
1101 372 1260 416 verbis:

705 429 880 484 Urbique
911 430 1117 472 remittunt
1135 461 1144 472 .

333 487 505 531 Sedibus
537 488 636 530 hunc
668 485 769 541 resei-
799 500 891 530 ante
910 486 1027 541 suis,
1059 486 1115 531 (9⁴
1146 488 1264 530 conde

452 545 680 600 sepulchro.

218 603 308 647 Ubi
354 614 470 645 vetus
511 604 712 658 interpres
755 603 835 648 hoc
874 602 923 646 de
968 618 1083 646 more
1126 602 1257 657 dispu-

219 673 280 705 tat
300 692 313 715 3
344 661 413 716 qui
447 660 576 715 postea
610 659 786 705 sublatus
818 660 923 703 fuit:
966 676 1062 704 nam
1088 661 1260 703 Senatus

220 717 351 762 vetuit
372 748 384 770 3
416 731 667 773 quemquam
700 717 742 761 in
776 719 871 761 urbe
906 718 965 761 uri
986 750 998 771 3
1031 730 1100 761 aut
1122 716 1260 769 sepeli-

217 778 253 820 ri
275 808 287 828 ,
320 774 426 830 quod
452 775 496 817 in
520 776 629 819 XII.
660 775 876 819 invenitur
900 774 1049 818 tabulis
1075 807 1084 817 .
1137 774 1261 818 Unde

220 833 291 890 qui
335 832 492 888 legibus
536 831 794 876 solvebantur
819 863 831 885 3
874 832 1002 875 veluti
1046 833 1099 875 ob
1131 831 1262 875 virtu·

222 905 310 936 tem
343 889 535 933 clariores
565 889 642 932 viri
666 922 678 942 3
707 890 751 934 <Sc
772 891 1076 943 Imperatores3
1109 889 1150 932 &
1177 890 1259 932 Ve-

220 949 337 992 stales
361 979 374 1000 3
408 946 703 1001 sepeliebantur
735 947 777 990 in
810 947 907 990 urbe
946 962 959 999 3
1009 947 1132 990 ceteri
1165 961 1262 990 vero

222 1019 337 1051 extra
359 1005 502 1048 urbem
527 1019 540 1058 3
570 1003 763 1058 exemplo
783 1003 1131 1058 Atheniensium,
1162 1020 1263 1060 quos
1285 1027 1289 1046 ι

223 1064 366 1108 eadem
411 1061 611 1115 religione
661 1060 748 1104 usos
789 1077 837 1105 ex
885 1061 996 1117 epist.
1027 1061 1141 1106 Servi
1172 1061 1262 1105 Sul-

226 1120 323 1175 picii
358 1119 529 1162 scimus:
563 1117 633 1173 qui
666 1117 788 1162 refert
812 1150 825 1171 3
855 1118 1063 1163 Marcello
1097 1131 1263 1163 mortuo

220 1178 359 1221 locum
394 1176 437 1219 in
470 1174 635 1220 civitate
666 1176 716 1219 ab
748 1175 1071 1221 Atheniensibus
1093 1177 1262 1221 cadave-

218 1236 255 1279 ri
288 1232 516 1291 sepeliendo
549 1233 770 1288 impetrare
804 1233 982 1291 nequitie
1016 1265 1026 1277 .
1070 1236 1164 1278 Hoc
1194 1249 1262 1278 au·

220 1306 306 1336 tem
338 1291 605 1335 constitutum
638 1290 798 1335 videtur
823 1323 836 1344 3
887 1306 937 1335 ne
970 1291 1171 1335 flebilibus
1201 1289 1262 1334 of-

224 1350 330 1394 ficiis
376 1349 419 1391 δι
453 1347 595 1391 lethali
628 1362 722 1390 aura
754 1348 863 1392 cives
895 1349 1262 1392 contristarentur.

224 1408 339 1450 Cum
381 1417 519 1448 autem
565 1405 747 1448 Romani
789 1405 958 1449 honoris
989 1407 1105 1449 causa
1137 1405 1264 1461 sepul-

229 1464 375 1507 chrum
411 1463 453 1505 in
487 1462 583 1505 urbe
615 1461 740 1506 alicui
773 1463 1043 1507 concederent
1082 1495 1095 1514 3
1144 1466 1193 1506 ad
1224 1462 1264 1506 id

227 1520 391 1576 patebat
422 1518 673 1574 Exquilinus
705 1535 872 1575 campus
905 1551 917 1571 3
966 1537 1088 1575 quem
1124 1523 1248 1575 Augu

225 1579 303 1622 stus
335 1577 563 1620 Moecenati
595 1577 786 1620 concessit
823 1593 833 1619 :
879 1590 923 1620 ut
953 1590 1152 1631 occupato
1184 1576 1267 1628 jam

229 1635 310 1679 alia
341 1634 382 1677 in
419 1649 459 1677 re
491 1633 572 1683 (⁸⁵²)
605 1631 695 1675 loco
734 1664 747 1685 3
797 1634 966 1688 potestas
998 1635 1190 1690 cuiquam
1224 1635 1266 1678 in

228 1693 327 1736 urbe
360 1690 575 1746 sepeliendi
606 1689 785 1744 amplius
804 1706 888 1735 non
909 1691 1047 1734 fieret.
1079 1694 1138 1744 (c)
1157 1693 1269 1735 Ean-

227 1750 321 1792 dem
354 1747 599 1804 religionem
631 1746 791 1792 fortasse
822 1748 1051 1804 negleffiam
1073 1749 1269 1805 rescripto

230 1806 300 1850 suo
332 1804 536 1849 suscitavit
569 1805 775 1848 Adrianus
800 1836 813 1857 3
863 1806 964 1858 (d)
995 1804 1065 1861 qui
1102 1820 1268 1860 poenam

231 1862 372 1906 statuit
413 1861 682 1918 quadraginta
713 1877 937 1906 aureorum
966 1862 1008 1905 in
1039 1879 1106 1906 eos
1139 1895 1152 1917 3
1198 1864 1268 1920 qui

233 1920 277 1963 in
311 1919 479 1963 civitate
513 1918 726 1973 sepelirent
752 1951 765 1973 3
814 1935 938 1976 quarn
983 1920 1077 1964 fisco
1127 1920 1269 1974 inferri,

232 1976 339 2030 jussit
365 1992 378 2030 3
411 1976 453 2019 &
485 1977 527 2019 in
559 1977 822 2033 Magistratus
844 2009 858 2031 3
900 1976 1041 2021 eadem
1073 1978 1141 2034 qui
1176 1979 1272 2034 passi

236 2035 364 2081 sunt3
407 2033 450 2076 δε
491 2032 628 2077 locum
676 2034 873 2089 publicari
906 2033 1014 2086 jussit
1043 2035 1087 2078 δε
1120 2051 1265 2089 corpus

234 2090 446 2136 transferri
469 2107 481 2145 3
513 2091 560 2134 ad
591 2107 679 2148 quae
709 2091 956 2136 accesserunt
975 2092 1159 2137 aliorum<
1180 2093 1272 2137 scri—

237 2162 306 2205 pta
339 2151 641 2202 Imperatorum
670 2181 679 2191 .
711 2151 792 2202 (e)
819 2151 972 2205 Legem
999 2164 1137 2194 autem
1163 2153 1272 2195 XII.

239 2205 365 2250 tabul.
390 2205 452 2250 his
476 2206 609 2250 verbis
633 2206 799 2251 exhibet
829 2207 981 2251 Cicero
999 2208 1070 2251 lib.
1086 2209 1187 2251 2.de
1198 2209 1272 2264 leg.

317 2319 614 2376 Hominem
657 2337 924 2377 mortuum
958 2323 1009 2377 iri
1049 2324 1172 2378 urbe
1212 2342 1274 2378 ne

243 2399 455 2476 sepelite
479 2440 497 2470 3
539 2418 668 2455 neve
706 2400 847 2454 urito
872 2441 887 2456 .

416 2505 547 2550 Nunc
578 2504 626 2550 de
659 2504 856 2551 sumtibus
889 2505 1218 2562 sepulchrorum.

244 2620 415 2665 Nullius
463 2621 519 2665 rei
563 2638 658 2666 cura
700 2621 891 2666 homines
934 2634 1100 2679 tangere
1143 2622 1281 2665 minus

242 2678 403 2722 deberet
439 2709 452 2729 3
504 2695 629 2733 quam
687 2680 998 2734 magnificentia
1050 2679 1278 2735 sepulchro-

250 2750 344 2779 rum
384 2766 397 2788 ,
428 2735 471 2778 &
504 2735 693 2780 humanae
725 2736 865 2792 gloriae
897 2736 1164 2780 consideratio
1198 2737 1282 2791 post

632 65 736 119 DE
765 66 969 147 ‚JURE
1008 67 1423 125 NATURALI
1447 112 1463 142 3
1503 74 1916 146 GENTIUM3

1311 148 1447 191 manis
1474 181 1484 192 .
1530 151 1686 196 Verum
1731 154 1828 196 adeo
1861 152 1992 197 miseri
2027 152 2227 199 haeremus
2258 169 2353 199 coi·-

1313 207 1399 259 pori
1433 208 1694 266 mortalisque
1729 211 1845 262 hujus
1880 213 1971 254 vitae
2002 213 2226 267 cupiditate
2260 226 2352 257 tan·

1312 273 1449 326 topere
1481 277 1673 310 tenemur
1699 284 1711 320 3
1745 282 1788 311 ut
1822 269 1925 312 unde
1958 270 2135 312 abscedit
2165 271 2352 322 animus,

1312 319 1368 382 ibi
1403 319 1531 386 literis
1565 336 1703 368 tamen
1731 358 1742 380 3
1773 326 1816 369 δι
1852 327 1968 370 rebus
1999 327 2116 383 gestis
2136 358 2149 380 3
2179 330 2222 371 δι
2248 328 2360 371 insa-

1313 390 1376 419 nis
1411 377 1608 424 sumtibus
1639 384 1902 427 aedificiorum
1944 416 1955 437 3
1999 401 2045 427 ac
2078 383 2105 427 si
2138 399 2226 428 non
2259 400 2300 428 re
2341 415 2355 439 3

1313 433 1436 477 verbo
1480 449 1619 481 tamen
1661 456 1708 483 ac
1754 443 1924 485 nomine
1959 442 2141 484 habitare
2175 455 2359 485 conten-

1310 491 1454 555 damus
1478 525 1490 546 3
1523 497 1666 540 misere
1700 498 1884 542 viventes
1907 531 1920 553 3
1955 513 1997 543 ut
2031 498 2237 542 sumtuose
2267 514 2360 542 mo-

1311 565 1502 604 riamur3
1536 565 1699 611 totaque
1734 556 1816 599 vita
1850 572 1922 611 pro
1952 573 1999 600 ea
2033 557 2147 600 laude
2168 555 2359 599 laboran-

1310 618 1406 670 tes3
1456 624 1544 664 quae
1588 614 1653 655 vel
1687 614 1993 657 contemnenda
2023 615 2101 657 erit
2133 628 2229 657 cum
2265 614 2357 656 Deo

1311 663 1626 727 habitantibu53
1660 670 1723 713 vel
1757 688 1780 712 a
1814 671 2076 714 beatitudinis
2107 683 2264 713 aeternae
2294 670 2359 724 spe

1309 721 1588 768 decidentibus
1639 741 1791 770 aeterno
1835 740 2021 782 ternpore
2066 728 2309 780 poenitenda
2344 757 2355 769 .

1312 780 1422 835 Ergo
1455 782 1550 836 quid
1576 799 1899 827 commemorem
1931 796 2116 827 veterum
2142 784 2358 838 [Egyptio—

1310 852 1399 880 rum
1435 838 1668 884 fatuitatem
1708 857 1720 894 3
1770 841 1866 896 quid
1899 857 2040 897 regum
2074 856 2215 884 eorum
2250 839 2363 882 insa·

1311 895 1425 940 niam
1447 927 1459 948 3
1492 897 1559 953 qui
1593 898 1788 955 exiguum
1814 899 1995 942 cinerem
2016 897 2169 942 eduS’tis
2188 897 2236 940 ad
2250 897 2362 940 Coe-

1311 951 1400 996 lum
1442 954 1654 998 montibus
1696 956 1966 1000 condiderunt
2003 960 2017 999 2
2069 955 2180 1009 Quid
2241 965 2361 998 aetate

1311 1025 1472 1067 quoque
1515 1012 1647 1054 nostra
1681 1013 1927 1069 populorum
1958 1011 2226 1056 orientalium
2254 1042 2267 1064 3
2312 1026 2360 1055 ac

1311 1069 1505 1111 Sinarum
1537 1070 1735 1126 praecipue
1768 1070 1979 1113 stultitiam
2007 1101 2019 1123 3
2050 1084 2229 1125 quorum
2263 1083 2356 1110 ma-

1312 1125 1425 1168 xima
1470 1141 1559 1179 pars
1600 1142 1728 1182 opum
1773 1127 1927 1171 funeris
1959 1126 2186 1170 ambitione
2219 1124 2364 1168 consu-

1314 1186 1481 1226 mitur?
1518 1183 1797 1229 profusionem
1830 1186 1937 1228 hanc
1971 1185 2140 1227 inanem
2173 1183 2224 1225 ab
2251 1181 2364 1237 ffigi.

1315 1241 1495 1294 ptiorum
1527 1242 1723 1294 exemplo
1751 1244 1800 1286 ad
1831 1244 1998 1287 Graecos
2031 1258 2128 1285 cum
2159 1239 2250 1284 aliis
2271 1254 2362 1302 mo.

1313 1298 1421 1341 ribus
1452 1300 1693 1344 translatam
1724 1317 1746 1343 a
1778 1301 1928 1344 Solone
1961 1298 2230 1354 compressam
2259 1296 2368 1359 legi-

1316 1370 1438 1398 mus:
1474 1357 1697 1413 Atticoque
1730 1357 1816 1408 jure
1849 1358 2119 1401 constitutum
2147 1354 2273 1398 refert
2286 1355 2366 1397 Ci-

1314 1426 1436 1466 cero,
1467 1413 1546 1467 (s)
1579 1430 1629 1458 ne
1660 1416 1749 1471 quis
1783 1415 2041 1469 sepulchrum
2072 1412 2278 1468 operosius
2305 1409 2366 1453 fa-

1315 1483 1423 1513 ceret
1453 1501 1467 1523 3
1517 1487 1641 1527 quam
1683 1474 1791 1528 quod
1823 1474 1963 1516 decem
1997 1472 2188 1515 homines
2220 1468 2367 1512 effece-

1318 1527 1403 1568 rint
1436 1528 1568 1572 triduo
1594 1546 1604 1571 z
1651 1546 1698 1573 ac
1727 1544 1781 1573 tie
1814 1530 1853 1572 id
1883 1544 2004 1585 opere
2038 1527 2212 1571 teStorio
2243 1538 2363 1569 exor-

1318 1596 1483 1628 naretur
1513 1616 1526 1638 3
1561 1601 1691 1640 neque
1723 1587 1778 1629 ibi
1815 1588 1985 1630 Hermae
2015 1586 2369 1638 impoiierentur3

1316 1642 1422 1695 quod
1455 1642 1546 1685 ideo
1577 1643 1697 1686 fiebat
1722 1675 1734 1696 3
1779 1644 1874 1700 quia
1908 1645 2166 1687 Mercurium
2198 1640 2368 1684 anima-

1319 1698 1390 1741 bus
1419 1699 1468 1742 ad
1501 1699 1653 1744 inferos
1684 1700 1927 1745 deducendis
1962 1700 2117 1755 praeesse
2152 1700 2365 1754 putabant.

1306 1755 1374 1797 Et
1405 1756 1603 1812 quoniam
1639 1758 1847 1812 sepulchra
1867 1759 2076 1802 columnis
2095 1758 2369 1808 exornabant,

1318 1827 1460 1856 earum
1492 1831 1653 1871 quoque
1688 1815 1952 1859 insolentiam
1984 1814 2237 1870 compescuit
2260 1813 2372 1855 Pha-

1320 1868 1457 1914 leraeus
1496 1903 1506 1922 3
1551 1873 1619 1928 qui
1667 1872 1780 1925 super
1823 1888 1940 1916 terrae
1981 1873 2196 1915 tumulum
2231 1869 2369 1912 noluit

1319 1927 1414 1982 quid
1446 1928 1562 1972 statui
1593 1962 1607 1983 3
1653 1930 1726 1973 nisi
1758 1929 2027 1974 columellam
2060 1929 2187 1972 tribus
2219 1927 2368 1971 cubitis

1322 2000 1403 2027 non
1436 1985 1654 2040 altiorem,
1687 2000 1756 2031 aut
1787 1987 2000 2040 mensam,
2031 1998 2102 2030 aut
2135 1986 2358 2028 labellum.

1323 2041 1437 2086 Plato
1471 2059 1567 2088 vero
1598 2044 1727 2088 vetuit
1759 2045 1806 2088 in
1841 2058 1952 2101 parte
1976 2044 2060 2100 agri
2086 2042 2279 2086 foecunda
2305 2041 2368 2084 lo-

1321 2115 1416 2144 cum
1464 2103 1512 2144 ad
1559 2102 1818 2157 sepulchrum
1862 2111 2004 2158 capere
2031 2134 2044 2154 3
2096 2113 2227 2144 vetuit
2259 2099 2364 2142 item

1320 2173 1512 2214 aggerem
1544 2160 1736 2204 altiorem
1767 2177 1816 2205 eo
1847 2161 2011 2205 tumulo
2034 2191 2047 2214 3
2089 2173 2214 2215 quem
2244 2157 2369 2212 quin-

1321 2231 1398 2270 que
1443 2217 1520 2260 viri
1553 2218 1691 2261 diebus
1722 2219 1905 2274 quinque
1937 2216 2194 2262 extruxerint
2226 2229 2239 2267 3
2290 2228 2367 2256 nec

1324 2272 1474 2328 lapides
1508 2275 1756 2327 superextrui
1787 2277 1912 2329 passus
1932 2276 1985 2318 est
2008 2273 2179 2324 majores
2199 2303 2211 2323 3
2243 2284 2371 2326 quam

1324 2341 1368 2373 ut
1411 2343 1584 2386 quatuor
1616 2332 1801 2377 heroicos
1835 2334 1966 2375 versus
1997 2329 2371 2385 complecff’oerentur

1325 2387 1367 2430 in
1401 2389 1553 2433 mortui
1586 2388 1747 2433 laudem
1769 2421 1779 2432 .
1812 2392 1935 2433 Hanc
1969 2388 2108 2441 legum
2134 2386 2374 2429 Atticarum

1328 2444 1586 2490 sobrietatem
1629 2459 1751 2503 atque
1792 2446 2030 2491 modestiam
2076 2444 2234 2487 imitati
2283 2444 2373 2486 De·

1327 2504 1499 2547 cemviri
1531 2521 1554 2547 a
1585 2505 1788 2548 Romanis
1820 2504 2029 2548 funeribus
2064 2502 2273 2546 sumtuum
2308 2500 2373 2542 iri-

1330 2561 1483 2605 saniam
1516 2577 1763 2606 amoverunt
1783 2595 1796 2616 3
1830 2561 1984 2617 praefati
2012 2561 2062 2604 ab
2088 2560 2209 2605 initio
2245 2572 2374 2608 pauca

1330 2619 1412 2662 haec
1427 2651 1440 2673 3
1473 2620 1540 2662 hoc
1561 2622 1652 2674 plus
1671 2637 1716 2663 ne
1729 2619 1882 2673 facito,
1908 2626 1957 2662 ne'
1981 2617 2135 2669 scib‘cet
2158 2613 2375 2677 plus-face-

1331 2689 1420 2720 rent
1436 2708 1449 2729 3
1463 2693 1585 2730 quam
1603 2677 1785 2729 subjeffis
1800 2678 1999 2721 continuo
2016 2676 2155 2729 legum
2175 2671 2375 2723 capitibus

1333 2734 1847 2790 permissnminvenirent.
1882 2736 1983 2788 Quae
2010 2732 2131 2774 verba
2158 2727 2266 2771 male
2282 2730 2380 2771 Rae-

247 2804 456 2837 mortem:
490 2808 578 2849 quae
608 2794 724 2838 rebus
756 2809 830 2838 nos
859 2793 1037 2838 omnino
1061 2793 1180 2838 solvit
1206 2794 1281 2839 hu·
1333 2791 1479 2836 vardus
1503 2790 1658 2836 eoloco
1672 2804 1838 2836 movet:
1874 2804 1917 2834 ut
1931 2789 2026 2832 aliis
2040 2787 2239 2844 capitibus
2260 2784 2378 2848 nulla

295 2960 355 3000 (a)
384 2964 423 2994 L.
444 2972 470 2992 1.
496 2960 535 2992 (9·
551 2971 580 2999 3.
606 2959 644 3004 ff.
673 2962 712 2994 de
729 2961 835 3001 injus
851 2971 919 2994 voc.
947 2964 986 2994 L.
1005 2966 1056 3001 36.
1083 2961 1118 3005 ff.
1136 2963 1173 2996 de
1185 2963 1286 3002 iudie-
1337 2961 1415 2995 vitae
1447 2958 1672 2992 functionibus
1690 2979 1700 2989 .

252 3004 365 3058 §uiae-
391 3006 433 3039 ad
447 3007 471 3040 Ι.
486 3007 550 3039 ult.
561 3004 601 3049 ff
617 3007 654 3039 de
668 3008 720 3041 bis
733 3008 790 3050 qui
803 3016 871 3040 not.
899 3004 1019 3050 infam‘.
1032 3007 1070 3041 in
1084 3007 1185 3052 quest.
1203 3012 1287 3052 Pap.

249 3049 511 3136 birex-Emi&
532 3107 581 3129 η.
608 3095 649 3129 (9·
672 3095 729 3130 tib.
747 3106 777 3136 3.

300 3141 359 3183 ζ’)
384 3140 549 3181 AEd'ificiis
582 3141 705 3178 seilicet
739 3142 872 3184 cincio,
899 3142 1094 3189 tribumque
1119 3143 1297 3179 ordinariis

2251 2855 2378 2887 ratio·

1384 3005 1439 3046 (c)
1463 3005 1540 3038 vide
1561 3004 1705 3038 Balduin.
1735 3005 1780 3036 ad
1794 3007 1874 3038 hanc
1887 3006 1907 3037 Ι.
1931 3015 1959 3043 3.
1978 3005 2062 3037 XII.
2081 3003 2184 3038 tabul-

1384 3051 1451 3091 (A)
1472 3051 1490 3082 Ι4
1511 3060 1540 3089 3.
1569 3052 1587 3094 §
1617 3059 1646 3089 5.
1669 3048 1762 3094 ᾖδε
1785 3051 1879 3092 sepul
1911 3051 1993 3084 vm,

1389 3097 1438 3136 [e]
1464 3093 1500 3138 ff.
1517 3096 1554 3128 de
1567 3097 1657 3137 relig.
1686 3094 1925 3140 &samasien-

1391 3140 1462 3185 [Ι]
1485 3140 1544 3177 lib.
1561 3151 1591 3175 2.
1622 3141 1660 3175 de
1672 3139 1800 3184 legibus
1815 3161 1825 3174 .
