2596 3479
544 97 675 151 ET
726 72 1888 150 SENATUSCONSULTIS.

162 171 391 221 cumcidere
422 187 583 228 quoque
615 171 881 214 interdictum
912 169 965 213 est
987 166 1198 218 omnibus,

162 244 431 287 praeterquam
465 228 609 281 Judaeis
634 259 646 281 ,
678 226 785 271 filios
818 228 904 270 suos
937 243 947 268 ε
981 227 1045 278 (α)
1077 222 1198 268 ceteri

159 288 276 332 enim
306 286 567 333 castrantium
602 299 722 338 poena
752 299 801 327 ex
834 283 910 327 hac
944 283 1029 338 lege
1057 294 1199 325 tenen-

162 357 229 389 tur
248 376 258 388 .
293 346 340 388 Id
371 355 508 386 autem
539 341 683 392 Judaeis
715 341 946 384 concessum
968 352 1135 395 putatur
1154 337 1200 380 si·

160 401 253 448 mul
283 416 378 445 cum
406 398 604 441 exercitio
636 398 844 451 religionis
877 399 974 442 suae:
1011 397 1116 439 unde
1137 394 1201 437 in-

165 459 377 502 terdicitur
394 455 484 498 aliis
499 486 512 509 ,
543 455 614 510 qui
635 469 718 497 non
741 454 952 510 religionis
967 486 979 507 ,
1002 453 1062 497 sed
1083 466 1204 495 mun-

163 516 272 559 ditiae
301 512 418 557 causa
449 511 489 555 id
519 511 790 568 usurpabant,
823 525 868 555 ut
898 511 1126 567 AEgyptiis‚
1157 508 1203 551 de

164 571 313 626 quibus
343 569 577 613 Herodotus
598 601 610 622 ‚
644 568 713 624 qui
738 569 787 612 ab
808 567 890 612 illis
909 568 1092 612 Colchos
1113 582 1203 621 pro-

165 628 292 671 ferros
321 638 631 681 argumentatur
652 657 665 680 ,
699 625 805 682 quod
836 625 879 667 ὃς
912 625 953 668 hi
987 622 1203 667 circumci-

168 685 278 728 sione
309 696 525 728 uterentur
566 714 576 725 .
625 683 694 726 Ab
725 682 929 737 AEgyptiis
962 696 1058 724 vero
1091 690 1204 735 putat

168 741 344 786 eundem
379 741 506 784 ritum
537 739 730 795 accepisse
766 738 979 782 Phoenices
1006 769 1018 789 ‚
1061 738 1102 779 δε
1133 738 1205 789 Sy-

170 814 267 851 ros,
299 797 368 853 qui
400 809 516 840 erant
548 798 589 840 in
625 795 857 850 Palaestina,
890 796 932 837 δι
965 793 1204 848 AEthiopes:

173 855 351 898 minime
382 870 531 909 gnarus
555 886 567 908 ,
613 853 732 905 hujus
773 852 1041 897 institutionis
1073 850 1204 893 auS'to-

173 928 260 956 rem
293 911 406 954 fuisse
438 913 574 955 Ceum
600 943 614 965 ‚
655 912 700 954 &
734 926 788 959 ‚ex
833 910 974 952 divino
1021 919 1209 962 prceepto

172 968 461 1013 Abrahamum
490 984 499 1009 τ
544 984 622 1024 qua
654 968 701 1011 de
735 983 774 1010 re
807 967 1010 1027 Origenes
1041 964 1210 1007 Celsum

175 1026 392 1070 admonuit
418 1057 427 1067 .
457 1025 545 1077 (b)
577 1026 642 1068 Ad
677 1024 828 1068 nefaria
860 1026 986 1067 etiam
1020 1021 1211 1064 sacrificia

176 1098 226 1146 εις
258 1082 614 1125 Senatusconsulto
649 1082 745 1135 legis
779 1080 894 1132 hujus
927 1095 1049 1135 poena
1081 1077 1211 1134 porri-

177 1153 292 1197 gitur
313 1171 325 1194 ‚
359 1151 402 1182 ut
432 1139 459 1181 si
490 1139 578 1194 quis
612 1139 739 1194 impia
774 1139 879 1181 sacra
924 1137 1123 1179 noeiurna
1154 1132 1213 1177 fe-

177 1197 281 1240 cerit
308 1228 321 1251 ‚
353 1195 589 1239 faciendave
621 1195 824 1239 curaverit
848 1226 860 1247 ‚
906 1209 987 1249 quo
1032 1193 1211 1248 aliquem

177 1254 410 1297 incantaret
430 1284 442 1305 ,
477 1252 722 1297 interficeret
743 1284 756 1306 ,
804 1251 1008 1306 obligaret
1038 1266 1049 1303 3
1091 1248 1213 1304 quive

175 1310 395 1354 hominem
429 1309 707 1352 immolaverit
732 1342 744 1363 ‚
775 1309 907 1360 ejusve
941 1306 1133 1362 sanguine
1166 1304 1213 1347 li-

181 1368 360 1420 taverit,
392 1366 560 1420 fanum,
597 1367 851 1422 templumve
884 1363 1102 1419 polluerit:
1138 1361 1214 1403 hu-

178 1423 323 1468 milior
353 1423 520 1478 quidem
553 1425 661 1466 cruci
694 1425 920 1476 affigeretur
948 1437 960 1474 3

179 1495 278 1524 vero
310 1478 442 1534 capite
477 1480 720 1533 pleffieretur
741 1496 756 1521 :
791 1478 964 1522 Tiberio
996 1477 1039 1519 ὅτ.
1072 1475 1217 1518 Adria-

180 1553 237 1580 no
267 1537 509 1579 decernente
536 1567 545 1578 .
578 1537 657 1588 (c)
688 1536 839 1580 Feralis
869 1548 1008 1578 autem
1042 1533 1125 1578 haec
1158 1538 1239 1576 at-‚'

181 1610 260 1651 que
303 1594 428 1649 stygia
473 1593 695 1650 superstitio
727 1609 811 1637 non
846 1592 982 1636 miuus
1015 1590 1216 1634 horrenda

182 1652 237 1695 es‘t
263 1683 275 1705 ,
306 1667 429 1707 quam
463 1652 614 1695 vetusta
649 1683 658 1693 .
707 1650 913 1695 Homines
956 1650 1069 1694 enim
1100 1664 1217 1693 enor-

183 1725 270 1752 mes
315 1709 499 1751 moribus
540 1709 583 1751 ὅ(
623 1710 837 1752 errabundi
883 1720 1021 1751 mente
1055 1740 1066 1761 ‚
1112 1706 1218 1763 quasi

185 1768 297 1809 Deus
329 1767 590 1809 immanitate
622 1767 886 1810 delecffaretur
918 1797 931 1819 ,
966 1764 1110 1808 scelera
1142 1764 1219 1807 sce-

186 1823 335 1866 leribus
366 1824 589 1877 expiabant
614 1855 626 1876 ,
676 1825 718 1866 &
760 1823 967 1879 publicam
1012 1821 1218 1866 calamita·

185 1892 272 1942 tem
303 1879 512 1923 oblatione
546 1882 749 1923 cariorum
784 1881 1004 1936 pignorum
1026 1911 1037 1929 ,
1074 1879 1159 1920 imo
1179 1878 1221 1920 ὅτ.

185 1952 304 1992 regiae
336 1937 458 1990 prolis
484 1938 730 1981 ma&atione
753 1938 980 1992 propulsare
999 1935 1221 1987 studebant,

186 1993 215 2036 fi
247 1994 303 2036 ita
336 1993 557 2047 superstitio
589 1994 822 2049 poposcisset
849 2026 858 2036 .
905 1994 1019 2036 Hinc
1063 1991 1134 2034 illa
1167 1990 1249 2041 fai-0
1272 1989 1346 2030 stra
1378 1986 1595 2029 consulunt
1628 2017 1638 2029 .

187 2050 325 2093 bulosa
357 2051 403 2113 de
436 2052 610 2113 Saturno
638 2082 649 2102 ‚
682 2052 758 2113 qui·
780 2051 912 2093 filium
932 2050 1101 2092 unicum
1123 2049 1221 2110 Coe·
1244 2076 1250 2122 k
1284 2102 1294 2108 ,

189 2106 231 2149 lo
264 2119 365 2161 patri
389 2138 400 2159 ‚
435 2107 534 2149 fami
563 2108 878 2163 pestilentiaeque
897 2102 1429 2149 avertendaeiin-2s1·audes
1485 2101 1568 2142 suas
1620 2099 1885 2154 protegebant
1928 2111 1940 2149 3

188 2164 369 2207 molavit
390 2194 399 2205 .
433 2166 520 2216 (d)
553 2166 620 2207 Ab
654 2165 727 2207 hac
760 2163 896 2206 fabula
929 2164 1013 2206 dira
1047 2162 1223 2217 supersti-

187 2222 250 2284 tio
282 2222 328 2263 de
359 2235 478 2275 gente
514 2221 555 2263 in
589 2235 754 2277 gentem
788 2221 938 2273 dilapsa
969 2220 1226 2261 Chauanaeos

189 2279 388 2330 incessit3
431 2278 500 2331 qui
543 2278 691 2321 liberos
725 2278 929 2320 Molocho
964 2277 1080 2319 Idolo
1112 2292 1225 2318 com-

193 2335 390 2398 burebant
416 2349 428 2387 3
460 2337 477 2386 (
504 2351 522 2376 e
550 2336 566 2386 )
597 2336 640 2379 ὃς
672 2335 887 2378 Phoenices
920 2349 1064 2378 eorum
1095 2332 1224 2376 finiti-

189 2408 250 2455 mi
286 2392 387 2445 peste
414 2403 526 2454 ,naut
557 2391 664 2436 fame
698 2393 917 2448 ingruente
950 2423 962 2444 ‚
1008 2406 1149 2443 regum
1183 2390 1224 2431 fi-

192 2447 267 2491 hos
318 2447 473 2489 nefario
518 2450 598 2492 ritu
629 2450 795 2493 devotos
828 2448 918 2491 Diis
950 2447 1184 2489 ma&abant
1218 2477 1227 2487 .

191 2503 269 2569 (f)
301 2505 357 2547 Et
390 2505 571 2560 AEgyptii
604 2507 652 2548 ad
687 2504 942 2560 sepulchrum
968 2503 1134 2546 Osiridis
1153 2502 1225 2545 ho-

189 2577 325 2605 mines
357 2562 557 2615 Typhoni
592 2562 728 2606 colore
762 2561 910 2604 similes
935 2592 947 2615 ‚
981 2576 1128 2615 nempe
1163 2575 1228 2602 ru-

192 2620 280 2673 fos,
313 2620 382 2674 qui
413 2634 459 2661 ea
490 2620 534 2661 in
567 2619 732 2675 regione
758 2618 928 2662 rariores
947 2629 1088 2670 erant,
1121 2617 1230 2660 ideo-

193 2693 270 2734 que
315 2675 548 2731 peregrinos
594 2709 605 2729 ‚
649 2677 696 2720 ad
738 2675 1043 2719 immolandum
1075 2673 1230 2718 aufere-

303 2733 406 2786 Jani
435 2734 648 2778 Gravinae.
679 2736 795 2776 Tom.
828 2735 861 2776 I.

218 2849 290 2900 fia]
314 2851 352 2881 L.
368 2848 590 2880 circumcidere
599 2847 639 2891 ff.
655 2849 696 2880 ad
713 2850 735 2880 1.
757 2851 849 2880 Corn.
865 2847 903 2879 de
912 2847 970 2889 sic.
986 2846 1128 2884 Paull.3.
1140 2846 1226 2885 sent·

195 2902 504 2977 ''tfib33b21arsham.
525 2938 594 2978 saec.
628 2946 658 2976 ς.
685 2939 767 2978 vers.
794 2936 986 2979 circumofio
1009 2943 1084 2979 pag.
1110 2945 1165 2976 74.
1190 2933 1229 2965 (5·

894 2808 1226 2821 ——a-—n——n

194 2990 237 3024 73

200 3071 424 3102 immolaverit
438 3091 448 3109 ‚
474 3071 533 3102 ubi
545 3071 655 3109 Cujac.
683 3071 720 3102 ἐῢ·
736 3071 762 3111 §.
781 3072 936 3113 quisacra
952 3093 960 3101 .

245 3116 305 3154 (d)
332 3115 443 3148 Euseb.
459 3116 495 3147 de
510 3123 639 3157 praepar.
656 3127 772 3159 evang.
788 3114 845 3149 lib.
868 3127 892 3148 1.
911 3122 979 3159 cap.
999 3125 1028 3147 π.

240 3160 294 3200 (e)
320 3171 350 3193 2.
368 3162 448 3203 Reg.
470 3169 518 3198 15.
536 3171 589 3200 31.

2175 92 2280 144 337

1249 164 1347 207 bant
1376 177 1389 216 ς
1420 159 1525 204 unde
1555 157 1671 212 origo
1700 152 1848 198 fabulae
1880 150 1929 195 de
1963 149 2115 196 saevitia
2147 150 2297 194 Busiri-

1249 219 1373 264 disin
1394 217 1590 261 advenas:
1627 211 1794 256 Osiridis
1824 207 1940 256 enim
1962 208 2147 253 tumulus
2173 209 2301 263 AEgy-

1249 277 1339 333 ptia
1372 275 1515 330 lingua
1545 270 1693 315 Busiris
1725 266 2005 324 appellabatur
2029 297 2038 309 .
2070 269 2155 322 (g)
2188 266 2293 309 Gal-

1250 335 1309 377 los
1340 333 1466 376 etiam
1498 362 1511 384 ,
1544 329 1666 373 refert
1698 326 1857 380 Caesar,
1889 324 1932 368 in
1966 323 2041 367 suis
2069 323 2289 366 calamita·

1251 391 1386 442 tibus,
1419 399 1489 431 aut
1522 385 1738 430 immolare
1772 398 1845 438 pro
1875 381 2059 425 viffimis
2084 380 2291 431 homines,

1250 460 1320 491 aut
1362 444 1637 489 immolandos
1680 455 1830 484 vovere
1875 437 2117 483 consuevisse
2142 469 2151 480 .
2201 438 2297 480 Nec

1250 503 1445 556 ejusmodi
1469 501 1638 546 caedibus
1656 498 1878 542 abstinuere
1899 495 2033 539 Graeci
2048 525 2061 548 ‚
2080 507 2289 550 utcunque

1251 561 1444 604 omnium
1488 556 1697 602 cultiffimi
1735 587 1747 609 ,
1803 554 1912 610 quod
1953 554 1997 597 in
2044 552 2192 596 fabulis
2241 551 2291 593 ab

1252 617 1444 673 exemplo
1475 613 1704 670 Iphigeniae
1735 611 1926 655 discimus
1960 627 1972 664 3
2021 626 2154 667 neque
2187 610 2298 652 Car-

1254 673 1515 730 thaginenses
1556 684 1696 724 utpote
1728 686 1750 712 a
1784 668 2048 711 Phoenicibus
2077 666 2241 710 oriundi
2273 696 2288 719 ‚

1255 735 1321 789 qui
1373 733 1548 774 Saturno
1600 727 1791 783 sanguine
1841 726 2027 768 humano
2078 724 2252 768 litabant
2284 739 2295 764 ε

1256 791 1386 833 in‘i'mo
1420 803 1493 831 nec
1526 786 1700 837 Latini,
1746 783 1816 839 qui
1862 783 2047 826 vistimas
2091 781 2293 825 humanas

1256 847 1460 891 caedebant
1505 843 1673 897 AEgeriae
1716 843 1812 884 Deae
1851 871 1863 894 ‚
1913 853 1959 883 ut
1990 855 2090 894 opus
2125 839 2250 883 fuerit
2278 869 2292 890 ,

1258 905 1364 959 quod
1412 901 1568 944 Plinius
1612 909 1817 942 memorat
1850 896 2139 941 sexcentesimo
2173 896 2300 951 quin-

1256 960 1491 1016 quagesimo
1524 956 1694 1011 septimo
1726 954 1892 997 demum
1924 969 2036 997 anno
2069 953 2119 996 ab
2150 955 2209 995 U.
2246 952 2299 995 C.

1257 1020 1297 1060 S.
1323 1019 1375 1060 C.
1410 1014 1622 1071 prohibere
1655 1012 1871 1055 hominem
1905 1009 2115 1054 immolari
2148 1041 2157 1051 .
2212 1009 2306 1061 (h)

1261 1074 1376 1117 Adeo
1430 1071 1626 1116 insederat
1670 1070 1861 1113 omnibus
1905 1084 1989 1111 non
2034 1067 2138 1123 posse
2187 1068 2304 1109 Deo-

1261 1147 1353 1174 rum
1387 1144 1541 1173 numen
1573 1128 1692 1172 aliter
1723 1125 1911 1180 placari,
1956 1124 2031 1168 nisi
2079 1139 2152 1179 pro
2198 1123 2307 1165 salu-

1260 1201 1299 1230 te
1332 1187 1514 1230 hominis
1538 1217 1549 1239 ,
1583 1184 1764 1229 hominis
1798 1183 1882 1225 vita
1915 1183 2168 1226 redderetur.
2204 1181 2298 1222 Nec

1261 1257 1375 1287 tanta
1406 1243 1640 1287 calamitate
1671 1241 1920 1297 urgebantur
1952 1256 1974 1283 a
2006 1239 2098 1282 Diis
2122 1270 2135 1291 ,
2167 1251 2301 1293 quan-

1263 1314 1348 1344 tam
1389 1301 1460 1356 ipsi
1503 1300 1571 1342 fibi
1605 1299 1881 1354 producebant
1913 1328 1926 1350 ,
1981 1309 2024 1339 ut
2058 1297 2182 1350 longe
2219 1293 2298 1336 mi-

1263 1374 1407 1402 norem
1440 1356 1556 1399 illam
1587 1356 1637 1398 ab
1671 1355 1704 1397 se
1737 1355 2051 1408 deprecarentur
2079 1384 2088 1394 .
2133 1351 2303 1394 Screlera

1010 1415 1347 1462 honestiorlhaec
1389 1415 1516 1471 igitur
1555 1411 1698 1456 omnia
1741 1411 1808 1453 sub
1850 1426 1898 1453 eo
1941 1409 2049 1465 legis
2093 1406 2301 1450 Corneliae

1263 1472 1394 1527 capite
1459 1468 1863 1525 comprehenduntur
1900 1498 1912 1520 ‚
1974 1482 2055 1521 quo
2114 1463 2291 1507 venefici

1265 1527 1520 1583 maleficique
1561 1526 1844 1569 damnantur.
1894 1523 2024 1567 Malis
2073 1521 2189 1565 enim
2240 1535 2306 1562 ar-

1266 1587 1370 1631 tibus
1417 1600 1502 1628 non
1545 1584 1680 1628 minus
1720 1615 1733 1636 ,
1772 1597 1896 1638 quam
1951 1579 2120 1623 venenis
2166 1577 2305 1620 homi-

1269 1662 1335 1690 nes
1366 1661 1387 1688 e
1420 1644 1502 1686 vita
1535 1642 1770 1685 tolluntur.
1819 1639 1915 1681 Ideo
1947 1637 2037 1680 aliis
2070 1638 2110 1678 S.
2137 1637 2188 1678 C.
2226 1634 2305 1677 hoc

1239 1703 1369 1758 {legis
1420 1698 1626 1744 Corneliae
1675 1707 1795 1753 caput
1842 1694 2084 1753 produemm
2128 1691 2206 1741 fuit
2252 1691 2301 1737 ad

1266 1761 1516 1803 divinatores
1541 1790 1553 1810 ,
1593 1756 1777 1809 ariolos,
1824 1768 1963 1808 magos
1995 1784 2006 1805 ‚
2050 1750 2250 1807 aruspices
2281 1779 2295 1801 ‚

1269 1817 1486 1872 astrologos
1516 1846 1528 1868 ‚
1572 1814 1860 1858 vaticinatores
1887 1843 1898 1864 ‚
1949 1809 2126 1865 aliosque
2170 1804 2307 1849 Chal-

1269 1877 1444 1917 daearum
1485 1872 1637 1915 artium
1682 1869 1949 1926 professores,
1993 1867 2062 1922 qui
2107 1865 2154 1908 in
2198 1863 2306 1906 alio-

1272 1947 1363 1974 rum
1415 1929 1641 1986 perniciem
1685 1928 1805 1970 sortes
1846 1923 2074 1976 conjiciunt
2101 1952 2112 1973 ‚
2154 1933 2223 1963 aut
2267 1935 2312 1962 a-

1687 1985 1783 2038 (i)
1815 1985 1870 2027 Et
1901 1981 2101 2037 quoniam
2133 1978 2177 2020 hi
2213 1992 2305 2020 ma-

1678 2040 1936 2085 scientiarum
2009 2035 2249 2080 auetoritate
2298 2065 2312 2086 ‚

1992 2095 2081 2137 ideo
2138 2092 2314 2136 damna-

1275 2160 1303 2202 ti
1351 2158 1416 2201 sub
1460 2155 1850 2200 mathematicorum
1896 2150 2172 2208 appellatione
2219 2147 2309 2190 fue-

1277 2232 1315 2259 re
1352 2233 1360 2256 :
1417 2231 1511 2258 curn
1557 2213 1705 2269 alioqui
1752 2210 1857 2254 nihil
1902 2209 2105 2251 honestius
2150 2204 2315 2248 mathe-

1276 2274 1301 2316 si
1332 2305 1344 2326 ,
1391 2273 1496 2314 nihil
1540 2272 1729 2314 humanae
1778 2280 1929 2311 naturae
1974 2263 2274 2308 conducibilius
2309 2296 2319 2312 ,

1276 2329 1381 2373 unde
1425 2328 1467 2371 in
1509 2327 1776 2371 damnatione
1820 2325 1996 2368 minime
2047 2322 2319 2365 continentur

1276 2384 1534 2442 geometricae
1596 2397 1746 2436 arte33
1789 2398 1872 2424 non
1923 2381 2036 2423 enim
2098 2377 2230 2419 fuerat
2282 2374 2322 2417 id

1276 2443 1522 2486 vocabulum
1574 2440 1925 2485 dehonestatum:
1980 2436 2067 2488 [k]
2127 2433 2225 2480 adeo
2271 2444 2318 2474 u·t

1275 2516 1322 2543 eo
1380 2500 1548 2542 nomine
1606 2497 1865 2541 secernantur
1919 2493 2165 2536 honestiores
2225 2505 2322 2545 pro-

1277 2557 1435 2600 feffores
1486 2572 1509 2598 a
1552 2554 1766 2598 communi
1813 2550 2203 2595 mathematicorum
2254 2561 2326 2600 ap-

1277 2612 1500 2670 pellatione
1542 2644 1554 2665 ‚
1611 2628 1689 2667 qua
1750 2609 1858 2664 magi
1904 2640 1917 2663 ‚
1970 2607 2013 2650 &
2074 2606 2321 2648 incantato-

1276 2686 1336 2714 res
1376 2670 1646 2713 abutebantur
1682 2700 1692 2710 .
1735 2669 1898 2711 Contra
1944 2679 2044 2720 quos
2074 2678 2124 2707 ex
2156 2660 2312 2704 Tacito

1904 2723 1946 2765 V
1973 2737 1997 2763 v
2203 2729 2316 2775 patet

1769 2801 2100 2813 ...--.-.—---.---
2116 2793 2327 2809 oe—-2—--

1273 2044 1594 2095 thematicarum

1293 2804 1647 2817 ——u———-—-——

1321 2842 1370 2884 (f
1385 2842 1403 2879 )
1428 2843 1476 2873 Eu
1486 2841 1553 2874 seb.
1569 2842 1606 2872 de
1625 2848 1753 2883 praepaer.
1768 2849 1861 2870 evan.
1877 2835 1936 2869 lib.
1956 2847 1989 2875 4.
2006 2843 2074 2876 cap.
2097 2838 2145 2865 16.

1319 2888 1379 2927 (ξ)
1404 2886 1502 2918 Diod.
1534 2885 1634 2918 sicul.
1663 2884 1723 2916 lib.
1762 2895 1788 2915 1.
1828 2880 2138 2920 Marsham-saecul.
2170 2884 2201 2913 5.
2233 2874 2329 2907 verba

1279 2932 1494 2964 ταιδσθυτια
1519 2938 1594 2972 pag.
1611 2943 1668 2971 77.

1320 2976 1382 3015 (ὁ)
1411 2976 1494 3008 ἱἾὶη.
1512 2976 1569 3009 lib.
1593 2986 1645 3014 30·
1662 2980 1728 3015 cap.
1750 2984 1773 3006 1.
1794 2973 1874 3004 vs'de
1887 2974 2042 3004 Montan.
2057 2966 2093 2997 in
2113 2974 2180 2997 not.
2203 2973 2274 2996 var.
2291 2964 2329 2995 in

243 3026 296 3065 (τ)
322 3025 435 3062 Cuiac.
452 3029 495 3058 ad
511 3029 618 3059 Paull.
632 3027 717 3066 sene.
741 3035 768 3064 ς.
785 3033 852 3067 cap.
872 3036 924 3065 23·
954 3028 982 3069 §.
1002 3026 1058 3070 qui
1072 3024 1229 3058 hominem
1249 3062 1257 3077 ι
1278 3021 1360 3060 Ces.
1375 3019 1431 3052 lib.
1449 3024 1479 3051 6.
1501 3022 1539 3052 de
1563 3019 1642 3052 bello
1662 3019 1785 3050 Gallie.
1806 3025 1879 3058 pag.
1904 3025 1975 3051 130·

1327 3071 1336 3104 (
1355 3066 1367 3094 ἰ
1387 3068 1396 3101 1
1423 3065 1528 3097 Paull.
1546 3066 1632 3104 sent-
1647 3066 1707 3097 loc.
1724 3063 1826 3095 citato
1858 3059 1896 3090 Θ
1912 3067 1979 3090 toro
2007 3056 2062 3088 tit.
2088 3057 2121 3087 C.
2138 3055 2175 3087 de
2193 3050 2331 3093 melefic-

1285 3108 1324 3140 Θ
1337 3111 1489 3142 mathem.

1324 3155 1387 3195 (k)
1413 3154 1450 3186 L.
1474 3162 1576 3188 artem
1593 3164 1623 3187 2.
1640 3154 1677 3184 C.
1692 3151 1729 3185 de
1743 3149 1852 3191 malrf.
1876 3146 1915 3180 (9‘
1929 3146 2079 3181 matham,
