2524 3479
226 155 306 205 40
627 133 753 188 DE
817 130 1108 189 oRTU
1171 132 1300 188 ET
1358 134 1971 193 PROGRESSU

221 224 401 268 quorum
456 207 641 266 primum
695 210 864 266 antiqua
920 208 1232 265 jurisprudentia
1291 227 1378 255 ram
1407 214 1521 268 gessit
1545 229 1641 256 cum
1664 214 1769 266 Caio
1788 213 1967 258 Claudio
1988 245 2001 268 ‚
2031 228 2144 258 anno
2169 212 2225 256 ab
2245 210 2306 253 U.

217 279 482 324 nuncupatur
517 301 529 322 ‚
570 284 658 325 quae
708 268 840 311 statim
877 267 958 321 post
993 266 1093 309 latas
1125 268 1234 323 leges
1288 271 1340 312 C.
1365 271 1755 317 CCCCL‘aXXxJ.
1779 275 1820 320 ὅ(
1848 274 1952 316 circa
1973 288 2130 315 annum
2156 269 2308 316 Duil.

219 327 434 372 duodecim
469 328 576 370 Tab.
613 327 794 381 prodiit:
832 327 966 380 aspera
995 325 1159 379 quidem
1186 326 1234 367 il-
1290 328 1481 371 D=&ator
1506 328 1583 372 fuit
1608 332 1790 374 comitiis
1818 333 2011 375 habendis
2037 363 2045 372 .
2082 332 2144 373 De
2174 330 2314 374 Vulsi-

221 385 263 430 la
287 419 299 440 ,
332 385 580 428 tenebricosa
601 417 611 432 ,
643 385 686 426 ὅ(
720 384 839 427 tristis
874 396 1074 445 nonptain
1113 399 1153 426 in
1187 399 1237 426 se-
1259 393 1264 411 ³
1289 386 1495 430 mensibus
1523 388 1827 441 triumphavit,
1862 402 2054 444 tantaque
2085 389 2310 432 ausc’torita*

220 444 378 501 quitate
413 475 426 498 ‚
473 459 595 499 quan-2
631 459 672 485 ιιι
705 444 922 486 verborum
960 442 1236 497 superstitione
1288 457 1324 487 te
1352 458 1466 498 erat,
1501 458 1544 489 ut
1569 448 1616 488 ad
1641 462 1735 489 ewa
1759 480 1771 501 ‚
1805 450 1898 490 teste
1930 449 2135 491 Cicerone
2163 477 2176 499 ,
2220 445 2311 498 (b)

220 504 419 554 fundata3
452 517 576 557 eaque
606 502 824 544 Ciceronis
849 513 1010 543 :etatem
1041 500 1121 543 fere
1142 501 1235 542 atti·
1286 504 1332 546 de
1355 501 1574 559 hamanis,
1608 505 1648 548 ὃ(
1672 506 1826 548 divinis
1849 506 2044 549 omnibus
2067 504 2307 548 referretur.

218 563 314 618 git,
348 559 574 615 mansitque
595 575 726 601 annos
745 559 909 603 circiter
929 560 1102 601 CCCL.
1135 561 1236 612 Quat

218 620 329 663 hanc
373 618 531 671 excepit
558 649 569 670 ‚
624 619 835 672 vizuitque
879 634 1008 660 annus
1053 616 1134 660 fere
1181 617 1234 659 se‘

218 678 434 734 ptuaginta
463 691 610 718 novem
630 709 641 727 ‚
677 677 810 718 media
837 676 987 718 dcitur
1013 691 1024 727 3
1058 674 1234 728 superio-

219 752 253 779 ri
283 735 404 790 longe
430 733 677 777 humanior:
715 735 863 790 quippe
889 749 977 788 quae
1005 734 1133 788 magis
1155 732 1234 775 uti-
1290 760 1295 765 ·

219 793 337 836 litate
362 792 576 837 communi
604 823 617 843 ‚
648 807 771 848 quam
799 792 991 848 potestate
1020 793 1234 833 verborum

219 850 389 905 negotia
423 851 703 895 moderaretur
738 867 746 891 ε

800 850 995 905 duci-aque
1036 850 1236 904 interpre-
1284 851 1488 897 [Eliorum
1514 867 1637 911 gente
1669 871 1678 895 ε

1418 591 1458 634 C
1520 593 1558 636 A
1625 593 1651 635 P
1713 594 1754 636 U
1819 593 1862 634 Τ
1953 593 2168 636 XLVHI.

1519 651 1586 697 De
1615 652 1725 694 Sext.
1759 649 1817 694 (9¹
1847 651 2066 694 RAElu‘s.

1400 736 1595 781 Onsecuti
1631 738 1720 781 sunt
1754 737 1865 780 hunc
1896 737 1989 780 Sex.
2019 738 2061 780 ἃ
2087 738 2183 780 Pub.
2206 735 2307 781 AElii

1420 796 1574 840 Fratres
1613 799 1738 839 ambo
1783 798 1898 838 (3213.
1943 810 1992 837 ex
2042 810 2304 850 pauperrima

1712 855 1790 907 (c)
1814 855 1859 897 de
1888 868 1964 909 qua
1995 853 2195 896 sexdecim
2221 867 2306 896 una

221 921 311 953 tum
343 942 357 962 ‚
400 925 445 953 ac
473 908 781 962 magistratuum
809 907 1048 951 aueloritate
1072 939 1085 961 ,
1129 906 1235 963 leges
1282 911 1533 957 domuncula
1555 912 1860 955 claudebantur
1887 943 1895 953 .
1929 911 2020 963 (d)
2055 911 2177 953 Porro
2209 912 2305 955 Sex.

219 979 377 1011 veteres
401 966 577 1010 flefiletet
600 966 647 1010 ad
675 967 912 1010 lenitatem.
950 966 1062 1009 Huic
1089 965 1232 1009 succes·
1258 968 1440 1026 ²AElium
1477 972 1638 1014 Ennius
1669 987 1691 1014 a
1725 967 1938 1026 prudentia
1971 969 2129 1026 Catum
2161 968 2307 1024 appel-

219 1025 264 1068 sit
291 1024 601 1080 jurisprudentia
628 1040 735 1067 nova
759 1024 808 1065 ab
835 1024 1007 1078 Augusti
1036 1024 1234 1079 Imperio,

219 1097 331 1125 anno
357 1082 505 1126 scilicet
532 1083 582 1125 ab
603 1083 641 1123 U
688 1083 739 1124 C.
767 1082 1063 1126 DCCXXIX.
1088 1082 1135 1124 ad
1162 1083 1223 1134 Ju-

217 1139 443 1183 stinianum
467 1140 587 1195 usque
614 1138 816 1193 protratfi‘oe
841 1171 850 1182 .
885 1139 1017 1183 Editis
1042 1139 1186 1184 deinde
1212 1157 1235 1184 a
1260 1141 1261 1145 ’

219 1197 449 1249 justiniano
473 1196 666 1240 Nsvellis
687 1230 700 1252 ‚
751 1198 935 1252 processit
960 1196 1232 1253 jurispruden-

216 1254 300 1309 tia,
332 1271 420 1311 quae
441 1255 591 1299 dicitur
613 1256 829 1298 novissima
857 1288 869 1309 ‚
903 1271 1070 1315 quaeque
1093 1272 1228 1312 perve-

217 1312 282 1356 nit
306 1313 355 1356 ad
377 1329 535 1357 annum
564 1313 717 1356 Christi
749 1314 945 1356 DCCLl.
973 1330 994 1355 a
1022 1329 1102 1369 quo
1130 1327 1233 1359 tem-

218 1385 314 1425 pore
341 1369 655 1426 jurisprudentia
685 1401 697 1424 ,
746 1370 1012 1415 barbarorum
1051 1370 1230 1416 colluvie

216 1427 348 1473 mersa
371 1460 384 1482 ,
416 1428 538 1486 usque
565 1427 614 1472 ad
639 1427 885 1473 Lutharium
913 1429 1036 1473 latuit
1065 1430 1201 1475 Italiae
1224 1463 1232 1475 .

349 1542 392 1589 C
450 1544 491 1588 A
554 1541 585 1587 P
645 1543 689 1586 U
750 1544 794 1586 T
910 1546 1098 1589 XLVII.

448 1660 517 1706 De
546 1658 710 1703 Tiberio
739 1661 971 1705 coruncano
991 1693 1001 1705 .

296 1774 358 1829 Ed
384 1773 468 1828 jam
493 1775 720 1831 praecipuos
742 1774 1067 1832 jurisprudentiae
1090 1779 1228 1822 auclo-

319 1850 379 1876 res
406 1834 676 1889 producamus
698 1866 706 1876 .
741 1836 804 1876 Ut
829 1848 967 1878 autem
995 1850 1231 1890 praeteream

216 1891 407 1946 Appium
450 1891 676 1935 Claudium
713 1894 1009 1937 Decemvirum
1045 1895 1223 1938 condito-

217 1963 308 1992 rem
336 1950 477 2004 legum
496 1951 602 1994 XlI.
628 1950 737 1992 Tab.
765 1949 808 1993 &
831 1950 914 2002 ejus
936 1950 1012 1994 five
1034 1968 1231 2008 pronepo-

216 2018 332 2061 tem,
363 2007 468 2059 five,
503 2019 548 2051 ut
576 2006 646 2050 alii
672 2006 843 2062 volunt,
874 2010 1123 2063 abnepotem
1146 2012 1233 2065 Ap-

214 2063 332 2119 pium
363 2064 590 2108 Claudium
615 2065 796 2108 Coecum
826 2096 839 2119 ‚
891 2066 1083 2111 Publium
1117 2068 1233 2111 Sem-

215 2122 410 2178 pronium
441 2155 452 2176 ‚
500 2122 571 2179 qui
597 2139 619 2165 a
644 2122 761 2166 civili
788 2123 1002 2179 prudentia
1028 2126 1157 2169 dieius
1179 2126 1233 2169 est

215 2179 405 2236 Sophus,
437 2179 480 2223 &
507 2180 697 2224 Publium
723 2180 971 2224 Cornelium
989 2183 1197 2226 ⁴Nasicam
1220 2216 1232 2237 ,

215 2251 379 2293 patrem
400 2237 539 2290 iilius,
571 2238 640 2293 qui
665 2254 687 2280 a
713 2238 878 2293 publico
906 2239 1049 2294 Populi
1078 2244 1229 2284 Roma·

215 2295 263 2338 ni
289 2309 430 2339 amore
473 2295 699 2350 appellatus
726 2296 781 2338 est
824 2296 1054 2340 Corculum
1088 2314 1101 2351 3
1133 2315 1229 2355 quo-

219 2368 313 2396 rum
340 2352 431 2396 sane
455 2352 658 2396 memoria
685 2353 883 2398 maximis
904 2355 1020 2398 rebus
1041 2356 1170 2410 regis,
1190 2356 1234 2399 ὅ(

216 2423 407 2455 veterum
433 2409 721 2454 historicorum
749 2413 1033 2456 monumentis
1059 2413 1148 2457 satis
1179 2413 1233 2457 est

216 2481 441 2526 pervagata
464 2501 472 2511 .
505 2469 569 2520 (a)
596 2469 824 2513 Exordium
851 2471 994 2514 ducam
1021 2486 1043 2514 a
1066 2473 1233 2515 Corun-

215 2542 324 2572 cano
342 2542 364 2571 e
383 2526 568 2570 Tusculo
590 2560 601 2577 ,
632 2527 701 2583 qui
731 2527 918 2584 princeps
943 2528 1151 2583 publicam
1172 2528 1230 2582 ju·

216 2585 274 2628 ris
305 2584 442 2628 civilis
469 2584 756 2640 professionem
781 2586 833 2629 est
861 2585 1054 2642 ingressus
1086 2604 1094 2629 :
1143 2588 1228 2644 qui-

217 2656 298 2697 que
330 2643 529 2686 auditores
562 2643 704 2687 habuit
725 2676 736 2695 ‚
769 2644 812 2687 δ(
846 2643 1064 2689 sententias
1083 2645 1232 2701 plures,

218 2711 343 2756 atque
373 2699 558 2755 responsa
589 2701 756 2757 reliquit
785 2702 911 2745 abeis
929 2716 1122 2758 excepta.
1154 2705 1232 2747 Vi-

217 2757 284 2801 xit
326 2755 359 2798 is
399 2768 585 2812 ternpore
620 2758 740 2811 primi
775 2758 871 2801 belli
907 2760 1046 2804 Punici
1087 2777 1099 2815 3
1151 2763 1231 2816 pri-

1284 1025 1413 1070 lavit.
1447 1029 1614 1085 Egregie
1645 1029 1826 1071 cordatus
1857 1030 1964 1070 homo
1996 1030 2132 1070 Catus
2167 1027 2307 1071 AElius

1280 1085 1447 1129 Sextus.
1481 1085 1638 1128 Consul
1673 1085 1748 1128 fuit
1775 1101 1868 1128 cum
1901 1086 1955 1125 T.
1985 1085 2038 1135 Q.
2064 1084 2304 1138 Flaminio,

1280 1159 1392 1187 anno
1414 1145 1464 1187 ab
1488 1145 1546 1187 U.
1572 1144 1624 1186 C.
1654 1144 1791 1186 DLII.
1818 1140 1981 1185 Publius
2005 1154 2143 1184 autern
2173 1141 2302 1186 AElius

1286 1202 1440 1246 consul
1489 1201 1567 1245 fuit
1599 1216 1695 1244 cum
1727 1201 1815 1245 Cn.
1846 1198 2047 1244 Cornelio
2079 1198 2256 1244 Lentulo
2287 1229 2302 1254 ‚

1281 1275 1394 1304 anno
1423 1261 1480 1304 U.
1503 1260 1556 1304 C.
1587 1259 1791 1307 DXLIX.

1446 1346 1487 1390 C
1548 1349 1585 1391 A
1651 1347 1680 1390 P
1740 1346 1785 1388 U
1845 1347 1890 1390 T
1977 1345 2139 1391 XLIX.

1586 1406 1655 1452 De
1685 1405 1808 1449 Lucio
1837 1403 1998 1450 Atilio,

1405 1492 1506 1537 Ucii
1541 1491 1663 1538 Atilii
1696 1505 1810 1537 tanta
1845 1491 1923 1535 fuit
1953 1489 2098 1546 opinio
2126 1488 2301 1545 pruden-

1418 1554 1483 1596 tiae
1514 1552 1652 1596 civilis
1672 1583 1684 1603 ‚
1718 1564 1762 1595 ut
1793 1551 1951 1608 primus
1982 1566 2004 1592 a
2040 1551 2301 1602 pop.Rom.

1287 1610 1413 1654 latine
1437 1608 1895 1665 Sapiens-appellaretur
1925 1624 1937 1661 3
1971 1622 2067 1650 cum
2104 1607 2304 1661 Sempro-

1287 1668 1355 1710 nio
1385 1669 1509 1724 sophi
1543 1682 1694 1711 nomen
1728 1665 1851 1710 fuerit
1873 1681 1895 1709 e
1915 1680 2043 1721 greca
2065 1663 2207 1720 lingua
2232 1678 2302 1719 pe-

1285 1726 1408 1769 titum
1434 1742 1442 1767 :
1496 1739 1539 1769 ut
1570 1725 1802 1768 existimem
1835 1724 1885 1766 ab
1915 1722 2083 1766 eruditis
2115 1736 2250 1779 magis
2281 1749 2294 1776 ,

1283 1799 1409 1838 quam
1441 1799 1464 1827 a
1495 1782 1625 1840 vulgo
1656 1783 1698 1826 id
1728 1783 1765 1826 ei
1799 1780 2040 1837 contigisse.

1498 1869 1540 1915 C
1601 1873 1640 1912 A
1704 1869 1735 1912 P
1795 1871 1840 1912 U
1901 1870 1946 1912 T
2035 1870 2083 1912 L.

1571 1929 1639 1974 De
1669 1927 1811 1971 Marco
1843 1930 2020 1971 Catone.

1379 2014 1524 2059 Loruit
1554 2014 1681 2058 etiam
1711 2014 1941 2059 innumeris
1967 2011 2186 2057 virtutibus
2217 2010 2298 2057 im-

1319 2109 1333 2114 -
1398 2071 1642 2117 mortalitati
1676 2073 1977 2116 commendatis
2001 2103 2013 2125 ,
2061 2071 2299 2116 testimonio

1285 2130 1570 2174 historicorum
1586 2162 1599 2185 ,
1629 2130 1671 2173 &
1692 2129 1789 2182 juris
1809 2131 1935 2175 etiam
1951 2130 2295 2184 civilisscientia,

1282 2189 1451 2232 Marcus
1467 2190 1575 2232 Cato
1600 2204 1621 2232 e
1649 2189 1881 2245 municipio
1905 2188 2143 2232 Tusculano
2167 2220 2176 2230 .
2209 2188 2295 2231 Hic

1281 2262 1376 2289 cum
1404 2246 1572 2290 hortatu
1600 2248 1634 2290 L
1674 2247 1834 2291 Valerii
1855 2247 1988 2291 Flacci
2020 2249 2200 2289 Romam
2227 2261 2300 2290 ve-

1283 2304 1397 2347 nisset
1428 2335 1441 2357 ‚
1483 2304 1691 2360 aetatisque
1731 2305 1805 2347 suae
1841 2321 1953 2348 anno
1984 2304 2146 2347 decimo
2182 2302 2306 2358 lepti·

1283 2378 1351 2404 mo
1372 2363 1414 2405 in
1437 2361 1637 2406 militiam
1664 2362 1863 2417 profestus
1889 2361 1983 2406 esset
2010 2377 2024 2414 3
2057 2361 2168 2403 brevi
2192 2361 2299 2404 mira

1281 2418 1479 2463 felicitate
1506 2451 1519 2473 ‚
1560 2431 1680 2475 atque
1714 2419 1946 2463 incredibili
1981 2417 2120 2461 favore
2154 2417 2296 2473 populi

1281 2477 1329 2521 ad
1363 2477 1541 2521 summos
1568 2477 1743 2521 honores
1773 2478 1985 2533 pervenit3
2018 2477 2099 2528 (e)
2120 2477 2300 2520 Censor-

1282 2551 1358 2592 que
1383 2549 1567 2587 creatus,
1599 2549 1757 2578 tantam
1782 2536 2061 2592 gravitatem,
2093 2547 2213 2590 atque
2237 2536 2297 2578 le-

1284 2594 1496 2637 veritatem
1525 2592 1710 2638 adhibuit
1733 2626 1745 2647 ‚
1781 2608 1823 2637 ut
1851 2595 1943 2638 inde
1969 2592 2182 2646 Cenfhrt'us
2205 2591 2294 2636 fue-

1284 2654 1335 2695 rit
1359 2651 1609 2707 appellatus:
1644 2652 1909 2708 notandisque
1931 2652 2088 2695 summa
2104 2650 2296 2693 libertate

1284 2709 1464 2766 plumbus
1493 2725 1542 2753 ex
1577 2709 1795 2754 nobilitate
1831 2711 1872 2754 in
1906 2709 2134 2753 multorum
2161 2707 2293 2750 offen-

1283 2767 1435 2811 sionem
1452 2768 1636 2810 venerit:
1669 2785 1690 2810 a
1706 2770 1850 2823 quibus
1865 2769 2022 2823 quoties
2039 2766 2079 2807 in
2094 2763 2294 2816 judicium

217 2812 391 2870 mUsque
433 2812 479 2856 de
526 2813 639 2869 plebe
674 2814 864 2859 Pontifex
897 2832 1007 2860 max·
1039 2819 1092 2861 est
1124 2835 1234 2864 crea·
1256 2812 1425 2881 lcapitis
1451 2837 1616 2868 vocatus
1639 2825 1774 2877 essetf,
1817 2825 1922 2879 quod
1954 2824 2095 2867 crebro
2126 2823 2295 2877 evenit,

220 2944 278 2976 no
292 2960 306 2984 ,
337 2943 449 2973 anno
462 2931 516 2973 A.
534 2930 590 2971 U.
606 2929 658 2974 C.
674 2930 1026 2976 CCCCLXXII.
1038 2933 1081 2978 δε
1093 2937 1232 2981 censu-

221 2883 312 2916 tus.
345 2869 503 2914 Consul
537 2870 616 2914 fuit
649 2888 744 2915 curn
781 2872 876 2915 Pub.
911 2873 1082 2919 Valerio
1105 2879 1265 3064 Laevi-⁸

1248 3073 1268 3280 l

269 3101 330 3142 (a)
354 3101 424 3136 cic.
439 3111 521 3134 orat.
549 3109 612 3154 pro
630 3104 747 3139 Plane·
762 3113 787 3139 c·
807 3106 839 3139 8.
856 3103 929 3140 Liv·
945 3103 1064 3143 lib-18.
1090 3108 1159 3144 Cic.
1173 3118 1231 3154 pro

229 3149 329 3184 βων».
345 3146 384 3179 (9³
399 3148 437 3180 de
450 3149 510 3190 leg.
526 3146 573 3180 hb
590 3157 623 3181 2.

262 3191 323 3237 (b)
351 3190 458 3234 Lim.
476 3193 515 3228 de
527 3202 616 3230 orat.

1285 2883 1406 2927 toties
1441 2897 1523 2925 non
1556 2882 1762 2925 absolutus
1794 2882 1916 2924 modo
1943 2915 1954 2936 ,
1989 2896 2131 2924 verum
2165 2881 2294 2924 etiam

1285 2941 1468 2986 laudatus
1498 2939 1666 2984 disceffit
1706 2972 1714 2983 .
1761 2940 1843 2983 Hic
1875 2955 1924 2984 ex
1959 2941 2024 2983 sua
2058 2938 2169 2995 prole
2201 2938 2299 2982 infi-

2199 3010 2300 3052 gnes

1613 3074 2302 3087 ——————————-———-=

1331 3115 1387 3154 (c)
1418 3111 1526 3145 Valer.
1549 3115 1597 3151 L4
1624 3124 1685 3151 c.4,
1706 3112 1871 3145 Plutarch⁴
1892 3115 1927 3144 in
1942 3114 1994 3143 vir
2029 3105 2156 3145 AEae'zit.

1335 3159 1398 3199 (d)
1423 3161 1490 3191 Cic.
1509 3159 1546 3189 de
1561 3168 1645 3190 orae.
1662 3157 1759 3191 lib-6.
1773 3161 1835 3194 l.2.
1846 3157 1892 3204 ff.
1906 3160 1943 3193 de
1957 3157 2104 3202 origjur.
2125 3158 2154 3201 §·
2170 3155 2297 3190 deinde,

1345 3203 1403 3247 (e)
1428 3203 1503 3239 Liv·
1520 3202 1599 3246 lib-3
1608 3215 1638 3246 9.
1660 3215 1686 3240 c.
1702 3215 1756 3246 40.
