2596 3479
119 26 137 39 O

200 103 265 153 72

203 158 332 205 uentis
365 159 495 217 virgis
527 193 539 215 ‚
574 162 787 220 culleoque
821 164 976 207 insutus
1007 181 1102 208 curn
1136 183 1201 211 ca·

203 237 242 271 e,
274 215 385 274 gallo
417 217 649 276 gallinaceo
674 253 686 276 ,
736 223 873 277 vipera
899 253 910 275 ,
960 221 1004 265 δε
1037 222 1155 266 simia
1188 255 1199 274 ‚

201 279 302 322 tibus
337 277 445 321 rabie
478 278 650 321 incensis
682 279 934 334 laniaretur,
968 281 1071 324 mari
1095 296 1202 324 rner-

154 351 319 393 ²,uretur
351 369 364 391 ‚
415 337 465 379 ab
505 336 699 380 omniurn
742 336 1045 382 elementorum
1087 354 1200 382 com-

152 395 320 438 merciis
352 394 459 451 quasi
496 394 722 450 segregatus
756 426 767 447 ‚
811 411 906 440 cum
942 411 1016 439 nee
1048 409 1200 439 terram

156 454 379 510 attingeret
405 485 418 506 ‚
462 468 593 508 neque
636 469 784 509 aquam
824 469 832 494 r
884 454 1042 497 etenim
1076 454 1125 498 ab
1156 469 1203 498 ea

155 512 294 556 cu'leo
326 512 624 554 discernebatur
647 543 656 553 .
691 511 820 562 Cujus
844 511 1083 567 exemplum
1114 512 1199 567 sup-

155 570 273 627 plicii
298 603 312 622 ‚
344 569 601 627 Tarquinius
632 568 712 619 jam
746 569 923 613 ediderat
950 571 990 612 in
1014 572 1076 612 M.
1095 570 1202 612 Tul-

157 629 217 673 lio
250 628 523 680 Duumvim,
571 641 732 682 propter
777 628 978 682 proditam
1027 643 1195 671 arcano-

156 702 251 730 rum
284 687 403 728 fidem
426 717 436 727 .
469 685 555 737 (a)
582 687 665 727 Lex
691 698 827 728 autem
857 686 939 727 baec
964 686 1018 729 est
1042 702 1051 726 r

238 747 350 820 (Qui
407 761 675 817 pare-ntem
732 745 934 798 necassit
969 785 983 813 ,
1045 760 1198 817 caput

157 822 416 880 obnubito
445 844 455 877 :
493 823 760 893 culleoque
787 822 978 876 insutus
1006 823 1057 875 in
1083 840 1200 894 pro-

160 906 411 983 fluentem
457 900 713 973 mergitor
740 941 752 952 .

218 978 516 1035 'Obnubito
544 981 563 1044 )
609 1009 755 1039 notum
787 997 840 1040 est
872 1028 886 1050 ‚
931 997 1072 1040 nubere
1104 996 1202 1054 quid

163 1056 362 1113 significet
394 1053 520 1108 prisca
547 1054 705 1109 origine
729 1087 740 1107 ,
775 1054 929 1098 scilicet
948 1058 1111 1098 velare.
1146 1057 1202 1099 Et

161 1116 255 1171 quia
290 1111 428 1168 sponsa
459 1112 512 1153 ob
545 1113 741 1165 pudorem
765 1111 1003 1166 velabatur,
1035 1129 1131 1157 cum
1153 1113 1202 1155 ad

158 1172 297 1214 mariti
330 1170 501 1212 domurn
526 1169 818 1212 deduceretur:
854 1169 950 1212 inde
974 1183 1124 1225 nupta,
1158 1170 1202 1214 &

157 1229 338 1284 nuptiae:
385 1227 637 1282 verbumque
674 1228 816 1270 nubere
855 1226 901 1270 in
939 1227 1200 1284 conjugalem

158 1284 509 1343 significationem
540 1283 666 1339 vulgo
697 1285 920 1328 transivit.

334 1398 376 1442 C
434 1400 475 1442 A
538 1398 567 1441 P
627 1399 671 1441 U
733 1399 775 1441 T
864 1400 1025 1444 LXIV.

530 1487 596 1530 De
629 1489 813 1531 Incendio
834 1519 843 1530 .

299 1571 390 1616 Ulli
423 1571 650 1617 criminum
683 1574 899 1618 atrocitate
930 1574 1036 1619 cedit
1059 1575 1203 1622 incen-

313 1632 425 1673 dium
455 1629 548 1672 dolo
580 1631 833 1674 excitatum:
869 1631 982 1683 cujus
1015 1634 1070 1677 rei
1095 1635 1208 1692 leges

587 88 691 141 DE
739 90 932 161 JURE
979 90 1396 148 NATURALI
1426 136 1443 166 ‚
1485 99 1905 171 GENTIUM,

1255 169 1325 234 sibi
1357 171 1531 216 ferentes
1566 191 1634 231 per
1660 176 1744 220 vias
1772 177 2053 235 caedebantur‚
2089 181 2191 225 unde
2209 179 2300 233 jar-

1253 225 1367 291 cfferi
1396 262 1409 283 ,
1439 231 1630 295 cre-hrum
1668 235 1771 290 apud
1819 235 2010 280 Plautum
2059 238 2103 282 ὅ(
2137 240 2300 281 Teren·
2364 266 2374 273 -

1254 296 1361 349 trum
1393 289 1631 334 convicium
1654 323 1663 333 .
1699 295 1755 335 At
1789 293 1812 335 si
1840 309 1886 336 ex
1917 294 2052 337 aliena
2084 294 2302 350 negligen-

1254 353 1311 384 tia
1337 344 1574 389 incendium
1601 347 1740 405 aliquo
1771 350 1942 405 serperet
1971 384 1983 405 ‚
2029 351 2148 395 civili
2173 352 2300 394 afflo-

1255 413 1304 463 ne
1332 399 1444 453 dupli
1470 403 1693 456 persecutio
1719 406 1888 451 dabatur
1909 442 1921 463 ,
1955 410 2018 460 (b)
2041 424 2165 465 eaque
2191 408 2299 452 aetio

1255 458 1511 521 incensarum
1549 461 1694 506 aedium
1731 464 1880 509 dicitur
1919 467 1960 509 in
1990 467 2174 522 pluribus
2199 464 2299 517 juris

1253 514 1383 557 locis.
1417 517 1478 568 (c)
1504 518 1563 560 At
1592 518 1616 561 si
1646 520 1835 565 solvendo
1861 539 1950 567 reus
1975 539 2059 566 non
2085 523 2206 574 esset,
2241 521 2300 565 le-

1254 573 1360 615 viter
1385 574 1670 620 verberabatur
1706 594 1725 630 ,·
1779 594 1942 636 propter
1972 597 2063 624 eam
2091 582 2135 624 de
2165 579 2298 636 poenis

1253 629 1436 684 regulam
1465 663 1477 685 ,
1512 633 1570 676 uti
1597 635 1666 689 qui
1694 651 1769 679 aere
1797 638 1940 693 nequit
1974 669 1987 690 ‚
2031 653 2197 691 corpore
2229 637 2301 679 (la-

1251 701 1398 730 mnum
1431 688 1538 732 luat.
1571 693 1637 743 (d)
1666 692 1784 748 Legis
1811 709 1930 746 porro
1959 694 2206 738 sententiam
2233 693 2297 736 imis

1252 747 1383 788 verbis
1410 747 1579 791 reddidit
1606 748 1915 793 Gothofredus:

1327 805 1439 878 Qui
1492 808 1615 861 aedes
1673 827 1985 862 acervumve
2043 807 2297 862 frumenti

1249 883 1312 937 ad
1371 883 1498 938 aede's
1553 886 1774 957 positum
1828 887 1951 940 dolo
2011 886 2164 940 sciens
2220 884 2297 938 in-

1249 960 1403 1013 censit
1428 1000 1442 1028 ‚
1486 962 1685 1016 vinctus
1727 965 2024 1017 verberatus
2065 962 2174 1034 igni
2210 980 2305 1015 ne·

1249 1053 1433 1092 cator:
1483 1058 1541 1092 ac
1582 1040 1617 1092 s1
1662 1039 1806 1092 causa
1849 1041 1919 1112 (Ὅ
1954 1039 2169 1094 noxiam
2201 1040 2297 1092 sara

1250 1117 1396 1186 cito;
1443 1116 1478 1169 fi
1521 1135 1614 1170 nec
1653 1116 1863 1171 idoneus
1906 1116 2027 1171 escit
2063 1156 2081 1187 ,
2131 1116 2306 1170 levius*

1250 1192 1525 1266 castigator
1552 1235 1566 1248 .

1330 1273 1550 1325 Incenfit
1579 1271 1598 1339 )
1634 1307 1704 1346 pro
1746 1292 1962 1336 incenderit
1992 1325 2002 1346 ‚
2052 1292 2149 1336 sicut
2178 1292 2296 1337 incar<

1244 1344 1354 1402 psit,
1386 1359 1430 1389 ut
1457 1359 1572 1389 notat
1597 1349 1729 1391 Festus
1756 1352 1879 1392 verbo
1907 1348 2071 1402 incenfit
2091 1382 2100 1391 .
2134 1351 2198 1402 (e)

1440 1405 1477 1446 C
1542 1406 1579 1446 A
1644 1406 1672 1448 P
1734 1408 1776 1447 U
1840 1408 1882 1449 T
1973 1409 2108 1450 LXV.

1323 1461 1389 1505 De
1419 1461 1568 1504 Ordine
1592 1462 1844 1515 judiciorum
1870 1496 1882 1518 ‚
1914 1463 1970 1507 ΕΤ
2002 1466 2052 1506 de
2083 1464 2126 1506 in
2157 1464 2227 1516 ius

1666 1524 1865 1565 vocando.

1358 1574 1539 1630 Xpositis
1572 1575 1725 1633 legibus
1751 1611 1763 1633 ,
1796 1580 1942 1635 quibus
1972 1577 2150 1623 crimina
2182 1591 2300 1620 coer·

1377 1644 1558 1685 centur,
1600 1634 1708 1691 leges
1740 1636 1967 1687 judiciarias
1994 1668 2006 1689 ‚
2048 1634 2296 1686 judiciorum

1257 1572 1342 1675 E

161 1690 266 1732 XII.
302 1687 426 1730 tabul.
459 1688 698 1742 exemplum
723 1685 939 1745 posuerunt
959 1691 1002 1733 in
1022 1707 1071 1735 eo
1087 1725 1099 1745 ‚
1132 1693 1201 1748 qui
1250 1689 1436 1733 ordinem
1458 1691 1703 1746 dirigentes,
1724 1694 1977 1749 explicemus
1994 1726 2003 1735 .
2035 1691 2297 1744 judiciorum

161 1761 355 1788 acervum
401 1745 597 1789 frumenti
630 1747 678 1790 ad
709 1746 864 1792 alienas
897 1748 997 1790 aedes
1029 1750 1203 1804 positum
1225 1770 1229 1818 Ι
1250 1762 1390 1790 autem
1434 1750 1648 1793 exordium
1680 1765 1767 1793 erat
1799 1753 1962 1794 vocatio
1996 1751 2037 1793 in
2069 1751 2128 1801 lU3
2157 1766 2166 1790 ²

163 1802 433 1846 combussisset
459 1835 472 1855 ‚
506 1819 590 1845 non
621 1804 716 1858 quia
751 1803 827 1847 hoc
863 1819 1026 1849 tantum
1061 1822 1203 1850 incen-

165 1859 280 1903 dium
315 1861 525 1914 punierint
553 1892 567 1914 ‚
614 1861 673 1904 sed
704 1862 813 1918 vquia
846 1863 899 1906 rei
936 1863 1088 1907 ru-sticae
1119 1878 1206 1908 tota

166 1917 256 1959 vita
301 1917 443 1960 deditis
475 1917 558 1960 haec
589 1920 778 1974 exempla
811 1920 989 1964 crebrius
1019 1938 1203 1965 occurre-

165 1975 268 2017 bant
294 1991 305 2015 :
339 1975 442 2018 unde
476 1975 548 2018 sub
576 1991 620 2017 ea
649 1976 803 2033 reliqua
825 1977 1108 2022 incendiorum
1137 1995 1195 2035 ge-

169 2046 266 2075 nera
290 2033 687 2086 comprehenderunt
711 2066 723 2086 ‚
759 2039 793 2073 λ’
830 2050 896 2077 eos
915 2066 931 2088 ,
960 2036 1028 2091 qui
1062 2036 1206 2091 quovis

168 2089 293 2132 modo
320 2089 559 2132 incendium
588 2091 824 2133 conflassent
855 2123 866 2144 ,
901 2092 996 2147 igne
1020 2109 1207 2137 creman-

172 2147 241 2189 dos
270 2145 461 2198 jusserunt
492 2163 501 2187 t
555 2159 598 2189 ut
631 2150 738 2213 unde*
760 2149 958 2192 damnum
986 2150 1076 2193 aliis
1100 2164 1200 2194 attu-

176 2204 340 2257 lissent,
362 2204 454 2245 inde
479 2204 521 2246 &
547 2203 618 2256 ipsi
645 2212 825 2248 mortem
851 2207 1071 2250 haberent:
1107 2210 1209 2262 post-

174 2276 298 2316 quam
346 2260 474 2302 vineti
509 2263 786 2319 verberatique
823 2263 1008 2317 fuissent,
1039 2281 1125 2319 quae
1146 2283 1209 2309 ca-

174 2317 368 2373 pitalium
403 2318 595 2360 omnium
635 2320 923 2373 suppliciorum
953 2334 1070 2364 erant
1094 2338 1210 2366 exor-

175 2373 276 2427 dia3
308 2373 406 2417 servi
450 2387 587 2417 tamen
619 2376 661 2419 &
689 2378 834 2420 viliora
866 2380 998 2433 capita
1039 2395 1190 2436 pergen

176 2443 237 2476 tes
258 2431 306 2474 ad
333 2430 579 2487 supplicium
599 2464 612 2487 ‚
644 2435 739 2478 nudi
766 2451 926 2480 crucem
944 2468 955 2490 ,
987 2437 1031 2479 δι
1053 2436 1209 2482 furcam
1268 2451 1468 2493 gnantem
1493 2437 1655 2479 obtorto
1686 2436 1794 2480 collo
1817 2437 1897 2489 β’)
1920 2435 1970 2479 ad
1996 2434 2214 2477 Praetorem
2239 2446 2302 2473 ra-

176 2560 423 2572 -ν-ῃρ,

223 2592 280 2630 (a)
314 2592 419 2624 Valer.
436 2596 531 2625 Max.
558 2595 582 2625 t·
602 2603 627 2625 ι.
648 2606 672 2626 c.
695 2605 719 2625 1.
739 2607 770 2627 n.
791 2605 838 2635 ¹3·
869 2597 997 2629 Nonius
1022 2609 1046 2630 c.
1069 2608 1095 2628 r.
1122 2597 1198 2630 verb

179 2636 339 2667 Perbiter.

229 2678 279 2721 [b]
306 2682 344 2710 L.
361 2681 550 2719 capitalium
577 2686 629 2715 28.
659 2685 689 2727 §.
710 2695 758 2715 12.
785 2686 823 2717 de
851 2686 952 2727 panis
969 2707 978 2717 .
1005 2686 1107 2719 Paull-
1143 2689 1165 2720 l.
1185 2698 1200 2726 5

178 2724 254 2765 sent
282 2725 330 2754 eir
348 2733 375 2760 3.
392 2724 448 2754 ubi
478 2725 584 2763 euin.

231 2768 276 2809 [c]
305 2768 340 2844 Ii.
356 2765 440 2805 juris
466 2772 615 2810 gentium
643 2773 670 2814 §.
692 2783 741 2810 13.
764 2772 804 2816 ff
821 2773 858 2805 Aa
881 2773 1011 2816 paHis,
1044 2778 1116 2808 Lx.
1139 2779 1217 2809 Caci

183 2815 206 2845 3.
225 2813 313 2847 Aqui
330 2836 336 2842 ·

234 2858 294 2897 (J)
322 2855 470 2888 Balduin.
489 2857 528 2889 (3·
543 2859 626 2891 Ritt.
655 2862 696 2892 ad
712 2863 792 2894 hanc
808 2864 830 2895 Ι.
847 2862 924 2896 vide
939 2865 1035 2908 capit.
1062 2865 1099 2897 de
1114 2866 1215 2898 incen-

184 2904 303 2936 diariis
329 2903 414 2940 apud
433 2904 564 2934 eundem
596 2904 756 2937 Ritterzh.

231 2949 287 2987 ς’)
314 2949 420 2987 Quem
452 2947 513 2980 hoc
542 2949 614 2981 loco
640 2951 872 2992 negligentiam
897 2951 1133 2995 interpretatur
1161 2960 1204 2990 Ca

187 2991 238 3031 jus
271 2992 303 3023 in
331 2994 366 3023 Ι..
390 3003 418 3031 9.
449 2996 493 3024 D.
526 2993 565 3025 de
589 2995 760 3026 incendio.
790 2995 888 3037 Quod
918 2998 938 3030 si
968 2999 1056 3031 enim
1086 2999 1213 3039 fulguri.

188 3037 222 3070 vi
250 3036 437 3069 incendium
473 3048 513 3070 ex
531 3038 660 3078 ignibus
686 3040 865 3074 coelestibus
892 3044 1066 3086 contigerit
1086 3068 1094 3084 ‚
1122 3045 1221 3080 idne-

198 3081 280 3115 mini
297 3080 402 3113 fraudi
426 3082 486 3116 effe
510 3084 628 3117 debet.

243 3125 291 3167 [e]
320 3127 401 3161 Vide
413 3129 475 3169 l.9·
491 3130 507 3171 §
526 3139 553 3162 ⁴1.
575 3130 631 3173 qui
641 3130 720 3165 aedes
741 3129 781 3175 ff
799 3131 924 3167 incend-
943 3133 1030 3167 ruin-
1044 3135 1136 3176 nauf.

545 2562 650 2572 ———=—-

2222 1749 2293 1795 Ius

1251 1805 1366 1847 enim
1397 1806 1604 1849 dicebatur
1637 1808 1761 1851 etiam
1783 1808 1893 1852 locus
1920 1840 1932 1862 ,
1965 1809 2032 1851 ubi
2054 1807 2180 1850 causae
2206 1804 2298 1861 agi-

1252 1874 1393 1904 tantur
1414 1893 1422 1904 .
1471 1863 1607 1919 Igitur
1638 1864 1750 1907 aS'tor
1782 1881 1896 1909 reum
1929 1865 2184 1928 conveniens
2220 1877 2294 1905 vo-

1253 1921 1368 1962 cabat
1400 1920 1443 1962 in
1476 1919 1534 1970 jus
1565 1922 1612 1964 ad
1646 1938 1740 1965 eum
1767 1955 1778 1975 ‚
1811 1923 1879 1979 qui
1907 1920 2293 1974 iurisdiRioniprae-

1253 1975 1336 2028 est,
1369 1978 1416 2019 ad
1450 1978 1665 2022 Praetorem
1699 2012 1712 2033 ‚
1755 1984 1920 2035 cupiens
1965 1995 2058 2023 cum
2091 1994 2141 2021 eo
2171 1975 2299 2020 disce-

1255 2047 1392 2086 ptare,
1424 2051 1469 2077 ac
1491 2035 1551 2087 jus
1575 2038 1750 2090 experiri
1779 2038 1893 2080 suurn
1917 2069 1926 2079 .
1957 2036 2086 2087 Cujus
2111 2034 2298 2078 vocatio-

1258 2094 1322 2133 nis
1349 2094 1408 2134 hae
1436 2094 1634 2136 solemnes
1662 2108 1778 2137 erant
1805 2092 2023 2138 formulae:
2059 2094 2108 2136 In
2137 2093 2202 2144 ius
2232 2107 2299 2133 ea·

1258 2165 1365 2191 mus:
1402 2151 1464 2193 vel
1499 2152 1541 2193 in
1564 2153 1630 2203 jus
1654 2153 1750 2194 veni
1771 2168 1785 2192 .·
1821 2152 1884 2196 vel
1905 2151 2068 2207 sequere
2090 2150 2145 2191 ad
2169 2148 2299 2190 tribu-

1260 2208 1351 2248 nal:
1386 2206 1447 2250 vel
1480 2209 1521 2249 in
1543 2211 1609 2259 jus
1631 2210 1814 2251 ambula.
1847 2207 1925 2261 (s)
1955 2204 2178 2250 vocationi
2210 2217 2300 2266 reus

1260 2281 1308 2307 ex
1337 2266 1509 2318 Legibus
1532 2268 1637 2308 xil,
1680 2267 1804 2308 tabul.
1830 2264 2044 2309 confestim
2076 2276 2210 2324 parere
2237 2275 2302 2311 Ju-

1264 2323 1460 2374 bebatur‚
1493 2338 1538 2365 ac
1568 2322 1592 2364 si
1629 2322 1834 2365 declinare
1876 2320 2001 2365 vellet
2024 2319 2224 2370 judicium
2256 2316 2301 2360 &

1269 2379 1341 2422 sese
1365 2379 1488 2421 ac‘tori
1516 2378 1727 2421 subducere
1757 2379 1952 2433 satageret
1971 2409 1983 2430 ‚
2013 2377 2160 2420 licebat
2182 2389 2302 2428 repu-

2211 2501 2304 2544 pere

1277 2566 1495 2576 -——--——-
1609 2564 1733 2575 --—
2088 2558 2308 2574 -———

1311 2597 1394 2638 (f)
1418 2596 1553 2629 Briffon.
1580 2598 1602 2628 1.
1621 2604 1651 2635 5.
1679 2597 1717 2628 de
1737 2596 1873 2639 formul.
1901 2597 1936 2629 in
1951 2597 2051 2636 princ.
2186 2633 2194 2639 ι

1312 2642 1387 2680 (¹³⁴²)
1413 2640 1511 2683 Quod
1538 2651 1604 2673 non
1627 2642 1673 2674 est
1695 2652 1789 2674 extra
1814 2641 2101 2675 controversiam,
2129 2637 2159 2668 ἃ
2185 2641 2303 2682 lamo-

1283 2686 1329 2718 im
1358 2695 1509 2728 negatum
1555 2685 1617 2718 fui:
1641 2697 1660 2718 a
1687 2689 1812 2727 joanne
1839 2685 2006 2720 Baehovio
2023 2708 2031 2716 .
2060 2687 2174 2732 Nuper
2201 2685 2306 2727 etiarn

1276 2730 1491 2773 ‘iuridiingius
1516 2732 1552 2762 in
1580 2728 1804 2772 drffirearione
1828 2732 1866 2763 de
1891 2738 2067 2763 commento
2091 2726 2242 2758 vzolenrae
2271 2731 2308 2750 m

1276 2776 1323 2808 ἕως
1346 2776 1532 2808 vocationis
1547 2797 1557 2813 ‚
1584 2774 1702 2807 inserta
1728 2775 1987 2816 Gundlingiaenis
2014 2775 2056 2804 T.
2091 2773 2123 2801 V.
2145 2771 2182 2800 Ρ.
2202 2766 2306 2798 XXV.

1275 2824 1316 2853 K.
1333 2824 1364 2852 2‘.
1392 2818 1562 2854 contendit
1579 2839 1589 2855 ‚
1618 2820 1778 2851 violentae
1798 2819 1831 2850 in
1846 2817 1896 2856 jus
1911 2815 2077 2863 vocationi
2104 2823 2205 2863 neque
2223 2807 2310 2851 apud

1275 2866 1508 2903 Athenienses,
1543 2874 1645 2906 neque
1677 2863 1759 2904 apud
1776 2868 1943 2896 Romanos
1970 2860 2148 2894 locoruiffe
2174 2867 2208 2889 m
2222 2852 2318 2905 caus-

1279 2912 1313 2943 iis
1336 2912 1509 2944 civilibus.
1538 2911 1638 2948 Juvat
1654 2917 1768 2941 tamen
1783 2907 1983 2941 sententiam
1998 2905 2172 2941 Gravinae,
2200 2907 2310 2949 pnm‘?

1280 2955 1359 2999 {uod
1390 2954 1476 2998 apud
1501 2954 1678 2986 Horatium
1706 2975 1717 2992 ‚
1756 2953 1792 2986 in
1819 2952 1991 2985 notiffimis
2021 2951 2131 2985 verbis
2159 2968 2168 2986 ς
2211 2948 2318 2994 ΗαΡξθ

1279 3005 1310 3032 122
1334 2999 1386 3041 jus
1420 3023 1432 3039 ‚
1483 3001 1602 3031 clamor
1657 2998 1809 3041 utrinque
1859 3008 1921 3030 nee
1962 2995 2014 3030 fur
2062 3005 2121 3028 nee
2155 2993 2231 3024 leno
2282 2996 2319 3036 [n

1277 3046 1326 3083 'jus
1348 3046 1495 3080 trahitur
1525 3067 1536 3084 ,
1573 3042 1625 3076 sed
1661 3042 1808 3076 desertor
1844 3040 2034 3077 vadimonii
2072 3041 2107 3072 in
2142 3036 2233 3071 causa
2270 3042 2318 3064 ει-

1276 3091 1333 3126 vili
1362 3113 1371 3123 .
1433 3093 1504 3124 Lex
1545 3087 1624 3123 dein
1663 3089 1742 3122 ΧΠ.
1790 3087 1978 3124 tabularum
2017 3096 2095 3121 cum
2130 3084 2176 3116 ire
2214 3079 2326 3157 tigata·-
