2596 3479
783 61 1148 136 Jurtis
1229 56 1797 125 CIVILIS.

2255 59 2358 134 io5

223 140 510 196 frugaliffimus
537 136 735 201 interpres
775 154 786 192 3
840 136 1048 181 Arnaldus
1089 136 1273 180 Vinnius
1324 137 1564 203 applicando
1591 136 1754 193 singulis
1785 168 1796 189 ,
1833 131 2080 190 superiorum
2117 135 2362 192 interpreta-

223 190 543 245 »ri-flethffimus
571 229 583 250 ,
629 211 740 247 cujus
767 195 1078 239 commentariis
1106 196 1270 237 Institu-

224 260 386 301 tionum
407 256 599 298 omnium
624 266 718 296 ante
746 255 780 295 se
807 268 929 308 opera
956 252 1168 307 vincitur,
1203 269 1271 296 cu-

218 314 356 370 jusque
386 313 428 356 in
458 312 566 355 notis
594 310 814 355 earundem
843 310 1018 354 brevitas
1045 311 1148 354 mire
1176 326 1269 353 cum

220 370 506 429 perspicuitate
534 368 738 424 conspirat
773 383 786 422 3
836 367 1008 411 Grotius
1045 369 1170 412 etiam
1200 384 1267 410 oc-

221 430 380 482 currit,
414 428 480 472 fax
504 426 611 480 Juris
634 425 821 482 gentium
838 458 849 479 ‚
884 442 958 470 nec
987 426 1124 469 minor
1150 438 1267 469 natu-

221 487 317 531 ralis
338 519 349 541 ,
383 501 506 542 quarn
539 484 672 528 civilis
697 483 914 527 honestatis
941 483 1136 539 interpres
1164 517 1175 537 ,
1207 496 1263 526 at-

220 561 298 601 que
326 556 545 599 praeceptor
569 558 584 595 ς
637 540 917 585 Gothofredus
943 541 1078 592 junior
1100 541 1268 585 abstrusa

223 601 454 647 eruditione
495 599 714 656 sele5'taque
741 598 907 643 scientia
931 598 1027 651 juris
1052 633 1064 653 ,
1108 599 1246 651 judicii

223 675 301 716 que
336 657 574 713 integritate
602 656 794 702 secundus
821 670 927 701 certe
953 674 975 700 a
1003 656 1173 709 Cujacio
1201 657 1270 707 Ju-

221 716 488 761 risconsultus
527 731 540 768 3
583 715 627 759 &
664 715 885 771 Gregorius
910 714 1142 758 Tolosanus
1176 714 1268 757 scri-

225 788 318 830 ptor
352 773 672 830 expeditissimus
709 805 718 815 .
770 772 963 817 Tandem
999 772 1043 816 in
1078 772 1270 815 Antonio

225 834 356 877 Fabro
381 831 595 876 confistam
620 830 893 885 interpretum
918 829 1205 883 audacissimo,
1227 829 1269 872 ὃς

223 889 578 947 pragmaticorum
617 887 727 932 hoste
756 887 1112 932 vehementiffimo
1141 904 1149 928 :
1200 887 1269 942 qui

222 947 316 992 aliis
358 946 525 1004 quidem
563 946 605 989 in
638 946 829 1002 operibus
871 961 1052 1011 acugnen
1097 944 1225 1000 magis
1258 976 1268 997 ‚

226 1022 351 1062 quam
389 1004 609 1048 veritatem
642 1003 822 1059 praestitit
857 1019 865 1045 :
919 1003 962 1046 in
993 1002 1148 1046 Codice
1175 1017 1269 1045 vero

223 1063 292 1107 suo
319 1063 435 1107 usum
462 1077 598 1105 rerum
630 1093 642 1113 ‚
674 1061 717 1104 ὃς
742 1060 899 1117 ingenii
926 1059 980 1104 sui
1006 1059 1088 1112 jam
1118 1060 1268 1103 maturi

226 1120 396 1164 reddidit
423 1119 539 1162 nobis
565 1118 817 1162 utilitatem:
852 1129 896 1162 ut
919 1117 1090 1163 meliora
1116 1117 1193 1162 fint
1218 1117 1268 1162 il-

232 1177 311 1222 lius
331 1211 344 1234 ‚
375 1193 463 1234 quae
486 1177 624 1221 minus
646 1188 787 1220 acuta.

343 1294 382 1336 C
444 1294 483 1335 A
545 1292 574 1334 P
635 1294 679 1334 U
739 1292 783 1334 T
872 1292 1162 1336 CLXXXVI.

229 1383 296 1428 De
326 1380 508 1432 Quattuor
536 1357 688 1421 &cholis
710 1376 791 1433 post
818 1391 1046 1421 renovatam
1073 1376 1267 1432 jurispru-

525 1436 706 1491 ‹dentt'am
734 1437 929 1489 judicium
945 1468 953 1478 .

366 1527 465 1570 Une
509 1536 682 1581 quatuor
717 1523 862 1568 harum
893 1522 1131 1567 discrimina
1163 1554 1176 1576 ,
1223 1521 1268 1565 &2

378 1584 558 1627 instituta
604 1582 846 1626 scholarum
888 1598 937 1625 ex
981 1581 1096 1624 rebus
1136 1579 1266 1624 adhuc

225 1641 415 1696 expositis
453 1641 500 1684 ad
540 1639 803 1684 studiosorum
836 1638 1063 1683 utilitatem
1094 1638 1268 1682 breviter

223 1701 459 1744 notabimus
499 1731 510 1752 ,
562 1711 680 1755 atque
705 1698 996 1754 distinguemus
1031 1727 1040 1739 .
1091 1698 1148 1739 Et
1176 1697 1266 1739 sane

1325 210 1486 239 tionum
1510 196 1679 238 modum
1701 195 1889 239 excellit.
1927 195 2083 237 Verum
2112 196 2152 237 lii
2181 197 2359 243 mediam

1324 254 1430 297 inter
1459 253 1685 296 Bartolinos
1718 286 1730 306 ‚
1780 252 1822 295 ὅ(
1856 251 2090 294 Irnerianos
2118 253 2225 296 viam
2254 256 2359 298 inie-

1324 326 1418 355 runt
1438 343 1451 364 ,
1484 323 1528 354 ut
1553 310 1755 354 uberiores
1776 308 1943 366 quidem
1972 308 2194 353 Irnerianis
2219 312 2357 366 efflent,

1323 368 1578 412 modestiores
1605 384 1699 411 vero
1722 366 1949 411 Bartolinis
1975 398 1983 408 .
2034 367 2220 410 Bartolus
2244 370 2358 413 enim

1321 442 1414 469 cum
1442 426 1506 468 sua
1532 425 1692 468 familia
1717 458 1729 479 ‚
1763 425 1857 481 quia
1881 441 1902 468 e
1927 423 2076 468 Schola
2102 424 2186 480 sepe
2210 425 2359 470 dilcur-

1323 497 1417 527 runt
1444 483 1485 524 in
1513 482 1648 526 forum
1682 515 1693 536 ,
1737 483 1780 526 &
1802 482 1885 525 alas
1906 483 2120 537 utrobique
2148 483 2319 526 tendunt
2344 517 2356 537 ,

1320 542 1416 584 adeo
1440 555 1741 596 nonnunquam
1766 541 1809 583 in
1833 540 1966 583 altum
1979 539 2235 594 evehuntur,
2257 542 2297 583 ἃ
2314 541 2357 585 in

1321 598 1589 655 quaestionum
1620 597 1811 654 pelagum
1836 598 2092 642 abducuntur
2117 614 2128 651 ;
2173 612 2216 642 ut
2241 596 2358 653 ipsius

1320 656 1537 712 aliquando
1563 655 1695 698 litoris
1721 655 1979 711 conspectum
2009 656 2229 709 amittant,
2252 658 2358 700 unde

1323 713 1528 758 solverunt
1545 745 1553 755 .
1570 714 1850 768 Quamobrem
1865 713 2064 757 Bartolini
2079 713 2358 766 Jurisconlulti

1319 789 1341 816 a
1366 786 1551 815 veterum
1578 771 1867 815 definitionum
1894 771 2169 826 explicatione
2185 805 2195 825 ‚
2215 772 2262 815 acl
2279 787 2357 822 no·-

1321 847 1369 873 va
1390 828 1460 884 ipsi
1487 829 1521 872 se
1544 829 1771 872 definienda
1800 830 2039 882 vertebant,
2067 830 2359 884 condendoque

1320 886 1451 943 magis
1472 919 1484 940 ,
1516 903 1639 942 quam
1662 886 1968 943 interpretando
1993 885 2070 938 juri
2098 886 2211 929 civili
2240 903 2356 930 vaca-

1295 937 1441 988 ibant.
1475 946 1537 986 Ut
1564 960 1646 988 non
1674 957 1758 988 tarn
1786 945 2025 999 interpretes
2052 975 2061 990 ,
2093 957 2216 1000 quam
2248 946 2264 997 (
2296 943 2355 987 fas

1319 1002 1422 1047 mihi
1468 1002 1514 1044 s1t
1551 1001 1665 1046 laude
1691 1003 1760 1046 ista
1785 1002 1863 1046 hoc
1889 1003 1982 1045 loco
2007 1000 2065 1045 uti
2097 1003 2112 1051 )
2144 1017 2354 1057 compares

1317 1061 1619 1118 quodammodo
1649 1072 1836 1104 veterum
1860 1059 1958 1112 juris
1982 1059 2194 1103 antrorum
2221 1060 2355 1106 evase-

1320 1121 1404 1162 rint
1423 1150 1433 1162 .
1468 1121 1611 1174 Itaque
1636 1130 1800 1162 tantum
1824 1118 1869 1162 in
1893 1118 2000 1162 bono
2017 1150 2029 1170 ,
2059 1117 2103 1160 ἃ
2129 1133 2270 1173 aequo3
2291 1116 2361 1169 jun

1318 1177 1373 1220 sto
1395 1209 1407 1230 ‚
1439 1176 1482 1219 δε
1507 1175 1652 1228 injusto
1677 1176 1870 1219 tradendo
1904 1209 1916 1230 ,
1959 1192 2005 1219 ac
2029 1176 2258 1218 definiendo
2284 1191 2354 1218 va-

1319 1234 1482 1277 luerunt
1504 1250 1516 1286 3
1548 1245 1748 1288 quantum
1775 1234 1818 1276 in
1842 1233 2005 1276 historia
2025 1264 2038 1285 ,
2072 1232 2354 1288 veteribusque

1317 1290 1524 1334 vocabulis
1544 1322 1555 1342 ‚
1586 1291 1627 1333 &
1650 1290 1831 1333 moribus
1855 1291 2084 1347 caligarunt
2105 1321 2114 1330 .
2137 1291 2256 1344 Quod
2278 1305 2354 1333 no-

1269 1346 1271 1348 ’
1317 1349 1439 1391 strum
1462 1349 1508 1391 de
1533 1348 1742 1390 Bartolina
1761 1346 1909 1390 Schola
1928 1346 2124 1399 judicium
2151 1362 2202 1390 ne
2225 1347 2358 1390 videa-

1318 1418 1382 1449 tur
1421 1407 1471 1448 ab
1512 1404 1648 1448 Italici
1699 1404 1910 1461 nativique
1957 1403 2027 1447 soli
2053 1419 2193 1447 amore
2221 1404 2357 1459 profe-

1292 1464 1429 1528 Ιέὶωτι
1452 1480 1464 1517 3
1496 1463 1703 1506 auctorem
1727 1462 1932 1517 proferam
1958 1461 2219 1519 peregrinum
2254 1494 2266 1516 ‚
2307 1464 2352 1506 ὃς

1292 1532 1296 1602 Ι
1317 1522 1465 1565 summi
1489 1519 1983 1572 ordinis-jurisconsultum
2000 1521 2228 1575 Hugonem
2244 1522 2356 1562 Gro-

1316 1592 1421 1623 tium
1461 1596 1469 1621 τ
1514 1579 1684 1635 quicum
1725 1577 1801 1622 hac
1842 1577 1948 1621 mihi
1985 1577 2032 1621 de
2065 1592 2106 1620 re
2131 1577 2355 1623 convenire

1318 1638 1572 1693 summopere
1616 1636 1769 1693 gaudeo
1803 1668 1812 1678 .
1863 1638 1965 1679 Haec
2006 1647 2145 1678 autem
2194 1634 2267 1678 ille
2311 1634 2356 1679 in

1318 1694 1652 1752 prolegomenis:
1695 1695 1759 1746 (b)
1788 1695 1969 1738 Secunda
2000 1691 2128 1748 claffis
2157 1694 2174 1746 (
2203 1709 2354 1749 nempe

230 1758 440 1801 Irneriana
464 1756 610 1800 Schola
629 1788 640 1809 ,
678 1757 827 1800 renatis
860 1768 1042 1799 recenter
1073 1753 1226 1809 legibus
1253 1786 1265 1808 ,
1291 1747 1555 1808 l-Accursiani
1583 1785 1594 1805 ,
1626 1753 1669 1796 &
1696 1751 1898 1795 Bartolini
1917 1784 1929 1805 ‚
1960 1766 2057 1808 quos
2084 1749 2154 1793 ille
2178 1750 2358 1794 confun-

227 1826 343 1859 tanta·
375 1815 570 1869 religione
600 1814 789 1869 parebat;
821 1828 867 1857 ut
891 1830 975 1856 non
1000 1811 1122 1855 modo
1144 1813 1185 1854 in
1198 1813 1265 1856 ad-

223 1873 522 1917 ministratione
556 1888 691 1916 rerum
719 1871 907 1916 civilium
933 1888 945 1925 ς
979 1870 1040 1915 sed
1064 1870 1194 1913 etiam
1220 1870 1264 1913 in

225 1930 395 1975 docendi
442 1933 599 1974 ratione
637 1961 648 1983 ,
695 1943 817 1987 atque
860 1930 1000 1973 ordine
1049 1928 1264 1980 Justiniani

227 2003 428 2044 praecepto
463 1988 719 2040 subjiceretur
748 2019 759 2031 .
809 1989 864 2031 Et
900 1988 995 2043 quia
1017 1986 1265 2037 justinianus

224 2048 367 2089 omnia
399 2046 696 2089 commentaria
721 2077 735 2098 ,
777 2048 996 2100 omnelque
1020 2044 1262 2098 interpreta-

227 2102 362 2147 tiones
384 2121 405 2146 a
431 2104 581 2146 finibus
606 2101 705 2154 juris
728 2102 861 2145 civilis
887 2101 1033 2144 Edie'to
1057 2101 1124 2144 suo
1139 2100 1264 2153 ejece-

226 2174 288 2203 rat
321 2193 333 2215 ,
385 2162 556 2205 retentis
582 2160 871 2204 tantummodo
901 2158 1100 2214 paratitlis
1130 2189 1142 2211 ‚
1178 2175 1266 2214 quae

226 2218 295 2261 alii
331 2221 465 2262 brevia
486 2218 703 2261 titulorum
726 2230 968 2271 argumenta
993 2217 1262 2272 interpretan-

225 2288 291 2319 tur
312 2310 323 2329 ,
357 2277 441 2329 (a)
469 2276 539 2319 alii
568 2277 706 2319 breves
732 2278 849 2319 unius
880 2274 994 2318 tituli
1022 2291 1070 2317 ex
1096 2274 1178 2317 alio
1205 2291 1254 2318 re-

226 2333 424 2389 pletiones
455 2349 466 2384 ς
521 2334 797 2390 permissisque
860 2333 1264 2387 interpretationibus
1289 2344 1293 2396 Ι
1314 2333 1541 2386 interpretes
1573 2363 1581 2372 .

225 2394 329 2431 uae-702
358 2393 499 2445 wrm,
522 2392 599 2435 live
625 2407 709 2448 quse
735 2392 909 2446 vestigiis
934 2390 1146 2442 infillunt3
1169 2392 1264 2433 Ideo
1316 2389 1393 2431 rito

1287 1809 1373 1855 ldit
1406 1813 1423 1863 (
1450 1810 1606 1867 historic
1636 1811 1783 1853 veteris
1811 1809 2009 1864 incuriosa
2035 1824 2163 1852 omnes
2191 1824 2321 1865 regum
2341 1841 2355 1862 ‚

1312 1870 1617 1925 populorumque
1659 1867 1938 1922 controverfias
1965 1866 2130 1922 definire
2153 1868 2282 1909 voluit
2309 1884 2356 1909 ex

1315 1927 1468 1983 legibus
1497 1928 1696 1969 Romanis
1725 1958 1736 1979 ,
1768 1924 1949 1982 affumtis
1973 1925 2170 1968 interdum
2197 1927 2356 1966 canoni-

1316 1986 1387 2027 bus
1415 2016 1423 2026 .
1468 1985 1548 2026 Sed
1574 1985 1635 2026 his
1659 2001 1812 2039 quoque
1836 1996 2048 2039 temporum
2065 1982 2226 2036 suorum
2255 1981 2357 2035 infe-

1314 2043 1446 2083 licitas
1478 2073 1490 2095 ,
1540 2043 1814 2096 impedimento
1832 2041 1931 2097 saepe
1947 2039 2034 2093 fuit
2064 2071 2075 2092 ,
2118 2055 2193 2094 quo
2220 2043 2354 2082 minus

1317 2101 1417 2155 leges
1449 2101 1540 2142 illas
1573 2100 1832 2155 intelligerent
1868 2116 1882 2139 .·
1923 2099 2082 2152 fiJlertes
2118 2097 2273 2151 alioqui
2299 2098 2354 2139 ad

1314 2156 1583 2213 indagandam
1605 2157 1703 2212 aeqzzi
1742 2158 1908 2211 bonique
1933 2169 2139 2198 naturam.
2172 2154 2261 2204 Quo
2282 2153 2352 2207 fa-

1313 2217 1414 2258 esiam
1454 2247 1467 2268 ,
1528 2227 1572 2257 ut
1602 2216 1700 2270 sirpe
1735 2215 1874 2270 optimi
1897 2213 1982 2267 fint
2018 2212 2207 2254 condendi
2254 2212 2356 2262 juris

1315 2276 1434 2315 ctiam
1484 2284 1567 2315 tum
1599 2304 1611 2326 ‚
1661 2289 1747 2314 cum
1789 2272 1937 2314 conditi
1983 2272 2084 2322 juris
2126 2269 2224 2310 mali
2252 2269 2351 2324 sanc

1626 2330 1852 2381 Cujaciana
1878 2330 2058 2372 tamdem
2079 2327 2227 2370 Schola
2261 2343 2349 2370 me·
2374 2335 2386 2345 ‘

1462 2388 1760 2431 existimabitur
1821 2385 2046 2442 tranquilla*
2108 2387 2148 2426 ὅ(
2203 2384 2338 2426 serena

229 2450 433 2491 Irneriani
468 2449 747 2501 jurisconsulti
787 2449 894 2492 nihil
921 2448 990 2491 sibi
1014 2448 1191 2502 amplius
1217 2448 1262 2490 in
1314 2445 1644 2500 Jurisprudentiae
1682 2445 1803 2488 dies:
1850 2459 1960 2494 cujus
1999 2443 2086 2487 luce
2113 2474 2126 2494 ,
2181 2440 2348 2483 difflatis

225 2503 309 2557 jure
337 2505 641 2560 interpretando
670 2507 936 2562 permiserunt
964 2537 975 2557 ‚
1009 2517 1150 2560 praeter
1177 2506 1260 2548 bre·
1315 2503 1504 2546 barbariae
1527 2503 1701 2545 nubibus
1736 2534 1747 2553 ‚
1800 2503 1928 2555 patuit
1963 2500 2134 2543 sincerus
2168 2498 2349 2541 Romani

227 2579 293 2606 ves
321 2564 533 2608 titulorum
557 2578 626 2607 aut
651 2566 785 2621 legum
817 2565 991 2607 summas
1013 2595 1024 2616 ,
1057 2563 1099 2605 ἃ
1121 2563 1262 2606 verbo-

224 2636 315 2664 rum
342 2623 610 2677 expofitiones
637 2655 647 2676 ‚
681 2621 1108 2679 quibusobscuriorem
1126 2620 1261 2675 legum

226 2678 379 2722 sensum
406 2680 665 2724 recludebant
693 2714 702 2722 .
748 2680 871 2723 Unde
896 2682 988 2723 Azo
1013 2711 1024 2732 ‚
1069 2679 1137 2735 qui
1163 2679 1262 2721 alio-

225 2751 314 2779 rum
360 2738 534 2782 summas
578 2739 621 2782 Se
658 2739 741 2782 suas
775 2755 858 2782 uno
890 2738 1115 2793 eodemque
1141 2752 1261 2791 opere

228 2793 424 2851 collegit,
468 2797 572 2841 visus
598 2796 651 2840 est
676 2795 887 2841 excurrisse
916 2793 1080 2850 liberius
1105 2826 1112 2835 .
1163 2794 1261 2845 Ejus

227 2849 457 2897 libertatem
495 2855 655 2898 imitata
692 2856 744 2899 est
783 2853 1031 2898 Accurfiana
1067 2851 1215 2896 Schola
1250 2884 1261 2905 ,

226 2907 324 2951 duce
351 2912 544 2955 Accursio
570 2945 581 2966 ‚
615 2912 774 2956 Azonis
796 2911 992 2968 discipulo
1012 2943 1024 2964 ,
1058 2910 1126 2966 qui
1154 2922 1259 2953 vete-

231 2981 323 3009 rum
364 2969 670 3013 Irnerianorum
710 2983 828 3014 notas
869 3002 880 3023 ‚
926 2969 969 3012 ἃ
1001 2970 1083 3012 suas
1108 2968 1261 3023 legibus

338 3024 442 3075 Jam'
472 3028 661 3071 Gravinae
690 3031 804 3070 Tom.
823 3030 857 3071 I.

230 3093 340 3105 fi-——-

1155 3096 1263 3107 —-

806 3100 1037 3112 *νε-σι...-

272 3128 294 3167 ζ
312 3128 362 3166 a)
412 3129 485 3160 Vid.
516 3128 615 3161 Geth.
646 3133 721 3171 Jun.
748 3131 783 3162 in
804 3130 878 3163 eod.
910 3130 1033 3162 Theoti.
1060 3132 1094 3162 in
1108 3126 1261 3172 prino&
1316 3128 1454 3170 Menag.
1481 3123 1763 3164 amoen.iur.c.25.

1312 2561 1410 2612 juris
1442 2559 1674 2614 adspectus.
1720 2557 1852 2610 Hujus
1896 2571 2035 2601 autem
2078 2555 2234 2599 Scholae
2266 2556 2351 2611 pri-

1313 2633 1444 2661 mores
1487 2616 1659 2660 ministri
1704 2628 1865 2659 tantum
1900 2617 1989 2658 sunt
2020 2613 2350 2667 Jurilprudentiae

1314 2675 1497 2719 veteris:
1546 2691 1652 2718 nova
1693 2675 1807 2718 enim
1837 2706 1848 2727 ‚
1898 2673 1942 2716 ὃς
1984 2672 2154 2715 forensia
2187 2671 2352 2726 negotia

1314 2734 1382 2777 vix
1415 2733 1628 2789 attingunt
1656 2763 1665 2774 .
1713 2731 1992 2787 Quamobrem
2022 2730 2098 2773 hoc
2127 2747 2148 2772 a
2178 2730 2351 2784 superio-

1313 2792 1420 2834 ribus
1451 2791 1645 2834 differunt
1686 2821 1698 2843 ‚
1743 2790 1848 2845 quod
1880 2788 1941 2832 illi
1974 2790 2035 2834 jus
2067 2800 2181 2831 vetus
2213 2801 2352 2841 perpe-

1313 2865 1400 2892 ram
1432 2848 1482 2891 ab
1512 2849 1571 2892 eis
1602 2847 1821 2904 aliquando
1849 2846 2066 2889 tractatum
2085 2877 2096 2899 ‚
2131 2846 2346 2899 prudenter

1313 2920 1451 2950 tamen
1479 2938 1490 2959 ,
1535 2907 1578 2949 ἅ
1623 2906 1781 2949 utiliter
1825 2905 1872 2947 ad
1917 2920 2023 2947 nova
2066 2903 2231 2958 negotia
2264 2915 2352 2956 per-

1311 2965 1464 3008 ducunt
1507 2979 1519 3017 3
1568 2963 1627 3007 Hi
1671 2979 1766 3007 vero
1810 2978 1906 3006 cum
1933 2963 2169 3060 gaterprens
2201 2972 2347 3058 mbunus

2203 3033 2227 3059 o
2257 3025 2351 3058 eant

1855 3097 1904 3164 (ἰ
1922 3122 1942 3162 3
1989 3123 2041 3156 De
2053 3118 2116 3160 jur·
2131 3118 2201 3152 beli,
2221 3117 2256 3147 ἱ*
2272 3123 2347 3157 pac.

2118 3084 2351 3099 .-...-.--—--—-

1313 3094 1437 3105 —---n·
