2596 3479
778 58 1782 171 JUR1sclvtL1‘sss
2305 104 2370 174 35

241 177 451 229 diximus,
482 169 739 230 appellarunt
763 186 776 224 3
808 169 1084 229 formulasque
1108 187 1280 227 compo-
1302 178 1309 223 ζ
1329 170 1484 215 ditione
1509 170 1745 215 diluendum
1764 203 1776 225 ,
1807 167 1961 235 feroces
1985 172 2158 219 vistoria
2191 209 2203 231 ‚
2237 176 2371 225 statim

243 237 319 280 suit
337 266 350 290 ‚
380 232 526 291 quibus
550 231 606 274 rei
629 230 951 274 convenirentur
971 229 1014 272 in
1031 230 1146 274 foro:
1181 227 1308 289 (ψει-ξ
1331 229 1579 284 perstrepunt
1606 261 1617 282 ‚
1650 229 1694 272 ἃ
1720 229 1943 274 cachinnos
1971 232 2122 275 tollunt
2147 250 2155 274 ε
2194 250 2267 279 nec
2300 253 2369 282 ve-

241 307 336 336 rum
360 305 533 347 magnus
558 300 643 332 erat
668 287 757 330 usus
791 319 802 341 ‚
852 298 1072 342 antequam
1106 288 1195 330 aliae
1219 289 1283 332 lo·-
1303 300 1308 345 ξ
1332 301 1472 330 rentur
1498 289 1586 330 viro
1610 287 1656 330 de
1688 286 1767 329 illis
1801 319 1813 341 ‚
1859 304 1905 331 ac
1939 290 1985 333 de
2013 290 2239 344 posteritate
2265 296 2377 351 opti-

241 348 486 404 cupletiores
515 346 720 400 prodirent
746 375 755 387 .
806 346 933 387 Hunc
958 344 1138 395 judicem
1165 346 1281 390 adhi-
1303 348 1307 383 ’-
1330 360 1396 388 me
1420 344 1568 387 merito
1596 356 1830 399 temporum
1860 346 2082 403 caliginem
2112 348 2212 392 vitio
2241 366 2373 398 verte-

241 405 330 450 buit
357 406 401 450 in
425 404 547 450 caulis
571 401 798 447 fridericus
822 404 882 446 11.
916 403 1148 456 Imperator
1168 436 1179 446 .

426 521 468 566 C
527 522 569 564 A
629 519 660 562 P
720 519 763 560 U
810 518 870 560 -T
959 517 1092 561 CLV.

408 637 477 680 De
507 632 690 688 Accurfio
710 665 723 688 ‚
753 631 810 677 Θ
838 634 925 684 ejus·
945 633 1101 686 schola.
1140 616 1141 619 Ἴ

1330 418 1403 454 re3
1437 402 1513 444 live
1539 417 1634 444 vero
1662 401 1766 444 laudi
1794 402 1937 448 ducere
1969 405 2154 448 nascendi
2187 406 2333 453 sortem
2361 443 2370 455 .

1329 462 1430 515 Quae
1460 471 1595 501 autern
1628 459 1910 503 inhumanitas
1931 464 2016 515 est3
2049 465 2085 506 ei
2105 495 2116 515 ,
2149 466 2215 520 qui
2241 465 2370 511 facem

1328 516 1504 572 praetulit
1530 518 1571 559 in
1600 518 1722 559 tantis
1749 519 1923 561 tenebris
1948 519 2044 571 juris
2070 522 2208 565 civilis
2236 556 2246 575 ,
2292 541 2370 580 qua

1327 575 1406 617 fine
1440 573 1524 617 face
1555 574 1618 617 vel
1650 574 1909 619 eruditissimi
1938 594 2140 623 novorum
2168 582 2371 632 Juriscon-

1329 633 1524 676 sultorum
1557 632 1836 687 oberrasserit3
1888 635 1986 678 vitia
2022 636 2092 680 illa
2121 639 2230 683 nolle
2266 657 2367 684 con-

1324 692 1474 733 donare
1495 722 1507 741 ‚
1540 690 1582 732 in
1608 707 1694 746 quae
1718 691 1866 734 decidit
1898 725 1910 746 ‚
1958 709 2040 737 non
2078 710 2239 752 propter
2270 698 2367 751 juris

366 753 446 794 Uae
469 763 606 794 autem
634 750 790 794 summa
814 749 902 792 laus
925 748 978 792 est
1004 749 1162 792 Azouis
1183 781 1195 802 ,
1227 749 1276 791 ab
1324 748 1456 792 civilis
1487 748 1690 790 inscitiam
1726 763 1738 801 3
1791 748 1850 793 led
1885 752 1937 793 ob
1964 752 2215 807 imperitiam
2246 756 2369 800 histo-

383 809 467 861 ejus
491 806 702 864 disciplina
730 807 930 862 profef‘tus
955 807 1008 850 est
1043 807 1276 850 Franciscus
1298 806 1302 809 “
1325 807 1505 857 riarum,
1537 806 1579 847 ἀ
1607 806 1741 848 latinae
1769 808 2053 862 proprietatis,
2079 812 2145 854 sibi
2177 815 2226 856 ab
2255 827 2371 859 aetate

380 866 595 910 Accursius
618 866 905 908 Florentitius:
940 864 1049 915 cujus
1074 865 1186 907 labor
1201 897 1213 919 ‚
1233 865 1273 907 ἂ

232 924 426 969 industria
455 924 708 979 superiorum
733 922 927 966 omnium
951 925 1001 965 ab
1027 923 1187 966 Irnerio
1213 922 1269 973 ju-

228 981 566 1027 risconsultorum
596 981 755 1025 laudem
785 981 1039 1035 perstrinxit,
1064 981 1269 1032 &obruit‚

228 1041 455 1096 cunffiaque
480 1040 623 1094 scripta
649 1038 785 1082 mersit
810 1038 987 1081 aliorum
1019 1058 1031 1079 ·.

1324 864 1395 907 illa
1425 871 1657 914 denegatae:
1693 879 1786 907 cum
1816 876 1954 910 tamen
1977 901 1989 921 ,
2040 869 2088 912 iis
2116 872 2241 914 etiam
2270 888 2369 927 prae-

1326 922 1432 965 sidiis
1465 922 1655 976 spoliatus
1674 953 1686 974 ,
1722 921 1878 985 ingenii
1906 927 1990 969 acie
2018 942 2100 970 non
2127 944 2215 971 raro
2248 930 2370 973 colli-

1325 994 1415 1023 neet
1448 996 1457 1021 :
1507 992 1548 1021 ut
1587 994 1670 1021 non
1708 992 1793 1022 tam
1826 996 1909 1031 eius
1933 999 2085 1028 errores
2110 987 2318 1043 exagitare
2352 1020 2364 1043 ‚

1084 1042 1125 1080 is
1155 1039 1271 1081 enim
1321 1054 1444 1094 quam
1468 1036 1714 1091 paucitatem
1744 1037 1911 1081 illorum
1939 1040 1982 1083 in
2006 1056 2089 1085 tarn
2113 1046 2260 1088 crebris
2277 1062 2368 1100 pec-

228 1114 275 1141 ea
304 1115 433 1141 animi
462 1097 671 1140 alacritate
692 1097 737 1138 ad
764 1095 1121 1149 jurisprudentiam
1143 1097 1271 1139 acces·
1322 1096 1436 1139 candi
1472 1093 1659 1148 periculis
1697 1127 1708 1146 ,
1754 1095 1995 1152 lubricisque
2042 1101 2138 1144 locis
2173 1103 2368 1147 admirari

227 1156 301 1199 sit:
347 1170 389 1199 ut
415 1168 531 1197 aetate
558 1153 745 1207 provecQta
771 1153 970 1203 juveniles
1004 1155 1165 1206 spiritus
1196 1170 1265 1208 ge-

192 1229 320 1263 ¹rens
352 1245 364 1266 ‚
412 1212 612 1265 juvenilia
655 1211 778 1253 studia
817 1212 992 1252 minime
1032 1212 1227 1266 refugerit
1260 1244 1268 1253 .

225 1272 368 1314 Fertur
395 1271 508 1313 enim
542 1301 554 1322 ‚
588 1267 1100 1328 propequadragenarium
1129 1270 1175 1310 ad
1208 1268 1266 1319 ju-

224 1327 537 1382 risprudentiam
564 1326 598 1367 se
632 1324 870 1376 contuliii‘e3
903 1326 1188 1380 conduStisque
1212 1333 1266 1367 iu—

221 1385 430 1442 periorum
457 1384 732 1436 interpretum
759 1381 1081 1436 expositionibus
1105 1415 1117 1435 ‚
1153 1385 1261 1425 Irne-

222 1443 274 1486 rii
301 1475 312 1496 ‚
348 1441 497 1484 scilicet
523 1473 536 1493 ,
568 1439 732 1490 Bulgari
755 1471 767 1492 ‚
800 1441 976 1482 Martini
1004 1472 1016 1494 ‚
1063 1441 1266 1483 Placenti-

221 1501 301 1552 ni,
336 1498 480 1553 pylei,
513 1497 684 1549 joannis
716 1529 727 1550 ,
769 1496 812 1539 ὃς
845 1497 1023 1541 aliorum
1052 1499 1096 1542 in
1129 1498 1266 1541 solitu-

221 1558 361 1601 dinem
389 1557 462 1600 sese
489 1555 689 1599 abduxisse
711 1586 722 1607 ,
757 1556 822 1597 ubi
849 1554 1015 1599 illorum
1042 1557 1085 1600 ὅ(
1112 1556 1263 1600 suisin-

222 1615 580 1669 terpretationibus
604 1645 611 1659 ‚
662 1611 881 1667 particulas
908 1630 1053 1657 omnes
1078 1613 1178 1666 juris
1204 1617 1263 1658 ci-

222 1673 321 1716 vilis
350 1673 489 1727 obiit,
522 1684 564 1715 ut
595 1669 690 1714 inde
725 1703 738 1724 ,
772 1683 967 1727 tanquam
995 1688 1044 1715 ex
1074 1674 1229 1728 tripode
1252 1705 1263 1726 ,

223 1730 448 1774 forensium
474 1729 683 1773 causarum
711 1729 969 1771 definitiones
996 1763 1008 1783 ‚
1040 1730 1263 1782 &judicio-

222 1805 314 1833 rum
338 1787 501 1832 oracula
528 1798 759 1842 peterentur
792 1819 800 1828 .

220 1864 244 1891 a
282 1847 394 1890 Cino
440 1846 749 1889 Advocatorum
789 1843 951 1888 Idolum
994 1847 1221 1903 appellatur
1254 1879 1262 1889 .

220 1906 364 1949 Nemo
398 1904 511 1947 enirn
545 1916 639 1946 ante
666 1903 795 1957 ipsum
823 1919 985 1947 exortus
1011 1920 1096 1948 erat
1130 1938 1141 1959 ‚
1192 1906 1260 1961 qui

219 1962 433 2005 scientiam
459 1961 556 2012 juris
583 1963 741 2004 brevius
767 1993 779 2013 ,
814 1963 1047 2019 uberiusque
1081 1964 1260 2017 suppedi-

218 2019 354 2062 tasset.
387 2019 598 2062 Sententia
622 2019 736 2061 enirn
764 2018 899 2074 legum
923 2033 1010 2063 tum
1033 2021 1260 2064 iii‘univer-

220 2076 307 2119 sum
330 2108 342 2129 ,
375 2087 462 2118 tum
490 2076 768 2130 particulatim
790 2077 969 2131 exposita
991 2094 1004 2130 ς
1039 2078 1261 2121 similialo-

219 2150 266 2177 ca
292 2149 339 2176 ex
369 2132 555 2176 universo
581 2132 677 2182 iuris
702 2149 868 2187 corpore
885 2135 1072 2192 colligit,
1104 2137 1257 2180 &cori-

221 2191 345 2233 traria
372 2190 474 2233 mire
500 2192 713 2247 componit
734 2224 745 2245 ‚
778 2192 983 2247 adduffis,
1015 2194 1190 2238 aliorum
1214 2212 1260 2237 ac

217 2248 344 2292 modo
368 2248 625 2302 adprobatis,
658 2251 779 2292 modo
805 2250 958 2302 rejectis
982 2253 1259 2307 opinionibuS,

220 2306 580 2362 quaestionibusque
608 2304 797 2363 plurimis
828 2340 840 2362 ,
885 2309 1180 2367 utiliffirnilque
1212 2311 1259 2353 ad

1320 1157 1534 1196 debeamus
1562 1182 1570 1191 .
1620 1154 1712 1206 QUO
1740 1155 1869 1208 magis
1897 1156 2057 1207 Cujacii
2084 1161 2320 1204 modestiam
2356 1194 2370 1216 ,

1318 1213 1361 1253 ὅ(
1393 1209 1639 1264 probitatem
1670 1213 1916 1254 commendo
1951 1230 1959 1253 ε
1995 1217 2061 1270 qui
2091 1233 2185 1260 cum
2213 1220 2255 1261 in
2282 1222 2368 1262 Ac-’

1319 1268 1435 1310 cursii
1473 1281 1626 1307 nornen
1667 1266 1850 1317 incidit,
1902 1285 1985 1312 non
2028 1275 2150 1316 modo
2187 1277 2315 1329 parcit
2340 1293 2364 1320 a

1319 1324 1516 1367 consuetis
1541 1323 1792 1366 eruditorum
1809 1324 1995 1380 injuriis,
2028 1329 2230 1384 inquibus
2252 1335 2367 1376 Dua-

1321 1397 1438 1425 renus
1477 1379 1725 1436 potissimum
1762 1381 1815 1423 est
1852 1383 2169 1441 intemperans3
2221 1406 2362 1434 verum

1316 1442 1441 1483 etiam
1483 1437 1698 1481 hominem
1739 1437 1962 1485 honorifice
1988 1446 2208 1499 appellat,
2253 1450 2363 1503 opti-

1319 1515 1432 1542 mum
1458 1496 1607 1540 scilicet
1634 1497 1894 1540 Accuri‘ium.
1929 1500 2056 1552 Cujus
2078 1504 2359 1550 auetoritaiem

1316 1572 1399 1599 non
1441 1554 1562 1597 modo
1601 1568 1678 1609 prae
1706 1555 1873 1598 Baitolo
1897 1561 1998 1602 tanti
2028 1560 2126 1604 fecit
2163 1595 2175 1616 ‚
2226 1576 2269 1607 ut
2303 1564 2362 1607 so-

1318 1615 1429 1657 mnia
1454 1611 1613 1655 duxerit
1636 1644 1648 1665 ,
1692 1612 1733 1654 &
1758 1613 1900 1657 deliria
1927 1647 1939 1670 ,
1983 1619 2176 1675 quidquid
2202 1621 2236 1663 ei
2264 1621 2362 1666 Bar-

1315 1673 1422 1715 tolus
1454 1670 1734 1724 contradicit3
1769 1687 1912 1716 verum
1946 1675 2070 1720 etiam
2103 1678 2356 1734 Accurfium‚

1314 1732 1409 1773 teste
1436 1731 1452 1775 ζ
1482 1745 1507 1770 a
1534 1730 1548 1778 )
1573 1728 1793 1771 Mornacio
1831 1762 1843 1784 ‚
1899 1732 2052 1777 Latinis
2086 1767 2097 1788 ‚
2131 1736 2170 1777 <St
2204 1737 2360 1782 Graecis

847 1789 1020 1844 Ideoque
1049 1788 1265 1832 Accurfius
1311 1789 1505 1831 omnibus
1535 1786 1819 1841 interpretibus
1844 1792 2072 1845 anteposuit
2100 1825 2108 1834 .
2159 1795 2250 1839 Nec
2274 1796 2356 1839 mi-

1315 1862 1403 1889 rum
1439 1862 1447 1885 :
1501 1845 1593 1900 quid
1627 1846 1737 1888 enim
1765 1847 2004 1892 Graecorum
2039 1850 2198 1895 exilitas
2233 1884 2245 1905 ‚
2287 1870 2359 1897 eo-

1314 1919 1482 1960 rumque
1516 1903 1674 1946 lmeolae
1697 1936 1707 1956 ,
1740 1904 1787 1945 ad
1823 1907 1986 1950 Accursi
2019 1909 2312 1954 abundantiam
2341 1943 2354 1965 ,

1312 1977 1482 2005 acumen
1506 1993 1517 2012 ,
1552 1963 1824 2005 curiofitatem
1851 1995 1862 2016 ‚
1895 1965 1937 2007 &
1962 1965 2255 2020 diligentiam?
2288 1970 2355 2012 Ob

1310 2035 1434 2075 quam
1468 2020 1509 2059 in
1545 2025 1609 2061 luo
1642 2021 1718 2073 ipse
1753 2023 1921 2064 nomine
1955 2022 2093 2067 ludens
2114 2058 2125 2078 ,
2159 2026 2265 2069 haud
2286 2027 2358 2069 ab-

1314 2078 1423 2120 surde
1463 2076 1566 2119 dixit
1600 2077 1634 2120 se
1666 2078 1751 2130 (b)
1785 2079 2022 2124 Accurfium
2055 2083 2306 2138 appellatum
2339 2115 2353 2138 ‚

1309 2151 1389 2191 quo
1422 2135 1463 2178 iri
1497 2134 1582 2187 jure
1615 2136 1725 2178 civili
1781 2136 2064 2183 vacillantibus
2141 2155 2262 2198 atque
2297 2140 2356 2185 la-

1311 2194 1545 2237 borantibus
1576 2207 1804 2249 opportune
1838 2209 2019 2239 accurrat
2041 2229 2050 2240 .
2083 2198 2248 2254 Religio
2273 2199 2356 2242 rni-

1310 2250 1352 2294 hi
1403 2252 1523 2296 fuerit
1565 2253 1758 2295 omittere
1803 2252 1964 2304 Cujacii
1996 2255 2042 2298 de
2073 2271 2120 2298 eo
2153 2255 2354 2308 judicium

1309 2310 1370 2352 liis
1401 2313 1450 2354 ab
1480 2327 1527 2353 eo
1558 2311 1781 2365 expressum
1817 2311 1948 2354 verbis
1982 2344 1991 2355 .
2037 2314 2178 2369 Neque
2208 2313 2355 2355 Simio-

226 2364 367 2408 locum
392 2364 579 2408 excitatis
612 2396 623 2419 ,
673 2383 719 2409 ac
747 2367 927 2411 definitis
953 2400 961 2410 .
1013 2370 1063 2411 In
1090 2369 1260 2412 sensibus
1305 2368 1574 2419 udmyoesst)
1601 2369 1824 2422 hujusmodi
1843 2370 2216 2424 Jurzsprudemibus
2247 2388 2354 2413 com-

218 2434 358 2465 antem
387 2422 628 2478 vestigandis
652 2423 749 2468 adeo
775 2424 851 2467 fuit
865 2439 1004 2470 acutus
1025 2458 1036 2480 ‚
1066 2427 1258 2481 &selei-33

221 2479 450 2533 perspicuus
475 2494 612 2524 autem
643 2481 685 2524 in
711 2483 869 2537 verbis,
899 2484 942 2526 δε
970 2484 1120 2527 sobrius
1145 2500 1157 2538 3
1201 2484 1258 2528 fe-

216 2536 359 2592 lixque
398 2538 438 2579 in
462 2537 608 2581 abditis
637 2539 846 2583 sententiis
886 2541 1070 2584 eruendis
1097 2558 1107 2594 3
1167 2555 1211 2585 ut
1243 2574 1256 2596 ,

215 2594 291 2637 nisi
325 2608 556 2649 temporum
588 2597 794 2641 barbaries
828 2599 1086 2654 antiquitatis
1125 2599 1160 2642 ei
1196 2599 1257 2643 lu-

216 2668 304 2695 cem
323 2684 334 2703 ,
366 2653 408 2695 &
436 2652 629 2698 sermonis
647 2654 897 2711 elegantiam
913 2657 1143 2712 ademiffet3
1164 2657 1255 2702 riul-

218 2708 301 2752 lam
317 2710 477 2754 sortasse
505 2710 651 2755 laboris
676 2726 834 2768 partem
860 2713 1257 2770 reliquiffeteruditis

217 2767 509 2812 recentioribus
541 2802 548 2812 .
594 2771 688 2825 Quo
712 2772 846 2828 magis
870 2771 975 2816 mihi
1000 2773 1254 2818 stomachum

221 2822 369 2866 facessit
392 2841 535 2870 eorum
560 2827 778 2873 insolentia
803 2846 853 2873 ne
873 2831 1006 2874 dicam
1033 2863 1045 2885 ‚
1089 2848 1141 2875 an
1174 2833 1250 2875 irn-

217 2881 429 2945 manitas?
459 2884 527 2938 qui
550 2917 561 2938 ‚
594 2901 687 2929 cum
714 2886 796 2938 ejus
817 2887 991 2933 lenione
1010 2889 1148 2946 legum
1170 2890 1255 2933 sen-

220 2935 282 2978 sus
310 2936 386 2980 levi
413 2939 545 2984 labore
568 2944 839 2999 adipiscantur
864 2963 876 3000 3
921 2947 987 2990 ubi
1014 2961 1152 2991 tamen
1178 2948 1250 2992 ali-

1301 2427 1531 2478 paraverim
1554 2443 1568 2466 .·
1603 2426 1659 2469 (J
1677 2425 1905 2479 Aemi-stum
1930 2430 2038 2484 longe
2060 2431 2188 2486 magis
2215 2446 2349 2472 corona

1305 2483 1536 2525 donaverim
1572 2516 1584 2535 ,
1626 2502 1650 2525 a
1682 2501 1758 2539 quo
1788 2486 1990 2539 quidquid
2019 2487 2178 2528 aberrat
2204 2488 2349 2529 Bai-to-

1306 2540 1394 2595 lus,
1426 2559 1536 2584 vans
1552 2540 1764 2595 fii'fi‘t'ones,
1798 2541 1853 2583 (9⁴
1875 2543 2127 2598 aegrt'somm'cz
2143 2546 2345 2588 videntur-

1308 2601 1358 2641 In
1403 2598 1693 2642 sententiarum
1735 2598 2000 2656 discrepantia
2045 2601 2206 2659 ssulgari
2250 2618 2347 2647 cau-

1307 2658 1387 2699 sam
1419 2671 1561 2700 contra
1594 2657 1827 2701 Martinuin
1860 2659 2155 2713 amplee‘citur:
2210 2673 2253 2703 ut
2287 2662 2349 2704 A-

1304 2716 1420 2758 zonis
1474 2714 1715 2769 discipulum
1759 2716 1875 2771 poffiS
1919 2718 2132 2773 agnoscere
2172 2750 2183 2762 .
2233 2720 2345 2765 Cum

1304 2773 1500 2816 Bononise
1545 2774 1700 2816 summa
1743 2773 1978 2818 celebritate
2010 2776 2200 2820 docuisset
2236 2808 2249 2830 ‚
2300 2777 2346 2819 fi-

1304 2831 1378 2874 lios
1408 2832 1573 2888 reliquit
1606 2831 1860 2875 Franciscum
1887 2832 1930 2875 ὃ(
1955 2836 2184 2878 Cervotum
2212 2827 2225 2886 ζ
2257 2849 2343 2876 non

1304 2891 1506 2934 bonorum
1553 2891 1676 2933 modo
1720 2889 1882 2933 heredes
1920 2906 1932 2944 3
1988 2891 2048 2935 sed
2103 2892 2230 2936 etiam
2272 2891 2342 2934 do-

1303 2948 1442 2991 &rinae
1482 2963 1492 2989 :
1537 2949 1605 3004 qui
1650 2948 1692 2990 ἃ
1735 2948 1778 2991 in
1821 2948 1990 2992 docendi
2035 2965 2201 2994 munere
2236 2950 2339 3003 patri

218 2993 314 3048 quid
355 2995 560 3042 nubeculae
581 3001 631 3043 ab
655 3017 703 3046 eo
727 3003 974 3061 relinquitur
997 3021 1141 3049 eorum
1164 3022 1254 3050 eru·
1306 3005 1568 3050 successerunt
1593 3023 1602 3048 τ
1636 3006 1680 3048 ὃς
1711 3006 1817 3062 quod
1850 3008 1997 3051 mirere
2030 3008 2166 3063 magis
2186 3039 2199 3061 ‚
2232 3005 2342 3050 fama

323 3124 595 3142 -------—-

721 3135 955 3146 -—-.——-.-—.
960 3142 989 3149 --

262 3155 308 3192 [a
322 3153 338 3191 ]
391 3158 444 3189 Ad
470 3158 492 3191 Ι·
511 3152 542 3191 22
564 3165 757 3207 paragraph.
785 3166 839 3202 boc
861 3177 973 3204 aurem
990 3142 1037 3202 ’ἐκ
1054 3169 1092 3208 de
1107 3179 1174 3205 vet.
1188 3168 1254 3210 jur.

215 3200 404 3235 enucleami.

2256 3065 2307 3107 est
2329 3096 2341 3115 ‚

1302 3138 1535 3150 *ων-ι,
1541 3137 1769 3148 --———·————.
2126 3138 2227 3149 *ιι-
2235 3134 2343 3149 μιν*

1352 3167 1400 3209 [b
1409 3168 1423 3207 ]
1474 3169 1514 3199 In
1534 3170 1554 3199 l.
1567 3167 1659 3210 fam
1675 3168 1704 3210 §·
1716 3166 1744 3208 fi
1760 3168 1795 3199 in
1808 3169 1914 3200 danda
1925 3166 1966 3212 ff.
1992 3145 2035 3205 aa
2049 3164 2186 3202 Trebel),

1358 3214 1425 3255 [c]
1477 3212 1650 3256 Observae.
1677 3216 1701 3250 ι.
1722 3223 1770 3246 12.
1798 3223 1821 3248 c.
1842 3216 1889 3246 16.
