2596 3479
544 107 678 163 ET
736 64 1908 160 εΕΝΑΤυεεοΝευιΤῚεςὲ

369 237 810 288 CAPUT
899 234 1000 280 XV,

379 330 446 375 De
474 325 739 372 dominatione
764 333 979 379 paucorum
999 352 1010 366 .

300 416 379 458 Uae
409 410 625 467 temperies
656 408 871 464 paullatim
895 406 1121 451 dissolvitur
1137 405 1212 471 ,βε

320 473 440 516 status
469 470 720 523 optimatum
742 499 754 520 ,
800 466 879 510 five
924 466 1213 526 Aristocratica

319 526 459 572 tranfit
490 525 535 569 in
567 525 716 567 statum
742 539 993 579 paucorum,
1025 522 1102 565 sive
1122 520 1214 563 Oli-

172 587 385 642 garchiam
423 600 436 637 3
481 581 509 625 fi
553 581 652 625 ordo
694 579 765 623 iste
797 581 953 623 medius
988 578 1214 641 languescat

170 645 216 688 &
260 650 550 687 contemnatur
581 670 592 690 ,
639 637 890 692 honoresque
935 650 1095 679 tantuin
1143 648 1214 678 tri-

175 696 353 744 buantur
395 695 693 747 divitioribus:
746 695 804 737 ita
847 708 892 737 ut
942 693 1214 749 cogendarum

177 757 446 811 pecuniarum
467 752 642 797 studium
658 751 839 808 quotidie
859 763 1053 806 augeatur
1067 782 1076 792 .
1097 748 1214 811 Quod

177 813 299 858 facile
332 811 540 865 contingit
560 841 572 862 ,
604 809 768 865 quando
800 808 1072 864 praestantium
1105 822 1214 848 viro-

176 886 271 914 rum
318 869 395 913 filii
439 879 656 924 pareutum
699 880 794 920 opes
821 897 832 918 ,
884 864 948 908 vel
984 863 1216 907 sustinendis

175 928 283 972 falsis
325 922 717 975 criminationibus,
762 922 827 965 vel
870 922 1054 978 gerendis
1086 920 1222 984 honos

176 986 288 1029 ribus
318 981 554 1033 exhaustas,
586 995 632 1023 ac
665 979 699 1023 se
730 979 782 1022 ob
816 980 1062 1023 tenuitatem
1094 990 1217 1033 patri-

177 1039 312 1085 monii
334 1072 348 1094 ,
380 1040 444 1095 spe
476 1037 643 1080 illorum
663 1036 1011 1090 adipiscendorum
1030 1068 1044 1089 ,
1075 1033 1215 1090 depul-

178 1099 238 1142 so's
280 1094 674 1140 animadverterint.
718 1094 889 1137 Etenim
923 1107 1013 1137 tum
1049 1092 1121 1136 sese
1154 1105 1216 1135 to-

177 1158 240 1198 t'os
284 1151 561 1197 mercimonio
606 1151 804 1204 tradunt,
855 1151 899 1194 ὃς
947 1150 1110 1207 quaestui
1155 1161 1215 1192 at-

178 1227 257 1268 que
290 1210 417 1253 studio
451 1210 507 1253 rei
540 1207 757 1252 familiaris
779 1239 791 1251 .
820 1210 914 1263 Qua
946 1208 1013 1251 via
1046 1207 1215 1251 redeun-

180 1282 242 1313 tes
272 1268 321 1311 ad
352 1266 507 1310 avitam
530 1266 760 1322 potentiam
784 1297 797 1319 ‚
827 1265 896 1308 ubi
927 1265 976 1308 ad
1009 1264 1217 1319 magistra-

178 1338 243 1369 tus
279 1324 541 1380 pervenerint
573 1354 585 1375 ‚
618 1323 788 1366 eandem
839 1322 1078 1366 aviditatem
1110 1320 1219 1363 adfe-

180 1395 277 1426 runt
318 1382 365 1423 ad
398 1380 571 1432 judicia,
602 1394 726 1434 quam
772 1391 858 1422 tota
898 1379 965 1421 -via
997 1378 1216 1421 mercimo-

182 1439 261 1482 niis
292 1437 526 1481 exercendis
558 1435 775 1488 aluerunt,
807 1447 851 1478 ut
870 1435 1219 1491 quemadmodum

181 1510 300 1539 antea
334 1496 375 1538 in
397 1493 673 1537 contrastibus
706 1493 968 1536 lucrabantur
988 1525 1000 1545 ‚
1031 1492 1088 1535 ita
1109 1508 1215 1548 quae-

182 1554 285 1597 stum
331 1551 462 1594 facere
506 1551 685 1593 studeant
726 1566 775 1593 ex
817 1549 1115 1603 jurisdiffione,
1149 1566 1220 1604 po-

180 1609 361 1654 tentiam
376 1641 388 1662 ,
407 1623 530 1663 quarn
554 1619 745 1650 emerunt
764 1608 984 1650 vendentes
1006 1607 1096 1650 aliis
1111 1638 1124 1661 ,
1147 1606 1216 1663 qui

185 1667 403 1724 pecuniam
436 1666 518 1716 eis,
552 1663 614 1707 vel
643 1664 912 1715 judicantibus
936 1663 1220 1718 offerunt,vel

187 1724 374 1780 suffragia
395 1722 652 1765 ineuntibus:
686 1735 808 1775 atque
834 1722 890 1764 ita
917 1721 1056 1765 senfim
1082 1723 1124 1765 in
1154 1737 1219 1777 pe-

184 1781 318 1825 cuniae
343 1780 579 1835 potestatem
604 1779 791 1821 universa
810 1779 1220 1834 devolvunturzquia

185 1854 256 1894 per
280 1853 370 1880 eam
396 1851 567 1888 omneS‚
599 1848 669 1878 aut
692 1835 851 1886 judiciis
873 1868 884 1889 ,
916 1836 959 1878 ἅ
983 1837 1116 1892 poenis
1135 1836 1220 1879 exi-

183 1907 382 1946 muntur,
414 1906 483 1936 aut
513 1892 748 1936 licitatione
782 1893 1061 1948 suffragiorum
1096 1893 1217 1937 attol-

185 1951 329 1994 luntur
376 1951 424 1993 ad
472 1950 727 2005 magistratus
761 1982 770 1993 .
816 1952 1100 2005 Quamobrem
1151 1952 1218 1994 ubi

185 2021 429 2053 mercatores
456 2006 773 2059 illijudiciorum
789 2039 801 2061 ,
822 2008 865 2050 &
889 2009 1128 2063 potestatum
1148 2023 1218 2062 gu-

184 2063 404 2108 bernacula
442 2064 624 2107 civitatis
659 2066 938 2120 arripuerint,
992 2065 1220 2108 invidentes

184 2122 279 2166 aliis
310 2120 524 2177 praemium
553 2121 739 2173 virtutis,
772 2122 815 2165 &
845 2122 996 2165 sumtus
1028 2123 1070 2165 in
1093 2123 1218 2178 adipi-

184 2179 341 2223 scendis
375 2177 597 2220 honoribus
629 2177 754 2222 faetos
785 2195 807 2222 a
839 2180 956 2222 novis
977 2180 1220 2236 petitoribus

185 2247 413 2292 repetentes
447 2251 460 2287 ς,
505 2234 669 2278 tandem
703 2236 793 2292 lege
826 2236 905 2280 lata
938 2237 1188 2281 constituunt
1208 2270 1220 2291 ,

187 2305 232 2337 ut
266 2292 428 2348 publica
461 2292 684 2335 ministeria
729 2293 961 2338 deferantur
991 2310 1040 2338 ex
1075 2294 1220 2348 censu,

187 2350 231 2394 δι
256 2365 415 2406 quoque
450 2362 568 2405 prout
601 2348 742 2401 major
760 2352 861 2405 eit,
893 2364 961 2394 aut
988 2351 1127 2395 minor
1152 2368 1219 2395 au-

189 2420 356 2462 geatur,
382 2419 450 2448 aut
474 2407 672 2450 decrescat
698 2407 843 2462 gradus
868 2409 1104 2463 dignitatis:
1133 2412 1222 2464 Qua

191 2466 279 2517 lege
308 2463 500 2506 fundatur
527 2465 647 2507 ssatus
673 2480 921 2519 paucorum,
954 2466 1033 2508 five
1057 2467 1221 2522 Oligar-

187 2519 308 2572 chia,
341 2535 428 2574 quae
451 2523 639 2573 tyrannis
661 2521 716 2563 est
729 2522 908 2576 plurium
932 2538 944 2575 3
977 2522 1139 2576 perinde
1163 2535 1221 2565 at-

186 2593 264 2633 que
304 2576 423 2619 status
464 2577 715 2631 optimatum
749 2592 1118 2643 regnum-apparet
1148 2579 1221 2622 effe
1249 2597 1253 2600 ’

187 2632 419 2677 multorum
446 2663 455 2674 .
499 2634 712 2687 Quantum
755 2648 892 2679 autern
926 2651 968 2678 m
1001 2646 1222 2692 paucorum

187 2692 288 2733 statu
311 2690 491 2744 pecuniae
516 2691 667 2733 accedit
693 2691 889 2746 honoris,
923 2705 1085 2736 tantum
1111 2693 1223 2737 dece-

189 2748 247 2790 dit
269 2747 517 2800 virtutibus;
548 2763 635 2803 quae
660 2748 715 2791 ibi
743 2751 871 2805 magis
897 2764 1223 2794 contemnuntur

192 2805 259 2847 ubi
283 2804 436 2847 divitiae
468 2804 694 2860 plurimum
720 2805 1001 2861 honorantur,
1034 2808 1159 2852 veluti
1197 2809 1222 2850 si

192 2862 472 2915 appendantur
503 2863 544 2904 in
565 2861 668 2905 libra
684 2894 696 2915 ,
729 2863 840 2916 cujus
871 2865 967 2908 dum
990 2865 1114 2909 altera
1136 2881 1223 2920 pars

191 2917 418 2972 attollitur,
449 2918 575 2962 altera
609 2920 811 2964 declinat.
845 2922 1085 2974 Cuiusmodi
1119 2923 1223 2966 civi-

190 2984 249 3016 tas
270 3005 283 3026 ,
313 2990 435 3028 quam
471 2992 555 3019 non
588 2977 824 3031 prudentior
849 3011 862 3032 ,
896 2980 956 3022 sed
987 2980 1224 3036 opulentior

190 3030 445 3092 moderatur,
464 3034 634 3077 eandem
655 3034 864 3080 fortunam
890 3036 1074 3091 subierit,
1098 3053 1220 3092 quam

188 3087 304 3131 navis
322 3119 333 3139 ‚
366 3102 478 3150 cujus
502 3089 641 3134 clavus
664 3108 749 3136 non
774 3106 935 3149 nautae,
967 3095 1027 3139 sed
1048 3095 1219 3139 institori

276 3144 400 3198 ‘Jam
433 3146 622 3191 Gravinae
646 3179 656 3191 .
689 3152 804 3194 Tam.
830 3153 863 3195 I.

2148 113 2175 149 2

1260 181 1403 226 utpote
1451 167 1704 225 opulentiori
1746 165 1930 213 tradatur
1961 197 1976 211 .
2019 166 2132 216 Cum
2175 114 2301 229 {gur

1260 228 1378 281 hujus
1407 225 1590 271 civitatis
1623 240 1806 282 proceres
1826 258 1839 281 ,
1869 224 2023 282 duplici
2058 228 2297 284 affefflme,

1229 311 1230 315 =
1259 287 1303 331 &
1329 284 1535 330 contraria
1559 278 2077 349 distrahantur-,superbia
2110 301 2258 352 nempe
2284 319 2297 342 ,

1260 359 1386 400 quam
1415 358 1465 386 ex
1489 353 1704 398 potentatu
1734 342 2003 397 concipiunt,
2036 343 2080 387 δε
2112 345 2301 400 avaritia,

1261 416 1386 456 quam
1416 400 1467 442 ab
1498 402 1667 444 ineunte
1709 412 1825 444 aetate
1858 400 2078 444 induerunt
2109 418 2119 443 ε
2172 417 2301 458 neque

1263 458 1336 501 suae
1369 457 1423 500 rei
1459 469 1656 512 parcunt,
1698 469 1742 500 ut
1766 457 1868 501 alios
1901 459 2211 514 magnificentia
2243 459 2306 503 [ηε

1265 526 1438 570 pererit,
1471 529 1602 569 neque
1633 513 1805 567 alienae,
1836 531 1960 570 quam
1993 516 2110 560 illico
2142 517 2209 560 ubi
2241 533 2305 560 ra-

1264 587 1412 628 puere,
1446 571 1727 626 profundunt.
1759 571 2026 617 AEmulantur
2050 573 2165 618 enim
2199 573 2302 618 alius

1263 628 1418 681 aliurn,
1444 628 1495 673 ἃ
1518 626 1622 672 alter
1652 627 1703 672 ab
1726 627 1855 672 altero
1888 630 2083 674 sumtibus
2107 648 2304 688 provoca-

1265 699 1364 741 tur,
1412 686 1468 729 ita
1511 698 1556 729 ut
1596 685 1834 741 opulentior
1882 689 2132 733 mediocrem
2169 690 2303 735 secum

1265 755 1492 788 certantem
1508 774 1520 796 ,
1551 743 1596 786 δι
1620 743 1841 799 pecuniam
1870 745 1937 789 sub
1967 746 2090 790 usuris
2110 764 2132 790 a
2153 747 2188 792 se
2209 764 2302 792 mu-

1264 813 1453 845 tuantem
1481 800 1624 844 senfim
1648 800 1859 855 absumat,
1890 803 1933 846 &
1970 805 2171 848 crescente
2202 821 2306 861 quo·

1266 858 1361 901 tidie
1404 857 1595 911 foenore,
1629 858 1929 914 patrimonium
1963 861 2129 905 devoret
2165 861 2302 906 illius.

1266 915 1389 958 Unde
1422 916 1556 970 paucis
1592 915 1904 970 ditescentibus,
1936 917 2104 973 plurimi
2136 919 2184 962 ad
2208 920 2303 963 ino-

1267 972 1376 1027 piam
1398 972 1441 1015 in
1465 972 1548 1015 dies
1571 973 1834 1028 rediguntur:
1861 974 1932 1030 qui
1961 975 2191 1020 substantias
2217 977 2306 1021 avi-

1266 1042 1326 1072 tas
1368 1029 1416 1072 ad
1446 1029 1601 1073 alienos
1642 1029 1855 1075 translatas
1896 1031 2138 1087 intuentes,
2182 1034 2226 1078 &
2258 1034 2306 1078 in

1267 1086 1512 1130 memoriam
1558 1101 1794 1131 revocantes
1843 1088 2047 1142 majorum
2092 1091 2302 1145 fortunas,

1265 1160 1312 1187 ac
1353 1144 1612 1200 dignitates,
1664 1145 2003 1203 indignantesque
2055 1148 2088 1192 se
2131 1149 2302 1194 cessuros

1268 1201 1386 1243 novis
1417 1200 1662 1244 hominibus
1703 1203 1753 1245 ab
1797 1203 1832 1246 se
1879 1204 2050 1258 ditatis,
2093 1221 2172 1249 una
2204 1221 2303 1250 cum

1267 1256 1425 1313 reliquo
1444 1258 1615 1313 inopum
1635 1259 1929 1305 innumerabili
1962 1275 2072 1306 coetu
2097 1263 2306 1318 potentio-

1268 1315 1377 1358 ribus
1400 1315 1666 1368 infidiantur.;
1698 1316 1756 1359 ita
1787 1330 1832 1360 ut
1863 1318 1985 1362 unius
2011 1319 2190 1363 civitatis
2206 1335 2306 1364 mu-

1267 1373 1320 1415 ris
1363 1372 1471 1416 cives
1504 1389 1599 1417 curn
1641 1373 1817 1416 hostibus
1856 1375 2152 1420 concludantur
2180 1409 2192 1431 ,
2226 1393 2305 1421 nec

1268 1445 1349 1473 una
1368 1459 1382 1483 ‚
1415 1429 1474 1473 sed
1499 1430 1584 1473 duae
1609 1430 1822 1474 videantur
1842 1431 1920 1476 esse
1944 1433 2130 1477 civitates
2149 1434 2302 1478 animis

1267 1487 1374 1531 inter
1408 1487 1442 1530 se
1475 1501 1738 1543 pugnante33
1780 1488 1904 1533 altera
1936 1490 2141 1546 divitum,
2174 1493 2303 1535 altera

1267 1559 1492 1601 pauperum
1521 1560 1531 1586 :
1564 1560 1664 1601 quos
1706 1562 1889 1602 proceres
1931 1548 1992 1591 illi
2015 1579 2027 1600 ,
2059 1562 2199 1606 utpote
2232 1548 2307 1593 sibi

1271 1601 1491 1657 suspe&0s‚
1523 1615 1642 1657 atque
1675 1603 1849 1646 infensos
1879 1617 2070 1648 metuunt
2101 1607 2302 1650 adscribe-

1271 1676 1310 1704 re
1337 1663 1378 1702 in
1404 1659 1628 1713 militiam,
1662 1660 1687 1703 si
1708 1663 1931 1705 exercitum
1957 1663 2098 1706 ducere
2117 1675 2303 1720 oporteat

1269 1718 1452 1761 adversus
1484 1716 1637 1760 hostes:
1670 1735 1716 1761 ac
1738 1721 1983 1774 peregrinis,
2016 1720 2059 1763 ὃς
2092 1737 2302 1764 merc-ena-

1271 1776 1339 1818 riis
1388 1773 1514 1829 copiis
1555 1776 1613 1818 uti
1647 1792 1846 1831 coguntur
1868 1810 1878 1830 ‚
1914 1779 2061 1833 partim
2097 1778 2266 1831 publicis
2288 1811 2304 1833 ,

1272 1831 1420 1888 partim
1466 1831 1634 1886 privatis
1680 1834 1872 1877 sumtibus
1921 1851 1988 1878 eos
2018 1836 2197 1888 alentes,
2230 1852 2306 1880 ne-

1272 1906 1348 1945 que
1381 1902 1520 1932 tamen
1554 1890 1714 1945 imperii
1748 1893 1847 1935 fines
1879 1908 2059 1948 unquam
2095 1893 2306 1949 proferen-

1273 1963 1357 2001 tes,
1377 1948 1602 2002 pectoribus
1622 1950 1734 1991 enim
1756 1950 1911 1993 civium
1942 1952 2146 2006 propria-u
2171 1952 2305 1996 vitam

1273 2022 1344 2060 pro
1387 2004 1602 2047 communi
1648 2006 1807 2061 salute,
1851 2020 1971 2062 atque
2018 2007 2148 2063 gloria
2179 2025 2309 2065 oppo-

1273 2062 1486 2115 nendum,
1521 2078 1605 2105 non
1636 2065 1760 2107 emtis
1781 2065 1980 2108 militibus
2014 2066 2232 2120 imperium
2261 2069 2304 2109 in

1271 2121 1372 2163 alios
1405 2120 1576 2176 populos
1596 2122 1858 2175 extenditur3
1894 2123 1981 2165 ideo
2014 2126 2080 2177 qui
2103 2123 2309 2178 principes

1272 2178 1477 2233 publicam
1528 2194 1698 2222 omnem
1731 2180 1779 2222 ad
1812 2180 1885 2223 lese
1918 2180 2131 2224 attrahunt
2162 2193 2310 2237 poten-

1271 2238 1397 2286 tiam,
1429 2252 1519 2279 eam
1563 2237 1714 2291 oppido
1745 2250 2000 2281 extenuant:
2035 2239 2157 2281 ceteri
2191 2239 2307 2282 enim

1272 2294 1379 2349 iique
1424 2294 1630 2336 innumeri
1675 2295 1843 2349 publicae
1892 2295 2085 2339 utilitatis
2129 2297 2306 2340 minime

1275 2351 1512 2405 participes,
1546 2351 1650 2393 nihil
1677 2355 1721 2394 de
1750 2352 1815 2395 suo
1838 2352 2023 2396 conferre
2053 2354 2094 2396 in
2116 2369 2310 2397 commu-

1277 2424 1325 2451 ne
1360 2408 1568 2450 laborant:
1605 2409 1699 2464 quia
1734 2410 1800 2452 fibi
1836 2426 1918 2452 non
1953 2411 2141 2453 videntur
2166 2411 2307 2454 haberi

1277 2481 1347 2519 pro
1372 2466 1559 2517 civibus,
1599 2481 1692 2508 curn
1726 2468 2084 2510 incommodorum
2121 2480 2308 2520 tan-tum,

1276 2538 1358 2564 non
1379 2535 1517 2564 autem
1539 2525 1852 2566 commodorum
1869 2556 1881 2577 ,
1916 2524 2200 2581 bonorumque
2222 2542 2313 2580 par-

1274 2579 1482 2634 ticipent,
1519 2579 1578 2621 scd
1612 2595 1683 2633 pro
1718 2581 1864 2634 servis,
1899 2598 2071 2636 quorum
2099 2587 2312 2638 proprium

1274 2636 1326 2678 est
1366 2636 1459 2678 odio
1487 2635 1633 2680 habere
1670 2637 1880 2681 dominos.
1916 2639 2012 2682 ldeo
2056 2641 2123 2695 qui
2157 2641 2312 2697 praeeffe

1274 2693 1369 2746 diu,
1401 2709 1446 2736 ac
1492 2694 1623 2737 secure
1657 2697 1863 2750 cupiunt,
1896 2697 2097 2741 curabunt
2118 2730 2130 2749 ,
2174 2714 2222 2742 ne
2255 2699 2316 2742 ci-

1276 2765 1341 2793 ves
1385 2750 1589 2794 ademtam
1623 2751 1690 2795 fibi
1726 2753 1960 2797 libertatern
1990 2786 2001 2808 ‚
2033 2755 2075 2797 ἃ
2108 2757 2317 2810 magistra-

1277 2821 1394 2850 tuum
1427 2809 1716 2863 capiendorum
1751 2810 1990 2856 facultatem
2026 2812 2273 2868 suspicentur
2301 2845 2312 2857 .
2343 2821 2347 2825 '

1278 2864 1476 2919 Alioquin
1527 2866 1586 2910 uti
1632 2866 1729 2910 servi
1778 2869 1960 2912 adversus
1992 2869 2181 2914 dominos
2212 2902 2222 2919 ,
2257 2872 2314 2914 ita

1273 2921 1316 2964 δί
1349 2922 1493 2975 plebeii
1527 2924 1710 2968 adversus
1733 2942 1914 2980 proceres
1935 2959 1946 2980 ,
1980 2926 2124 2969 furtim
2158 2928 2316 2971 insidias

1275 2978 1554 3045 molientur...
1577 2983 1671 3036 Quo
1715 2983 1804 3038 plus
1845 2985 1956 3027 enim
1991 2983 2228 3028 hominibus
2262 2987 2312 3028 ti-

1275 3052 1400 3079 moris
1444 3050 1626 3089 mucrtur
1657 3071 1668 3092 ,
1718 3057 1766 3084 eo
1808 3042 1940 3098 magis
1984 3041 2197 3096 ingenium
2246 3059 2317 3085 co-

1277 3109 1369 3137 rum
1411 3094 1471 3154 ad,
1504 3095 1734 3142 fallendum
1782 3099 1993 3143 exacuitur
2016 3129 2027 3142 .
2060 3098 2175 3143 Hinc
2208 3098 2313 3178 nimbi!

1878 3156 1959 3208 ΟΞ
2132 3163 2137 3167 ’
2212 3170 2312 3199 Stiu-
