2524 3479
524 87 632 138 AD
674 82 1033 139 CUPIDAM
1075 82 1352 137 LEGUM
1393 79 1970 156 JUVENTUTEMs
2086 106 2090 110 ·
2218 97 2315 138 XIX

149 171 152 173 ’
179 163 314 221 nostrae
347 161 560 208 veritatem
596 161 768 206 omnium
797 159 1020 221 seculorum
1052 159 1296 205 auft'oritate
1330 162 1620 222 comprobatam
1637 193 1650 215 ‚
1697 175 1744 204 ac
1767 159 1899 214 simul
1924 158 2076 221 pandit
2111 178 2317 222 regnorum

177 232 350 278 omnium
385 242 492 274 ortus
525 229 582 272 Θ·
615 227 806 273 interitus
823 261 836 284 ‚
873 243 1078 290 eorumque
1112 228 1252 289 causas
1288 245 1308 273 e
1341 228 1516 274 moribus
1552 226 1745 273 deduttas
1769 227 2004 293 populorum
2024 262 2037 284 ,
2076 229 2146 289 qui
2158 222 2321 274 nucleus

180 298 236 356 est
273 296 526 353 historiarum
544 329 555 340 .
1546 329 1549 332 .

270 364 397 422 Juris
456 380 551 407 vero
593 361 735 420 studia
782 362 1008 407 inchoanda
1046 363 1148 423 sunt
1196 378 1222 408 a
1274 364 1443 409 cocinnis
1492 376 1591 409 certe
1641 379 1687 408 ac
1736 363 1882 426 lepidis
1932 361 2114 408 Antonii
2164 363 2318 418 Peresit'

178 430 498 488 institutionibus
527 449 556 488 ;
617 447 705 475 cum
755 430 901 492 quibus
951 428 1190 486 conserena’u²
1239 430 1459 476 identidem
1498 447 1701 493 germanae
1735 433 1775 489 J
1777 430 2007 488 ustinianeae
2041 465 2055 487 ,
2121 430 2322 476 adhibitis

182 499 324 545 Vinnii
375 498 666 543 commentariis
703 533 717 554 ‚
767 498 865 543 miro
893 496 1051 561 judicio
1103 498 1295 544 contextis
1344 498 1518 560 miroque
1568 497 1726 543 deleffu
1777 515 1906 544 rerum
1939 515 1959 543 :
1994 515 2062 544 nec
2097 514 2173 543 non
2211 496 2323 559 ejus-

179 566 270 611 dem
324 565 429 612 notis
466 600 478 621 ‚
531 581 619 625 qud?
662 563 764 626 sunt
815 566 1180 612 commentariorum
1217 565 1351 611 veluti
1374 564 1521 621 faculae
1555 566 1738 627 quaedam
1777 600 1787 610 .
1841 566 1933 628 Qui
1969 565 2160 627 longiores
2194 598 2207 620 ‚
2245 576 2317 609 aut

177 633 442 695 locupletiores
505 631 732 686 desiderant
766 666 779 686 ,
849 632 1075 691 Cujacium
1136 631 1308 677 audiant
1336 631 1465 692 *hisce
1515 633 1652 677 verbis
1700 633 1972 693 exagitantem
2025 632 2321 679 commentario·

175 715 265 745 rum
300 698 692 760 importunitatem:
747 695 966 758 (a)‚Ex
1020 696 1151 743 libris
1185 733 1198 755 ,
1257 695 1390 759 inquit
1421 730 1438 756 ,
1489 695 1606 756 Juris
1660 696 1809 744 civilis
1861 697 2019 744 libello
2073 696 2327 745 institutio-

177 782 287 811 num
324 799 336 820 ,
374 780 518 827 neque
556 762 756 810 comtior
789 770 830 819 ‚‘'
851 780 996 827 neque
1032 763 1212 810 facilior
1247 764 1365 810 nllus
1401 761 1461 810 est
1502 798 1516 821 ‚
1569 762 1737 826 quique
1774 762 2066 827 interpretem
2107 762 2321 812 desideret

179 830 378 877 minus:
435 846 484 876 ut
537 830 664 892 plane
716 828 901 875 illorum
942 828 1150 877 videatur
1197 829 1282 876 effe
1320 829 1474 876 ocium
1512 827 1716 894 ignobile
1756 866 1770 888 ‚
1823 829 1901 894 qui
1957 848 2058 877 eum
2111 829 2330 880 libellum,

178 894 450 960 longissimis
499 911 687 944 onerant
724 894 1064 943 commentariis
1100 931 1111 952 ‚
1167 896 1289 959 quod
1339 895 1532 962 positum
1572 896 1635 943 est
1684 895 1731 942 in
1771 913 1857 942 una
1895 896 2160 961 cognitione
2203 935 2215 956 ,
2270 899 2319 948 in

177 962 358 1010 infinita
411 961 719 1026 dispertientes
754 997 765 1007 .
817 966 880 1006 Et
923 965 1049 1024 paulo
1099 962 1264 1019 inferius
1298 982 1316 1008 .·
1373 964 1499 1011 Nam
1551 979 1647 1027 quae
1681 961 1865 1010 scientia
1920 963 2007 1010 haec
2061 964 2122 1011 est
2161 1002 2174 1024 ‚
2225 983 2321 1030 quae

159 1028 367 1076 ‘modurn
406 1047 495 1076 non
533 1028 667 1075 habet
702 1028 841 1075 ullum
880 1027 895 1075 ?
933 1046 1027 1091 quae
1067 1027 1178 1075 fines
1215 1029 1312 1075 suos
1351 1027 1578 1095 egreditur
1609 1029 1623 1076 ?
1679 1046 1774 1093 qnae
1810 1044 1906 1076 tota
1944 1029 2120 1078 deerrat
2154 1051 2178 1080 a
2215 1050 2319 1096 prae-

177 1095 315 1159 ceptis
352 1094 437 1141 suis
472 1131 485 1152 ,
537 1097 585 1141 ὃς
619 1094 797 1142 summo
835 1094 918 1141 illo
956 1093 1193 1157 praesettim
1228 1131 1240 1151 ‚
1290 1113 1371 1142 nec
1423 1115 1447 1142 a
1484 1095 1736 1155 Justiniano
1776 1097 2065 1159 praetermiffo
2098 1134 2111 1155 ‚
2167 1116 2215 1145 ut
2253 1100 2321 1147 in-

175 1161 450 1226 cipientibus
506 1160 597 1221 jura
654 1161 884 1208 tradantur
932 1162 1028 1207 levi
1080 1178 1129 1206 ac
1183 1161 1376 1224 fimplici
1428 1162 1550 1210 via:
1607 1180 1665 1210 ne
1714 1161 1984 1211 difficultate
2023 1163 2321 1214 institutionis

176 1244 272 1277 tam
326 1227 570 1275 numerosae
626 1242 761 1290 atque
806 1226 1024 1289 perplexae
1070 1227 1123 1272 ab
1178 1226 1263 1272 hoc
1318 1226 1462 1274 studio
1499 1228 1812 1278 deterre-antur
1841 1264 1851 1275 .
1901 1233 2042 1292 Itaque
2080 1246 2316 1279 commenta.

174 1298 253 1341 rios
283 1330 295 1352 ‚
349 1296 421 1356 qui
454 1294 651 1339 Oinotomi
695 1294 849 1338 nomine
879 1292 1099 1352 feruntur,
1140 1294 1209 1354 qui
1242 1294 1299 1339 ad
1323 1293 1517 1356 forensem
1543 1299 1646 1356 sitne
1681 1297 1796 1359 usum
1827 1297 2049 1357 plurimum
2085 1299 2319 1357 conferunt,

166 1363 303 1424 potius
337 1361 538 1422 rejicerem
572 1362 628 1405 ad
660 1374 876 1406 extremum
904 1359 1134 1417 studiorum
1153 1394 1165 1416 ‚
1204 1376 1324 1422 quam
1359 1362 1403 1406 in
1437 1363 1519 1424 ipſs>
1537 1395 1549 1416 ‚
1588 1377 1634 1407 ut
1656 1365 1722 1424 fit
1741 1400 1752 1419 ‚
1795 1363 1909 1408 initio
1921 1365 2229 1424 adolescentibus
2246 1384 2324 1411 an.

173 1443 393 1491 teponerem
411 1448 437 1486 ‚-
483 1443 581 1488 quos
615 1429 748 1472 obruit
783 1427 895 1489 copia
931 1443 1059 1472 rerum
1095 1440 1170 1472 aut
1202 1441 1443 1489 praemature
1464 1464 1476 1485 ,
1515 1443 1590 1473 aut
1617 1429 1854 1496 praepostere
1890 1431 1950 1479 ibi
1982 1431 2276 1498 disputatarum
2299 1449 2320 1480 ,-

169 1496 226 1541 &¹
263 1495 406 1541 melius
429 1496 469 1549 J
470 1493 712 1550 uflineaneis
747 1494 1010 1556 adjungerem
1050 1495 1271 1557 Theophili
1296 1497 1452 1556 sobrias
1487 1496 1543 1542 (9⁴
1578 1499 1863 1561 eruditissimas
1893 1501 2159 1556 institutiones
2196 1540 2208 1561 ‚
2246 1520 2322 1551 uua

167 1577 241 1626 per
292 1578 378 1606 cum
424 1561 725 1621 clariffi'morum
777 1561 984 1606 auc‘iorum
1021 1563 1122 1606 notis
1157 1562 1287 1606 editas
1339 1581 1365 1607 a
1401 1565 1606 1625 Dozy'acio
1639 1601 1650 1612 .
1705 1569 1822 1628 Quin
1858 1567 1917 1613 θ’
1959 1587 2024 1614 nos
2059 1571 2324 1626 institutiones

169 1627 323 1683 nostras
374 1628 549 1672 nondum
588 1629 718 1673 editas
751 1628 813 1672 ita
848 1628 1117 1673 contexuimus
1136 1663 1149 1688 2
1187 1642 1232 1673 ut
1258 1631 1417 1676 ,vitatis
1454 1633 1767 1688 intercisionibus
1804 1636 1890 1680 illis
1922 1636 2165 1698 importunis
2184 1674 2197 1695 ‚
2233 1640 2321 1701 qui.

167 1697 241 1740 bus
292 1694 419 1738 utitur
476 1695 650 1739 Vinnius
668 1729 680 1750 ‚
722 1694 779 1739 (9⁴
832 1695 908 1740 alii
941 1696 1307 1742 commentariorum
1343 1697 1546 1743 mitiores
1581 1734 1593 1755 ,
1642 1702 1713 1762 qui
1747 1716 1950 1748 contextus
1983 1705 2113 1749 verba
2161 1723 2181 1749 e
2232 1724 2319 1752 con-

169 1761 317 1806 tinenti
371 1762 444 1821 suo
510 1761 718 1806 divellunt
767 1778 780 1807 τ
848 1764 1052 1807 continuta
1120 1764 1292 1807 oratione
1330 1764 1695 1821 Justinianaeorum
1741 1770 2091 1832 paragraphorum
2140 1773 2315 1819 ordinem

157 1830 370 1889 servemus
403 1861 415 1881 ‚
453 1827 510 1870 (²9⁴
562 1828 780 1889 obscuriora
829 1829 990 1874 illorum
1017 1830 1201 1883 *breviter
1255 1831 1298 1874 in
1335 1833 1446 1893 cursu
1499 1834 1687 1879 orationis
1739 1851 1980 1898 exponamus
2015 1872 2028 1893 ,
2079 1853 2315 1884 commenta.

168 1895 314 1940 riorum
367 1894 584 1938 utilitatem
634 1896 690 1939 (9⁴
721 1897 1013 1958 paraphraseos
1039 1898 1294 1958 sobrietatem
1332 1915 1419 1944 cum
1447 1899 1687 1960 juventutis
1723 1904 1902 1948 utilitate
1927 1904 2058 1959 simul
2092 1917 2212 1966 atque
2243 1924 2317 1951 vo-

164 1963 320 2023 luptate
366 1959 601 2021 praestantes
634 1997 644 2007 .
697 1962 795 2018 Post
832 1963 902 2008 hos
937 1964 1046 2008 locus
1081 1965 1154 2008 erit
1192 1965 1294 2024 hisce
1331 1965 1457 2010 tribus
1495 1967 1705 2027 Originum
1742 1971 1893 2025 libris,
1933 1984 1979 2014 ut
2014 1972 2173 2017 altiores
2199 1973 2315 2035 juris

152 2029 312 2074 „radices
360 2041 549 2072 eruantur
584 2063 596 2083 ,
649 2029 706 2073 ἔγ
756 2047 845 2074 mox
896 2030 949 2074 ab
992 2030 1044 2073 iis
1092 2031 1322 2076 decurratur
1370 2033 1429 2076 aa
1465 2049 1590 2076 ramos
1619 2068 1632 2088 ,
1687 2050 1822 2096 nempe
1858 2037 1914 2080 ad
1948 2052 2188 2099 argumenta
2212 2040 2308 2094 sin.

157 2096 348 2157 gulorum
393 2094 506 2154 juris
557 2095 793 2141 titulorum:
834 2112 922 2156 quae
959 2098 1133 2157 cognosci
1159 2110 1347 2158 poterunt
1384 2116 1403 2142 e
1443 2097 1724 2160 Vveffembecii
1756 2104 1972 2147 Paratitlis
2009 2103 2268 2165 Digestorum
2285 2140 2300 2164 ‚

164 2161 221 2205 &¹
259 2179 279 2206 e
315 2160 468 2215 Peresii
497 2162 716 2206 Paratitlis
753 2163 943 2207 Codicis.
980 2165 1139 2208 Interea
1173 2165 1394 2209 celebriores
1429 2166 1535 2227 leges
1570 2166 1613 2209 in
1650 2168 1947 2214 Mandutlione
1954 2170 2068 2230 juris
2085 2171 2225 2216 civilis
2244 2190 2314 2217 no-

162 2241 258 2272 tatae
293 2227 521 2289 deligentur
542 2261 554 2282 ,
593 2241 712 2289 atque
747 2229 804 2273 ad
838 2244 903 2273 eas
938 2242 1121 2274 veterum
1156 2230 1214 2274 (θ’
1249 2248 1441 2276 novorum
1478 2233 1670 2278 uberiores
1707 2235 1876 2296 itemque
1912 2235 1970 2280 ad
1996 2235 2133 2293 forum
2168 2239 2310 2284 utilio-

163 2311 223 2340 res
242 2328 255 2349 ,
292 2307 365 2338 aut
384 2327 397 2348 ‚
433 2295 506 2339 ubi
542 2295 618 2339 loci
654 2296 871 2355 obscuritas
898 2295 1076 2356 postulet
1095 2331 1106 2353 ‚
1144 2297 1377 2342 eruditiores
1391 2299 1731 2365 interpretationes
1749 2302 2080 2361 adhibebuntur,
2118 2317 2163 2349 ut
2170 2306 2302 2367 scien-

161 2362 222 2406 tia
249 2359 379 2415 simul
412 2360 468 2404 (9⁴
504 2362 595 2420 usus
625 2364 762 2407 eodem
801 2375 971 2423 tempore
1005 2377 1278 2424 comparetur.
1485 2368 1504 2384 ³

230 2429 329 2472 Haec
359 2425 524 2488 praefari
559 2428 764 2473 voluimus
784 2464 796 2484 ‚
834 2442 880 2473 ut
894 2429 952 2474 ad
973 2428 1159 2483 studium
1183 2431 1300 2492 juris
1332 2431 1485 2477 animos
1513 2446 1783 2496 praeparemus
1801 2470 1814 2491 ,
1852 2435 2101 2481 detrabentes
2119 2437 2306 2495 inutilia,

160 2492 218 2537 (θ’
269 2494 581 2553 adolescentibus
626 2495 868 2554 jucundiora
912 2495 1039 2549 simul
1084 2496 1141 2539 (9⁴
1176 2497 1409 2558 expetitiora
1435 2501 1657 2560 praebentes
1674 2535 1685 2547 .
1724 2505 1819 2546 Non
1850 2503 1948 2564 plus
1981 2503 2086 2547 enim
2124 2506 2309 2566 temporis

158 2560 229 2606 vel
264 2577 290 2604 a
326 2560 584 2605 mediocribus
619 2561 793 2623 ingeniis
819 2563 904 2608 haec
932 2561 1129 2611 institutio
1158 2563 1340 2624 postulat
1357 2599 1371 2620 ‚
1408 2567 1801 2629 quamphilosophiae
1838 2569 2008 2631 vulgari
2039 2569 2307 2632 addiscendae,

159 2644 235 2672 non
258 2627 352 2681 stne
385 2627 560 2689 lugenda
596 2629 780 2689 temporis
806 2628 979 2688 jaHura
1001 2663 1014 2684 ,
1053 2630 1272 2675 tribuitur.

228 2695 413 2738 Ceterum
452 2694 548 2754 quia
582 2707 661 2739 tres
697 2695 741 2740 hi
775 2694 971 2757 originum
1008 2695 1106 2740 libri
1142 2731 1154 2752 ‚
1210 2696 1280 2741 ubi
1308 2699 1480 2759 praelum
1508 2699 1666 2759 subiere
1704 2735 1717 2757 ‚
1772 2714 1831 2746 tot
1862 2707 2144 2749 ‘contraxerunt
2193 2719 2307 2768 typo-

154 2759 371 2821 graphicas
405 2761 582 2805 maculas
602 2795 614 2816 ‚
655 2774 701 2805 ut
735 2777 821 2806 raro
849 2761 989 2823 sensus
1022 2763 1205 2823 efferrent
1239 2763 1412 2826 integros
1430 2800 1442 2821 ‚
1481 2766 1538 2809 θ’
1570 2768 1786 2828 aliquando
1831 2768 1952 2814 etiam
1990 2772 2181 2831 scribenti
2215 2790 2303 2817 con-

159 2825 300 2871 trarios
318 2845 345 2883 ‚⁴
383 2827 457 2871 hac
496 2844 603 2872 nova
638 2828 806 2873 editione
826 2863 838 2881 ‚
874 2829 1067 2890 quamvis
1101 2829 1289 2884 instituta
1323 2831 1379 2874 &¹
1406 2831 1604 2893 perducia
1640 2836 1759 2879 etiam
1796 2837 1908 2880 nobis
1943 2838 2198 2899 absentibus,
2237 2839 2307 2900 qui

159 2891 353 2951 viscerum
388 2894 589 2939 doloribus
624 2895 798 2956 cogimur
825 2895 973 2956 saepi'us
1010 2909 1164 2941 mutare
1199 2898 1342 2942 coelum
1362 2932 1374 2954 ‚
1407 2911 1454 2943 ut
1485 2913 1682 2946 mutemus
1703 2900 1954 2956 stomachum
1991 2924 2017 2961 ;
2067 2917 2200 2949 tamen
2237 2909 2304 2950 be-

158 2959 384 3004 nevolentia
419 2959 475 3004 (θ’
500 2960 596 3021 fide
630 2959 938 3021 dottiffimorum
968 2963 1182 3014 amicorum
1199 2982 1216 3025 3
1254 2964 1298 3008 in
1332 2964 1618 3027 impreffi'onem
1654 2968 1756 3014 hanc
1791 2986 1938 3014 novam
1974 2970 2298 3029 incumbentium,

1426 3048 1450 3076 c
1522 3049 1549 3079 2
2152 3055 2302 3084 omnem

160 3126 268 3144 R—
391 3132 2297 3158 —Q——ffla—-Qm—*fflmm——ffm

265 3161 352 3215 (a)
385 3163 433 3202 In
461 3164 608 3206 observ.
638 3167 703 3209 lib.
741 3182 801 3209 12.
831 3182 918 3222 cap.
956 3170 1016 3210 18.
