2596 3479
249 105 360 158 300

911 90 1058 142 DE
1138 88 1736 161 LEGIBUS,

250 176 490 221 tegerentur
518 197 530 220 ‚
575 164 722 210 Gallus
765 164 955 222 Aquilius
987 163 1299 216 Jurisconsultus
1351 165 1500 209 teribus
1526 166 1809 210 monumentis
1834 178 1973 223 patet,
2007 168 2084 214 sive
2108 171 2274 222 Juniam
2297 205 2309 227 ‚
2341 187 2389 220 ut

251 238 409 266 novum
446 222 507 275 jus
539 224 717 268 minime
746 222 980 275 statuendo,
1013 235 1059 265 ut
1085 236 1297 277 perperam
1350 222 1559 281 plerique,
1592 224 1670 268 five
1705 226 1859 276 Juliazn
1891 225 2095 278 Vellejam
2131 231 2386 283 cum-Cuja-

250 280 379 338 aliqui
417 280 644 327 docuerunt
664 315 676 336 ‚
720 284 737 333 (
775 296 848 323 nec
882 280 995 323 enim
1035 279 1182 323 licebat
1216 281 1289 335 pri·
1348 280 1411 323 cio
1439 281 1716 338 appellemus.
1741 286 1804 334 (a)
1832 285 1891 326 Ea
1912 283 1975 327 lex
1999 301 2123 329 omne
2148 291 2387 342 praeteritio·

251 351 345 384 vata
376 340 761 394 Jurisconsultorum
795 337 1034 381 aufioritate
1066 353 1218 381 novam
1241 337 1293 381 le·
1347 338 1408 380 nis
1433 339 1659 393 periculum
1685 340 1949 396 imposterum
1969 342 2138 386 exclusit
2157 375 2171 397 ‚
2201 346 2386 402 comple..

250 413 347 455 gem
381 399 554 443 condere
579 430 590 451 ,
620 399 636 450 )
670 398 731 441 sed
771 398 878 452 quod
914 395 998 447 jure
1031 395 1147 439 civili
1186 411 1292 440 rece·
1345 411 1474 452 xaque
1517 396 1571 439 est
1614 398 1722 441 casus
1758 415 1902 442 omnes
1939 400 2204 445 institutionis
2250 405 2380 458 postu-

251 469 371 514 ptum
403 456 483 509 jam
515 468 625 508 erat,
659 456 705 498 ad
734 453 840 497 hanc
871 453 1000 496 etiam
1025 454 1197 510 speciem
1224 470 1292 497 ac·
1345 470 1507 496 morum
1540 486 1555 507 ,
1604 456 1749 509 quibus
1791 456 1943 500 casibus
1983 459 2136 502 duobus
2179 461 2381 514 capitibus

246 515 527 568 comodando,
562 529 674 557 more
711 511 1099 565 jurisconsultorum
1138 511 1290 555 cautio-

246 588 345 616 nem
366 604 378 624 ,
413 572 492 615 live
523 570 746 614 formulam
781 570 1059 625 excogitavit,
1090 585 1168 625 qua
1194 585 1291 625 prae-

247 643 455 673 teritionis
498 643 648 672 vitium
686 641 993 681 removeretur,
1024 640 1144 683 atque
1175 643 1207 670 is
1231 639 1290 671 et·

245 687 327 730 iam
368 688 476 730 casus
509 687 785 730 includeretur
829 685 872 729 in
905 684 988 737 jure
1021 684 1169 729 civili.
1205 687 1290 728 Ita—

242 761 319 800 que
341 745 557 789 confilium
588 745 697 788 dedit
716 759 794 787 avo
815 776 828 798 ‚
859 756 903 785 ut
938 743 1047 799 prius
1073 742 1205 786 filium
1226 744 1289 786 in-

241 804 452 851 stitueret,
482 804 613 859 postea
641 815 831 858 nepotem
854 835 865 855 ,
900 801 968 856 qui
998 800 1083 854 post
1113 799 1287 851 ejusdem

239 861 307 904 avi
337 875 513 905 mortem
543 861 769 904 nasceretur
790 890 799 907 ‚
850 859 876 901 si
910 860 1017 902 filius
1050 857 1215 901 vivente
1250 860 1284 904 se

238 918 481 963 decederet:
526 919 587 963 his
621 935 768 973 nempe
804 917 939 959 verbis
973 929 1171 971 concepta
1205 916 1286 959 for-

237 976 383 1020 mula:
410 977 549 1031 filium
580 993 705 1019 meum
737 975 911 1018 heredem
942 973 1101 1029 instituo
1123 991 1138 1014 .·
1164 972 1203 1028 st
1229 974 1278 1029 fi

235 1035 315 1077 lius
356 1051 464 1078 meus
505 1038 604 1078 vivo
648 1052 706 1076 me
753 1034 976 1084 morienti-5
1010 1046 1101 1074 tunc
1125 1031 1164 1085 fi
1195 1034 1288 1088 quis

234 1093 335 1134 mihi
357 1110 404 1134 ex
430 1111 468 1136 eo
495 1104 608 1149 nepos
628 1090 709 1148 post
734 1103 891 1133 mortem
930 1107 1056 1133 meam
1088 1091 1132 1131 in
1155 1092 1285 1134 decem

235 1149 431 1203 mensibus·
451 1152 669 1206 proximis,
701 1150 847 1205 quibus
877 1147 995 1203 filius
1029 1165 1136 1191 meus
1165 1165 1285 1192 more-

232 1221 366 1261 retur;
405 1223 523 1252 natus·
559 1211 633 1251 erit
654 1241 666 1261 ‚
702 1209 807 1250 heres
841 1206 912 1261 esto
942 1239 953 1249 .
997 1207 1118 1262 Quod
1143 1219 1282 1250 autem

231 1266 278 1309 de
314 1267 528 1320 nepotibus
566 1266 714 1310 Gallus
752 1265 964 1320 protulit,
997 1264 1278 1316 Jurisconsulti

230 1324 278 1366 ad
321 1340 467 1368 omnes
510 1325 732 1368 liberorum
786 1323 929 1378 gradus
971 1322 1243 1365 extenderunt
1269 1355 1284 1376 ‚

233 1397 383 1438 nempe
412 1384 460 1425 ad
492 1396 734 1437 pronepotes
766 1413 777 1433 ‚
811 1380 1030 1434 abnepotes
1051 1411 1062 1433 ,
1093 1379 1137 1422 ὃς
1160 1392 1279 1435 quot-

229 1452 331 1494 quot
356 1438 518 1483 heredes
548 1440 599 1482 sui
624 1439 804 1494 possent,
838 1437 984 1480 mortis
1015 1438 1114 1480 item
1144 1437 1280 1479 nomi-

229 1512 280 1539 ne
303 1497 468 1540 civilem
496 1499 622 1540 etiam
653 1509 828 1539 mortem
853 1494 1270 1549 comprehenderunt3

226 1553 284 1596 ita
308 1568 351 1597 ut
372 1555 553 1597 conditio
574 1555 748 1598 extitisse
769 1552 1005 1606 censeatur,
1027 1552 1053 1594 si
1075 1552 1182 1594 filius
1201 1565 1272 1594 aut

224 1612 464 1655 inter-dehis
488 1613 580 1656 effet
606 1628 709 1667 aqua
728 1611 770 1654 δί
792 1610 907 1666 igni,
930 1622 999 1653 aut
1019 1609 1264 1664 deportatus.

222 1671 362 1726 Atque
393 1669 585 1713 haetenus
609 1669 668 1721 jus
694 1668 815 1712 civile
835 1701 846 1722 ,
867 1667 1061 1724 Gallique
1093 1666 1270 1710 formula

226 1727 493 1783 complexum
522 1728 575 1771 est
601 1744 700 1780 eos,
732 1727 798 1782 qui
834 1738 998 1769 mortuo
1036 1738 1175 1780 patre,
1209 1725 1272 1768 vel

224 1800 303 1827 avo
332 1788 617 1829 nascerentur.
641 1787 704 1827 De
731 1783 838 1827 natis
866 1799 963 1827 vero
987 1783 1154 1826 vivente
1182 1799 1275 1836 avo,

226 1841 305 1886 five
334 1844 563 1887 testa-menti
604 1856 813 1898 tempore,
844 1841 921 1884 sive
952 1839 1034 1895 post
1059 1841 1275 1884 testamen·

222 1912 352 1954 tum,
399 1901 678 1952 Jurisconsulti
720 1898 826 1942 nihil
868 1899 1092 1954 attigerunt
1122 1930 1133 1951 ‚
1177 1898 1272 1954 quia

225 1958 323 2001 huic
349 1958 616 2001 incommodo
644 1971 802 2013 poterat
835 1956 915 2010 ipse
943 1956 1104 1999 testator
1131 1971 1271 1999 occur-

223 2031 338 2070 rere,
370 2016 452 2058 alio
478 2018 644 2059 condito
671 2016 937 2067 testamento,
971 2014 1013 2055 in
1052 2029 1132 2069 quo
1161 2013 1270 2056 insti-

222 2085 357 2116 tueret
378 2106 390 2127 ‚
422 2086 491 2117 aut
523 2073 785 2117 exheredaret
825 2084 1015 2126 nepotem
1043 2102 1073 2128 ,U
1095 2070 1163 2126 qui
1204 2069 1268 2113 vel

223 2132 508 2187 agnascendo,
554 2131 616 2175 vel
657 2129 902 2173 suecedendo
935 2129 1048 2172 heres
1095 2130 1184 2171 suus
1206 2127 1264 2170 fa-

223 2189 309 2231 es'tus
337 2189 430 2232 effet
455 2205 531 2231 avo
548 2221 557 2230 .
589 2189 662 2231 Sed
689 2188 886 2244 quoniam
924 2201 1008 2228 non
1035 2186 1183 2241 ubique
1209 2185 1263 2228 fa-

222 2246 353 2289 cultas
395 2247 513 2288 datur
539 2245 737 2289 condendi
765 2244 1020 2296 testamenti,
1055 2244 1148 2298 quia
1181 2258 1265 2286 non

222 2304 374 2360 ubique
407 2316 467 2345 tot
501 2305 610 2346 cives
634 2303 812 2345 Romani
848 2302 984 2356 praesto
1016 2301 1132 2352 sunt,
1166 2314 1264 2356 quot

223 2362 489 2417 requiruntur
513 2362 562 2403 ad
585 2362 922 2404 testamentorum
942 2357 1260 2401 solemnitatem:

220 2417 313 2461 ideo
352 2419 413 2463 lex
460 2418 618 2470 Velleja
654 2419 751 2460 novi
791 2416 1021 2460 testamenti
1064 2416 1261 2459 condendi

220 2478 499 2520 necessitatem
527 2476 810 2528 sustulit7data
832 2474 1022 2529 potestate
1048 2473 1254 2516 instituent

219 2535 260 2577 di
298 2548 497 2590 nepotes,
529 2535 598 2591 qui
637 2533 803 2577 vivente
847 2533 1030 2576 testatore
1055 2532 1261 2574 nasceren-

219 2603 288 2634 tur
322 2592 376 2635 sui
400 2624 413 2645 ‚
446 2592 671 2648 traditaque
724 2591 878 2633 ratione
910 2588 1145 2632 instituendi
1179 2588 1258 2640 jam

218 2660 341 2692 natos
363 2681 373 2691 .
419 2650 464 2692 Id
496 2650 610 2693 enim
641 2649 721 2693 ausi
756 2664 838 2691 non
875 2647 963 2690 sunt
995 2647 1256 2698 Jurisconlul·

219 2705 284 2759 ti,
329 2706 423 2762 quia
460 2706 618 2760 legibus
668 2722 749 2749 non
784 2705 933 2748 licebat
967 2717 1158 2759 nepotem
1192 2704 1257 2747 he—

217 2764 356 2808 redem
401 2763 529 2807 facere
578 2764 837 2807 necessarium
862 2795 873 2815 ‚
913 2763 1078 2805 vivente
1113 2775 1221 2815 patre
1250 2794 1260 2814 ‚

216 2837 342 2877 quem
374 2836 473 2863 avus
505 2820 679 2864 habebat
713 2821 756 2863 in
789 2820 979 2874 potestate
1001 2850 1010 2860 .
1060 2818 1154 2861 Ideo
1187 2834 1251 2861 no-

217 2893 273 2921 vo
326 2878 402 2930 juri
436 2878 720 2922 constituendo
753 2893 860 2919 nova
893 2876 979 2931 lege
1011 2891 1112 2928 opus
1143 2875 1221 2918 fuit
1247 2908 1258 2928 ‚

215 2951 365 2992 nempe
398 2934 590 2990 vell-eja,
622 2934 733 2989 cujus
764 2934 903 2977 aussor
934 2932 1119 2976 nondum
1143 2949 1164 2977 e
1191 2949 1250 2977 ve·

845 3063 859 3069 “’
862 3063 1086 3077 -ι-“--

212 3072 317 3082 --
442 3072 599 3085 ..-—-
618 3072 629 3079 ι

258 3106 318 3146 (¹²)
343 3107 383 3139 1η
392 3108 480 3148 frag.
510 3108 584 3149 Uip.
602 3080 659 3149 {ui
670 3106 777 3140 lma-3.
797 3101 870 3145 infi-
883 3101 962 3146 P0ff·
995 3103 1053 3136 n't.
1074 3076 1128 3134 at.
1164 3103 1191 3144 §t
1208 3111 1254 3134 σω

208 3154 262 3197 qui
276 3152 313 3186 in
325 3153 506 3194 morosum
518 3170 530 3185 ο

1341 512 1543 574 aptissime
1578 513 1780 557 occurrit.
1824 517 1875 557 ln
1912 516 2033 569 priori
2067 517 2272 572 permittit
2296 533 2375 562 avo

1340 569 1638 614 institutionem
1659 572 1936 626 quorumlibet
1966 574 2242 629 postumorum
2269 607 2281 629 ,
2306 576 2377 632 qui

1341 627 1424 681 post
1449 641 1624 671 mortem
1652 628 1726 672 filii
1748 630 1781 673 se
1800 631 1968 674 vivente
1991 631 2205 676 nascentur
2236 632 2287 675 sui
2307 635 2377 687 3in

1340 685 1546 748 posteriori
1579 687 1701 730 tradit
1736 688 1938 731 rationem
1973 688 2207 732 instituendi
2254 706 2380 745 nepo-

1339 755 1421 786 tem
1459 759 1540 795 Jam
1578 757 1722 788 natum
1749 776 1765 797 ,
1808 745 1833 787 li
1869 744 1963 787 effet
1991 746 2031 788 in
2059 745 2197 789 locum
2224 747 2383 791 heredis

1340 799 1392 863 sui
1431 817 1500 856 per
1526 801 1650 856 patris
1680 814 1861 844 mortem
1898 801 2136 846 successurus
2162 835 2173 855 ‚
2207 804 2379 858 permit-

1337 870 1466 913 titque
1491 875 1587 902 eum
1613 871 1708 902 ante
1735 872 1923 914 tempu8‚
1947 859 2098 911 adjesta
2121 861 2379 915 conditione,

1337 915 1542 960 instituere
1568 949 1580 966 ,
1614 929 1658 959 ut
1692 917 1990 960 necessarium:
2020 915 2056 970 fi
2087 920 2179 973 quis
2213 936 2258 960 ex
2290 920 2378 972 suis

1336 974 1539 1018 heredibus
1554 975 1654 1029 suus
1674 975 1779 1017 heres
1795 972 1866 1029 effe
1889 973 2070 1028 deflerit:
2098 992 2194 1019 nam
2217 976 2241 1018 si
2264 993 2378 1031 avus,

1336 1030 1452 1074 fimul
1485 1048 1580 1074 cum
1605 1030 1719 1085 filio,
1745 1045 1937 1087 nepotem
1977 1048 2071 1088 pure
2112 1033 2340 1077 instituiffet
2362 1067 2376 1088 ,

1332 1104 1377 1130 ea
1402 1088 1604 1133 institutio
1640 1090 1825 1144 valebat,
1858 1103 1902 1133 ut
1929 1089 2133 1134 institutio
2160 1091 2372 1135 extranei:

1331 1146 1373 1188 &
1411 1147 1435 1188 si
1473 1148 1673 1191 moriente
1705 1164 1782 1190 avo
1803 1180 1815 1201 ‚
1848 1147 1956 1191 filius
1989 1161 2076 1191 erat
2098 1148 2140 1191 in
2165 1150 2375 1204 potestate,

1333 1219 1458 1257 nepos
1495 1206 1730 1259 portionem
1768 1205 1877 1249 suam
1911 1205 2145 1262 adquirebat
2181 1203 2315 1260 patri3
2348 1207 2375 1249 fi

1335 1277 1429 1304 vero
1454 1279 1552 1306 avus
1579 1266 1660 1317 post
1682 1263 1972 1307 testamentum
2012 1263 2146 1307 filium
2184 1264 2225 1306 ὅτ.
2249 1280 2375 1318 nepo-

1333 1331 1418 1362 tem
1442 1322 1799 1376 emancipaverat‚
1835 1322 1945 1365 suam
1984 1333 2073 1364 tum
2102 1320 2171 1363 sibi
2201 1322 2373 1376 quisque

1333 1377 1564 1429 portionem
1609 1378 1844 1422 hereditatis
1877 1379 2089 1432 separatim
2133 1377 2371 1421 auferebat.

1328 1434 1442 1477 Sicut
1466 1448 1603 1479 autem
1631 1436 1792 1491 Aquilii
1819 1436 1955 1479 cautio
1986 1436 2034 1478 ad
2064 1451 2189 1479 omne
2225 1436 2372 1477 mortis

1329 1507 1481 1546 geum,
1518 1494 1560 1537 ὃς
1593 1509 1662 1548 per
1684 1508 1828 1536 omnes
1859 1493 2082 1536 liberorum
2115 1491 2259 1548 gradus
2291 1504 2375 1534 tra-

1328 1547 1468 1602 hitur,
1509 1550 1566 1593 ita
1615 1551 1741 1593 etiam
1786 1550 1852 1593 lex
1897 1548 2099 1602 Velleia,
2136 1549 2240 1592 unde
2285 1563 2373 1592 non

1328 1607 1457 1650 solum
1507 1619 1739 1662 nepotem3
1790 1606 1851 1649 sed
1893 1606 1936 1649 ὃς
1978 1606 2182 1662 quoslibet
2226 1605 2375 1648 libero-

1327 1681 1417 1709 rum
1461 1666 1604 1721 gradus
1635 1680 1684 1708 ex
1719 1663 1820 1720 legis
1853 1663 2085 1718 praescripto
2129 1662 2224 1706 licet
2256 1663 2372 1706 initi·-

1326 1734 1478 1776 tuere3
1521 1739 1566 1766 ac
1617 1722 1642 1764 fi
1689 1721 1796 1765 filius
1846 1721 1910 1764 vel
1942 1720 2184 1765 naturaliter
2215 1720 2370 1764 moria-

1326 1793 1391 1824 tur
1420 1813 1433 1835 ,
1478 1779 1543 1824 vel
1592 1778 1832 1823 interdifi'tus
1863 1795 1966 1835 aqua
2007 1779 2050 1822 δι
2083 1779 2170 1834 igni
2205 1777 2328 1822 fuerit
2353 1809 2367 1831 ,

1323 1850 1393 1882 aut
1441 1838 1672 1892 deportatus
1703 1869 1718 1890 ,
1772 1847 1881 1891 patet
1921 1835 2063 1891 nepoti
2106 1835 2164 1878 sui
2209 1834 2366 1879 heredis

1323 1894 1460 1940 locus.
1493 1895 1724 1950 Vestigavit
1755 1894 1943 1945 Julianus
1973 1894 2017 1937 δε
2047 1891 2178 1935 alium
2210 1893 2366 1946 casum,

1321 1954 1390 2009 qui
1434 1952 1520 2009 lege
1566 1951 1728 2003 Velleja
1777 1952 1954 1994 minime
1998 1950 2220 1993 includitur
2256 1982 2269 2004 ,
2318 1950 2363 1993 δε

1321 2023 1460 2055 tamen
1503 2011 1551 2054 de
1594 2022 1764 2065 utroque
1815 2009 1946 2064 capite
1996 2008 2158 2050 trahit:
2213 2022 2363 2062 nempe

1322 2068 1466 2112 hune:
1501 2069 1617 2118 Avus
1649 2068 1937 2110 testamentum
1970 2064 2068 2108 facit
2093 2097 2105 2118 ‚
2151 2064 2218 2107 ubi
2253 2065 2361 2119 prius

1320 2126 1453 2169 filium
1492 2157 1505 2179 ‚
1555 2125 1695 2168 deinde
1741 2136 1934 2180 nepotem
1978 2122 2164 2165 nondum
2214 2134 2359 2165 natum

1318 2183 1493 2226 instituit
1527 2214 1536 2225 .
1570 2182 1766 2225 Nascitur
1817 2196 1941 2235 nepos
1974 2181 2137 2224 vivente
2171 2195 2247 2222 avo
2270 2211 2283 2232 ,
2314 2179 2359 2223 δί

1317 2255 1468 2296 patre,
1523 2241 1594 2296 qui
1644 2254 1901 2294 praemoritur
1949 2254 2027 2280 avo
2070 2269 2078 2278 .
2136 2237 2242 2288 (b)
2290 2238 2356 2278 Ad

1315 2299 1420 2354 quod
1452 2311 1571 2352 caput
1605 2298 1703 2352 legis
1733 2313 1778 2339 ea
1812 2295 1957 2350 species
1991 2294 2220 2337 referetur?
2269 2308 2354 2335 non

1315 2357 1360 2397 ad
1413 2356 1520 2410 prius
1548 2386 1560 2407 ,
1603 2355 1699 2410 quia
1744 2357 1916 2407 pertinet
1963 2353 2010 2394 ad
2057 2365 2123 2392 eos
2151 2382 2161 2400 ‚
2194 2365 2262 2406 qui
2299 2350 2356 2393 sui

1316 2413 1569 2464 nascuntur,
1621 2425 1787 2453 vivente
1827 2425 1908 2452 avo
1935 2441 1948 2463 ,
1997 2420 2160 2450 mortuo
2204 2421 2351 2462 patre:

1315 2471 1380 2514 hic
1429 2483 1569 2514 autem
1613 2482 1732 2511 natus
1779 2469 1834 2510 est
1866 2467 2029 2509 vivente
2063 2478 2172 2519 patre
2203 2496 2215 2518 ,
2249 2465 2355 2511 unde

1316 2545 1397 2572 non
1442 2528 1519 2570 fuit
1561 2541 1643 2570 avo
1686 2525 1798 2569 heres
1842 2525 1968 2578 suu3‚
2025 2538 2120 2566 cum
2171 2522 2352 2565 nascere-

1313 2600 1411 2636 turz,
1455 2600 1539 2627 non
1582 2585 1628 2626 ad
1674 2583 1902 2639 posterius,
1947 2581 2042 2637 quia
2087 2580 2261 2635 pertinet
2305 2579 2353 2621 ad

1313 2660 1409 2696 eos,
1455 2641 1523 2699 qui
1569 2642 1801 2685 testamenti
1849 2654 2030 2693 tempore
2077 2637 2162 2679 nati
2194 2649 2348 2680 erant:

1314 2702 1378 2744 hic
1410 2714 1546 2743 autem
1591 2712 1708 2741 natus
1737 2699 1791 2741 est
1824 2698 1906 2753 post
1941 2697 2224 2740 testamentum
2252 2709 2263 2745 ;
2307 2692 2351 2735 ὃς

1314 2773 1449 2801 tamen
1495 2755 1666 2799 refertur
1717 2756 1764 2797 ad
1797 2768 2016 2809 utrumque
2050 2751 2163 2794 fimul
2189 2782 2198 2792 .
2235 2752 2350 2792 Nam

1313 2817 1417 2859 idem
1451 2817 1559 2857 casus
1580 2812 1772 2855 aliorsum
1794 2810 2012 2865 inmens,
2053 2809 2200 2862 partim
2228 2808 2350 2861 perti·

1312 2886 1379 2916 net
1397 2871 1443 2914 ad
1470 2871 1579 2926 prius
1599 2882 1749 2922 caput,
1779 2868 1873 2924 quia
1895 2867 1961 2909 hic
1981 2881 2106 2920 nepos
2134 2865 2348 2908 testamen-

1311 2931 1342 2974 ti
1375 2941 1558 2984 tempore
1591 2926 1777 2970 nondum
1822 2936 1907 2968 erat
1940 2938 2086 2976 natu5,
2119 2920 2348 3021 partimstad

2223 2996 2273 3035 po
2309 2995 2351 3022 e-

1312 3059 2120 3074 -——-.—-—-—--—-.----—----———·—-—

1269 3151 1286 3185 4
1305 3153 1335 3176 2.
1352 3144 1446 3178 titul.
1468 3150 1515 3174 ιι.
1532 3140 1646 3183 Iustis.
