2596 3479
226 120 334 173 ¹30
887 95 1030 149 DE
1109 91 1705 164 LEGIBUS,

219 181 407 222 Proceres
435 188 533 218 vero
564 172 796 229 frequentes
820 169 862 234 in
890 171 956 214 suo
978 166 1191 212 comitatu
1212 183 1258 211 a-
1319 168 1446 211 Multi
1479 185 1574 214 vero
1605 171 1730 214 initio
1760 168 1993 226 tyrannidis
2020 171 2222 226 majorem
2255 186 2350 230 par..

217 236 318 280 dess‘e
351 233 574 288 jubebant3
607 244 651 275 ut
677 230 743 272 sub
769 229 1004 283 principum
1022 224 1160 269 *oculis
1179 241 1256 268 nu·
1313 238 1395 268 tem
1428 228 1688 281 privatorum
1720 229 1920 272 bonorum
1955 232 2346 286 proscriptionibus,

225 306 288 338 tus
315 308 458 338 eorum
480 324 493 344 ,
525 291 569 335 δε
597 300 731 334 motus
755 285 871 329 taciti
900 317 912 338 ,
943 284 1014 342 qui
1040 285 1129 327 sunt
1149 283 1260 327 indi-

224 368 290 398 ces
324 350 562 395 animorum
589 381 602 402 ,
636 345 955 397 subjicerentur,
991 359 1038 386 ac
1069 343 1166 385 dum
1185 357 1256 385 oc-

226 422 473 466 cuparentur
497 409 602 451 circa
635 403 838 459 principes
858 434 870 454 ,
904 402 962 445 nil
985 399 1260 455 temporiseis

226 469 275 512 ad
307 467 542 511 servitutem
569 460 875 517 recogitandam
909 491 920 513 ,
969 459 1013 502 δι
1044 473 1103 501 res
1134 473 1259 500 novas

226 524 453 569 moliendas
475 521 652 564 omnino
679 517 914 574 superesset.
951 518 1015 560 Ut
1040 528 1177 559 autem
1205 514 1259 557 la-

227 596 359 627 tentes
380 614 392 636 ,
425 593 544 634 atque
568 577 760 621 abstrusos
782 574 974 619 omnium
997 573 1125 618 sensus
1146 588 1256 616 erue-

230 652 320 685 rent
353 672 364 693 ,
413 639 570 682 crebros
602 668 615 689 ,
663 635 705 678 &
729 633 962 690 frequentes
984 631 1260 685 exploratores

232 696 468 743 clanculum
495 694 761 737 dimittebant
795 723 807 745 ,
859 705 978 746 atque
1004 690 1050 732 ad
1079 687 1260 743 publicos

229 768 361 801 coetus
390 754 432 795 ὅ(
466 753 515 796 ad
542 751 722 807 privatos
748 748 899 806 pariter
920 747 1140 790 hominum
1162 761 1259 788 con-

231 825 380 857 ventus
404 809 650 866 ablegabant
672 825 681 851 :
717 820 760 851 ut
785 806 853 850 etfi
886 806 934 848 ab
958 804 1049 848 aliis
1075 804 1260 847 interno-

232 871 436 916 scerentur
468 901 481 923 ,
514 880 653 911 tamen
678 878 836 909 metum
863 863 1094 906 incuterent
1120 893 1132 914 ,
1164 876 1262 917 prae—

233 929 439 984 sentiaque
465 926 530 970 sua
555 925 756 969 sermones
782 920 954 976 principi
983 919 1129 976 noxios
1147 918 1256 962 cohi-

231 986 373 1031 berent
399 1017 409 1029 .
459 985 525 1027 Ob
549 983 720 1025 eandem
745 979 903 1023 causam
931 977 1115 1020 foeminis
1139 977 1264 1019 fraena

230 1043 452 1094 laxabant,
484 1040 614 1095 eisque
641 1054 709 1094 per
736 1037 906 1091 speciem
931 1035 1261 1079 urbanitatisim-

231 1102 391 1158 perium
419 1101 462 1143 in
490 1098 600 1141 viros
625 1094 949 1151 permittebant,
982 1107 1024 1136 ut
1056 1093 1168 1135 domi
1193 1092 1265 1134 suae

233 1158 428 1202 mulieres
449 1156 496 1199 ad
523 1153 770 1211 loquendum
799 1184 812 1204 ,
842 1151 885 1194 &
916 1150 1175 1193 familiariter
1209 1149 1261 1192 se-

230 1232 327 1261 cum
357 1213 565 1271 agendum
599 1211 858 1267 quoscunque
897 1208 1050 1256 vellent
1069 1207 1265 1253 admitte-

229 1287 348 1327 rent3
381 1289 429 1316 ex
455 1285 630 1326 quorum
658 1267 910 1311 sermonibus
940 1265 1121 1322 plurium
1154 1265 1261 1320 cogi*

239 1331 415 1374 tationes
447 1338 726 1383 retegerentur
751 1324 1001 1379 principibus
1027 1339 1095 1377 per
1127 1321 1262 1364 foemi-

238 1403 310 1431 nas
341 1404 354 1441 3
402 1386 490 1442 quae
520 1398 718 1439 tanquam
744 1382 867 1423 hamo
895 1381 937 1423 in
965 1380 1153 1423 virilibus
1177 1380 1265 1421 ani-

230 1445 311 1493 rfiis
343 1443 582 1501 piscantur:
632 1439 739 1483 nulli
770 1439 883 1481 enim
911 1436 1074 1481 facilius
1099 1470 1110 1490 ,
1143 1451 1265 1492 quam

235 1502 480 1550 mulieribus
518 1499 635 1542 nobis
667 1496 968 1539 blandientibus
1001 1527 1014 1548 ,
1066 1496 1267 1549 roburque

237 1563 420 1607 nostrum
442 1555 748 1601 dissolventibus
772 1552 989 1608 praecordia
1014 1552 1234 1594 reseramus
1251 1566 1287 1603 ς,

239 1619 428 1675 nihilque
462 1614 582 1659 servis
615 1626 792 1666 tyranno
826 1609 986 1652 fidelius
1019 1641 1031 1660 ,
1087 1608 1130 1651 ὅ(
1175 1624 1264 1650 mu-

235 1677 401 1722 lieribus
425 1706 437 1727 ‚
469 1687 557 1730 quae
587 1669 742 1721 abjeeto
776 1668 864 1710 sunt
896 1666 1064 1723 ingenio
1089 1698 1102 1718 ,
1143 1665 1187 1708 &
1217 1666 1270 1707 ob

239 1735 480 1785 servitium,
513 1729 576 1774 cui
604 1739 804 1785 perpetuo
828 1739 892 1770 eas
918 1723 1268 1780 mancipavimus,

240 1791 359 1835 nullo
374 1789 483 1834 sensu
500 1787 734 1832 servitutem
756 1802 776 1828 a
798 1784 985 1828 libertate
999 1784 1270 1839 distinguunt,
1293 1797 1300 1843 ς

242 1850 472 1904 eaedemque
507 1846 706 1901 nusquam
739 1844 868 1886 vitam
902 1844 1096 1894 ducunt,
1146 1856 1270 1896 quarn

238 1907 308 1950 sub
339 1919 515 1960 tyranno
549 1900 830 1954 iucundiorem
859 1917 868 1942 ε
904 1902 1020 1942 Luxu
1051 1898 1166 1941 enim
1199 1914 1269 1953 po-

241 1964 441 2007 tissimum
472 1959 748 2011 delcetantur,
782 1973 905 2013 quem
926 1957 1090 2011 tyranni
1105 1955 1172 1998 xilli
1195 1956 1269 1998 im-

241 2020 392 2078 pendio
424 2018 588 2062 alebant
610 2050 622 2072 ‚
652 2016 763 2080 ‘quia
812 2015 928 2058 luxus
961 2013 1291 2070 depopularetur

1310 283 1352 325 ὅς
1378 283 1527 327 multis
1560 292 1796 341 rapiebant:
1829 287 2050 344 eademque
2081 288 2238 334 civibus
2259 289 2346 332 red-

1310 340 1458 382 debant
1503 344 1764 397 praemiomm
1809 345 1981 388 nomine
2019 377 2032 398 ‚
2081 346 2179 389 dum
2222 346 2346 389 modo

1311 413 1468 459 unum,
1502 400 1623 444 modo
1648 401 1791 445 aliu-m
1827 403 2103 446 honorarent:
2137 415 2258 458 atque
2291 404 2348 447 ita

1313 455 1563 520 restituendis
1596 459 1711 502 bonis
1741 460 1861 503 avitis
1881 460 2064 512 civium,
2096 476 2141 504 ac
2164 459 2344 516 largien-

1309 513 1367 556 dis
1400 512 1546 578 alienis
1579 514 1762 560 liberales
1789 548 1801 570 ,
1842 518 1884 560 &
1926 517 2097 561 benefici
2143 518 2347 561 vocaban-

1313 586 1400 612 tur.
1438 573 1550 616 Hmc
1584 572 1842 628 Polycrates,
1876 575 2087 618 Herodoto
2121 575 2214 618 teste
2242 606 2254 626 ,
2286 574 2348 617 di·

1310 643 1397 670 cere
1432 628 1612 684 solebat,
1642 631 1796 687 gratius
1826 632 1971 675 amicis
2002 632 2114 685 fore,
2149 632 2172 674 si
2207 632 2269 674 sua
2289 631 2347 673 eis

1313 685 1611 749 redderentur,
1656 704 1780 745 quam
1824 689 1850 731 fi
1895 687 2002 730 nihil
2045 689 2222 731 omnino
2268 688 2350 731 illis

1312 742 1444 786 fuisset
1467 745 1657 789 ablatum
1679 778 1688 789 .
1720 746 1854 788 Servis
1886 757 2075 799 praeterea
2107 745 2149 787 in
2176 744 2348 799 publicis

1313 802 1557 866 privatisque
1593 803 1782 859 negociis
1814 802 2035 846 utebantur
2065 834 2078 855 ,
2121 817 2347 857 eorumque

1312 874 1495 903 maxima
1520 861 1800 904 tamiliaritate
1829 859 2059 913 gaudebant
2083 875 2092 901 :
2143 859 2346 903 effusiores

1310 917 1425 960 enim
1459 918 1558 962 servi
1593 918 1681 961 suut
1713 918 1761 961 ad
1792 917 2102 971 adulationem,
2134 933 2213 973 qua
2246 916 2352 960 mire

1312 975 1477 1028 tyranni
1509 975 1756 1031 capiuntur,
1789 991 1835 1018 ac
1867 991 2003 1018 rerum
2035 973 2354 1017 administratio-

1313 1047 1409 1075 nem
1442 1049 1464 1074 a
1497 1032 1630 1076 liberis
1650 1032 1888 1075 hominibus
1909 1032 2064 1088 prorsus
2084 1031 2351 1084 auferebant3

1313 1103 1381 1132 aut
1413 1090 1496 1134 illis
1527 1103 1691 1134 tantum
1723 1105 1771 1133 ex
1807 1089 2028 1133 liberorum
2063 1104 2236 1132 numero
2265 1101 2354 1130 tra-

1313 1147 1463 1191 debant
1491 1179 1502 1200 ,
1533 1164 1634 1203 quos
1667 1160 1832 1203 propter
1857 1147 1992 1190 animi
2028 1146 2314 1197 subies-’tionem
2342 1174 2355 1199 ,

1315 1221 1360 1247 ac
1394 1206 1694 1260 turpitudinem
1729 1205 1808 1247 sors
1839 1205 1886 1246 ad
1919 1205 2178 1256 libertatem,
2208 1202 2256 1245 ad
2279 1202 2358 1245 ser-

1316 1262 1490 1325 yitutem
1523 1278 1621 1306 vero
1653 1275 1798 1306 natura
1831 1261 1979 1307 tulisset
2004 1294 2013 1305 .
2049 1261 2113 1304 Ad
2147 1276 2207 1303 res
2237 1260 2354 1303 enim

1316 1321 1478 1370 injustas
1509 1352 1521 1374 ,
1553 1335 1675 1376 atque
1701 1333 1843 1375 turpes
1867 1351 1880 1372 ,
1908 1319 2000 1371 justi
2033 1318 2226 1362 homines
2250 1348 2264 1371 ‚
2312 1316 2358 1361 ὃ(

1317 1377 1473 1420 honesti
1519 1377 1716 1432 praecipue
1767 1377 1938 1432 ingenui
1977 1408 1989 1429 ,
2041 1388 2161 1431 atque
2195 1389 2357 1418 veraces

1318 1434 1469 1478 nullius
1501 1435 1676 1478 omnino
1711 1434 1799 1477 sunt
1830 1434 1919 1477 usus
1946 1450 1956 1475 z
2002 1433 2151 1490 quippe
2192 1432 2262 1490 qui
2295 1431 2360 1477 di=

1318 1492 1530 1547 sciplinam
1562 1508 1653 1536 eam
1677 1491 1789 1536 ultro
1809 1492 2034 1548 ignorant,
2067 1488 2115 1535 ac
2133 1491 2361 1536 vehemen-

1319 1562 1381 1592 ter
1405 1550 1663 1592 ..abhorrent.
1699 1550 1796 1593 Ideo
1828 1549 1898 1594 sub
1931 1551 2116 1604 tyrannis
2149 1548 2230 1591 illis
2255 1548 2362 1599 jace-

1322 1607 1418 1648 bant
1438 1605 1832 1650 elevatiores‘animi
1858 1639 1870 1658 ,
1901 1620 2020 1662 atque
2045 1605 2238 1649 omnium
2263 1621 2362 1649 con-

1319 1664 1500 1707 tumeliis
1535 1664 1726 1719 patebant
1753 1697 1766 1717 ‚
1810 1680 1906 1709 cum
1948 1664 2079 1707 animi
2114 1663 2359 1719 magnitudo

1319 1738 1391 1776 pro
1423 1721 1556 1765 furore
1581 1723 1802 1766 ‘haberetur
1832 1755 1850 1765 ,.
1901 1722 2024 1766 Unde
2069 1723 2268 1765 Horatius
2300 1720 2360 1764 as-

1322 1779 1506 1825 sentandi
1552 1779 1677 1825 studio
1722 1782 1959 1824 Labeonem
2003 1778 2189 1822 adversus
2222 1783 2364 1834 Augu-

1319 1840 1422 1882 stum
1467 1838 1822 1882 contumaciorem
1865 1838 1910 1880 &
1949 1836 2263 1880 immoderatam
2291 1836 2363 1877 do-

1321 1896 1600 1939 minationem
1650 1895 1818 1938 liberius
1859 1900 2117 1937 accusantem
2166 1893 2357 1936 insanum

1323 1953 1547 2008 appellavit
1585 1984 1594 1995 .
1647 1955 1738 1996 Nec
1781 1952 1935 1995 mirum
1963 1983 1975 2004 ,
2027 1951 2053 1994 fi
2085 1950 2363 1993 dominatores

1317 2010 1454 2062 injusti
1489 2011 1664 2053 hostium
1697 2026 1870 2053 numero
1897 2009 2072 2052 habeant
2097 2007 2253 2058 justitiae
2276 2005 2365 2049 cul-

238 2093 335 2132 opes
367 2091 521 2120 clvium
545 2093 559 2116 ·:
593 2089 662 2130 qui
696 2088 789 2116 curn
823 2086 931 2114 inter
963 2072 997 2115 se
1029 2072 1076 2115 de
1111 2070 1269 2126 magni·
1323 2083 1459 2120 toreS,
1493 2069 1637 2124 quibus
1670 2081 1836 2123 propter
1867 2066 2108 2118 injustitiam
2137 2065 2226 2108 sunt
2250 2065 2367 2107 odio-

240 2135 406 2179 ficentia
437 2133 700 2177 aedificiorum
732 2160 742 2177 ,
785 2143 906 2184 atque
940 2128 1172 2180 mensarum
1204 2144 1271 2182 ap·
1326 2126 1374 2168 [i.
1409 2128 1627 2169 Honorem
1658 2137 1796 2169 autem
1821 2125 1976 2169 exteris
2003 2154 2016 2176 ,
2048 2138 2172 2178 quam
2204 2120 2366 2165 civibus

243 2205 383 2248 paratu
409 2224 422 2245 ,
463 2191 506 2234 ὃς
536 2189 708 2233 vestium
741 2187 782 2230 &
810 2186 1122 2241 supellee‘ril-ium
1143 2184 1263 2240 splen·
1331 2184 1537 2226 habebant
1570 2181 1828 2247 majorem-‚-
1857 2183 1901 2225 &
1943 2195 2038 2224 cum
2066 2179 2154 2222 illis
2187 2177 2319 2232 potius
2351 2207 2365 2229 ‚

241 2249 336 2294 dore
371 2248 492 2292 stulte
520 2245 864 2295 contenderent,
910 2243 1117 2286 sumtuum
1149 2258 1273 2285 aemu-

240 2306 397 2350 latione
422 2304 607 2360 proprias
637 2317 732 2357 opes
755 2301 1063 2353 extenuabant,
1096 2316 1142 2343 ac
1165 2300 1254 2355 prin

241 2364 342 2420 cipis
391 2361 622 2418 potentiam
667 2358 921 2402 extollebant
949 2389 960 2410 ,
1011 2373 1095 2400 non
1146 2355 1274 2399 solum

241 2434 408 2477 propter
437 2418 673 2470 discordias,
704 2430 791 2472 quae
824 2415 930 2458 inter
961 2430 1028 2458 eos
1060 2413 1276 2457 nasceban-

239 2490 334 2532 tur,
366 2478 409 2521 δι
438 2475 678 2520 offensiones
710 2474 946 2516 animorum
973 2504 984 2525 ,
1013 2472 1111 2515 dum
1146 2473 1276 2514 secum

242 2535 345 2580 fastu
369 2568 382 2589 ,
423 2534 466 2578 δι
497 2531 807 2589 magnificentia
839 2542 1044 2573 certarent
1074 2545 1086 2582 3
1134 2544 1276 2572 verum

243 2593 370 2637 etiam
411 2592 505 2648 quia
547 2591 642 2634 dum
675 2603 772 2644 opes
802 2588 1095 2639 absumerent,
1144 2587 1280 2629 minus

248 2649 384 2694 idonei
427 2648 569 2692 sensim
614 2647 882 2690 reddebantur
924 2645 972 2687 ad
1022 2643 1278 2687 resistendum

248 2705 407 2758 injustis
439 2704 646 2759 imperiis:
679 2719 725 2746 ac
757 2703 925 2745 demum
957 2700 1054 2757 quia
1079 2699 1280 2754 portoria,

247 2764 292 2808 &
326 2762 543 2818 vestigalia
571 2793 583 2813 ,
626 2776 712 2816 quae
755 2760 845 2803 sunt
878 2758 1115 2815 principum
1147 2772 1244 2810 opes
1271 2789 1282 2809 ,

247 2832 447 2877 augerent
478 2817 713 2861 arcessendis
736 2816 912 2860 exterius
936 2814 1156 2870 peregrinis
1177 2829 1264 2857 mer

248 2879 363 2923 cibus
397 2894 406 2919 t
457 2875 602 2932 quibus
620 2875 668 2917 >in
694 2874 833 2916 urbem
861 2872 1136 2916 convehendis
1159 2870 1284 2916 veffi-

247 2936 407 2991 galium
435 2965 449 2987 ‚
480 2946 600 2988 atque
634 2930 911 2987 portoriorum
945 2928 1146 2973 solutione
1169 2961 1183 2982 ,
1215 2929 1266 2971 bo

249 3007 303 3035 na
345 2993 596 3049 privatorum
640 2989 689 3031 ab
719 2987 857 3030 aerario
891 2986 1021 3039 princi
1056 3002 1125 3029 um
1148 2985 1284 3028 ‹absor-

249 3050 449 3093 bebantur
478 3064 493 3088 .·
541 3047 595 3089 ita
627 3058 672 3088 ut
700 3043 926 3098 Dionysius
960 3003 1289 3097 illsssyracufius

246 3107 395 3161 quinto
426 3120 586 3162 quoque
618 3117 731 3147 anno
764 3117 850 3144 rem
882 3100 1131 3144 familiarem
1155 3101 1285 3156 singu-

234 3163 387 3210 lorum
422 3161 614 3215 tributis,
644 3161 689 3205 δι
721 3157 986 3216 veffigalibus
1017 3157 1252 3203 exhauriret
1279 3188 1313 3224 ,υ

1327 2256 1451 2295 quam
1478 2256 1581 2283 veum
1614 2239 1677 2283 his
1707 2239 1940 2283 amicitiam
1966 2237 2194 2292 jungebant
2232 2250 2241 2275 τ
2276 2248 2368 2288 pro-

1334 2311 1468 2351 pterea
1499 2297 1605 2353 quod
1637 2298 1776 2340 minus
1803 2297 1908 2338 fidos
1939 2296 2135 2348 putabant
2166 2291 2236 2334 sibi
2262 2289 2370 2344 fore,

1329 2370 1429 2410 quos
1462 2355 1747 2410 opprimerent
1772 2384 1785 2402 ,
1829 2367 1953 2408 quarn
1980 2350 2078 2393 illos
2103 2381 2115 2402 ‚
2159 2363 2260 2405 quos
2292 2348 2368 2389 ho-

1330 2427 1428 2455 nore
1457 2442 1470 2465 ,
1496 2427 1549 2454 ac
1575 2410 1697 2453 donis
1729 2411 1934 2453 afficerent
1968 2439 1977 2450 .
2031 2407 2196 2462 Ingenti
2230 2417 2374 2459 praete-

1328 2485 1394 2513 rea
1427 2467 1745 2525 magnificentia
1779 2466 1891 2510 ludos
1922 2465 2195 2520 apparabant:
2231 2460 2370 2505 festos.-

1328 2542 1403 2582 que
1435 2524 1519 2568 dies
1554 2525 1697 2569 crebro
1730 2525 2022 2567 celebrabant:
2058 2534 2101 2564 ut
2135 2518 2371 2576 spes’taculis

1331 2583 1412 2626 illis
1452 2584 1628 2638 populus
1658 2598 1680 2626 a
1712 2581 1965 2638 cogi-tatione
1998 2594 2132 2623 rerum
2165 2591 2370 2620 novarum

1332 2639 1625 2684 abstraheretur
1648 2672 1661 2693 ,
1702 2640 1743 2683 8<
1787 2654 1927 2682 amore
1973 2634 2174 2691 praesent-is
2202 2633 2324 2676 status
2357 2662 2371 2686 ,

1332 2713 1377 2740 ac
1423 2698 1667 2739 mutationis
1709 2697 1802 2740 odio
1845 2706 2056 2746 caperetur
2086 2690 2243 2734 deliciis
2273 2689 2373 2731 irre-

1338 2754 1432 2797 titus
1465 2784 1478 2806 ,
1520 2752 1564 2796 &
1594 2754 1782 2797 cantibus
1807 2785 1820 2805 ‚
1863 2753 2008 2808 quibus
2051 2762 2195 2792 eor-um
2238 2745 2371 2789 animi

1340 2811 1582 2861 laxabantur
1609 2841 1618 2852 .
1664 2809 1880 2853 Adulteria
1905 2823 2006 2850 vero
2027 2837 2039 2858 ,
2069 2804 2202 2848 aleam
2225 2835 2237 2856 ,
2267 2815 2375 2846 cete-

1339 2883 1456 2923 raque
1492 2879 1665 2922 ‘peccata
1709 2867 1897 2920 graviora
1942 2863 2112 2906 libenter
2148 2860 2379 2904 >dissimula-

1339 2927 1435 2968 bant
1459 2956 1474 2978 ,
1502 2924 1638 2967 *immo
1669 2923 1711 2966 &
1744 2921 1930 2966 consulto
1962 2919 2198 2963 nutri-ebant
2226 2934 2238 2971 3
2269 2930 2315 2961 ut
2347 2917 2375 2959 si

1340 2981 1556 3038 aliquando
1587 2979 1766 3035 aliquem
1799 2978 1968 3022 oderent
1992 3009 2004 3029 ,
2050 2976 2162 3020 illius
2203 2976 2373 3030 perden-

1340 3041 1377 3082 di
1412 3039 1572 3082 causam
1604 3037 1647 3080 in
1682 3049 1875 3091 promptu
1902 3034 2102 3077 haberent
2130 3065 2143 3087 ,
2191 3030 2376 3076 summis-

1343 3097 1387 3140 sis
1416 3094 1715 3139 accusatoribus
1733 3125 1751 3146 „
1794 3094 1862 3149 qui
1898 3093 2056 3136 crimen
2085 3092 2133 3135 in
2164 3089 2375 3133 oblivione

1339 3153 1475 3208 jacens
1505 3164 1737 3210 opportune
1769 3149 2005 3196 suscitarent
2030 3182 2039 3192 .
2095 3150 2383 3204 Quamobrem

2296 3214 2359 3255 ty-
