2524 3479
588 56 997 120 PRAEFATto
1036 28 1410 117 ooTFRmt
1454 43 1848 116 MAscov'n.
2096 68 2199 117 m
2220 82 2238 117 1
2260 83 2280 118 1

155 158 292 209 quem
330 138 602 189 nebulonem
637 142 682 187 &
715 137 1074 186 studiofiffimum
1109 138 1361 186 thrasonem
1399 156 1531 185 vocat
1553 137 1597 184 in
1618 138 1799 202 dialogo
1813 137 1865 183 de
1885 136 2216 202 linguaLatina
2235 139 2289 186 ad

151 208 500 257 Emmanuelem
519 205 875 269 Martinum,qui
893 205 1050 265 satyris
1068 205 1244 253 SeE‘tani
1267 222 1392 253 notas
1409 206 1665 269 apposuerat
1683 204 1849 251 amoris
1871 203 1914 250 in
1929 206 2176 253 Gravinam
2198 207 2290 270 ple-

153 276 354 324 niffimas
372 310 384 322 .
423 279 477 322 In
512 274 702 337 ejusdem
727 272 924 319 Martini
942 273 1156 337 amplexu
1176 273 1445 337 postremum
1466 272 1665 336 spiritum
1688 271 1877 319 reddidit
1893 271 2097 318 Gravina
2116 309 2127 330 ‚
2165 289 2213 321 ut
2232 291 2288 320 ex

149 343 333 390 aureola
352 341 474 389 illius
494 341 677 406 epistola
696 338 972 404 intelligitur
991 375 1003 398 ‚
1039 358 1171 404 quam
1194 340 1275 387 suis
1297 339 1478 387 inseruit
1497 341 1741 403 Gregorius
1763 339 2005 399 Majaniius
2026 376 2038 396 ,
2067 339 2291 386 Anteces-

138 408 219 457 'isor
253 409 523 457 Valentinus
541 444 552 454 .
594 411 755 472 Neque
785 404 871 472 ipse
906 407 1136 454 Martinus
1158 408 1348 454 Poeticae
1368 406 1601 453 suavitatis
1619 425 1775 469 expers
1795 423 1884 452 erat
1906 443 1916 451 .
1956 406 2149 471 Legitur
2172 407 2287 469 apud

138 475 412 540 Majanfium
433 475 707 540 epigramma
726 474 819 536 ejus
837 472 1035 538 lepidum
1055 477 1096 521 ὃς
1117 475 1352 522 venustum
1372 473 1426 520 de
1445 473 1573 521 libris
1592 473 1675 521 suis
1690 472 1947 537 bibliopola?
1962 472 2139 520 cuidam
2161 475 2288 519 Lon-

144 542 311 590 dinensl
331 542 529 590 venditis
549 578 561 599 ,
583 559 635 589 ne
653 539 872 591 scombris
891 539 1122 606 piperique
1140 541 1299 589 fierent
1317 541 1478 588 cuculli
1499 557 1572 588 aut
1590 540 1737 588 thuris
1759 540 1992 587 involucra
2012 575 2022 586 .
2058 539 2292 587 Laudatur

142 609 284 657 etiam
303 609 527 672 Majansio
549 607 933 672 Metamorphosis
951 608 1043 669 ejus
1063 645 1075 666 ‚
1096 627 1183 674 qua
1200 626 1365 666 arcam,
1383 608 1692 656 vicennalium
1711 606 2124 672 peregrinationum
2147 605 2289 653 comi-

142 692 236 730 tem
259 713 270 734 ,
289 675 506 724 itinerum
525 675 687 723 attritu
705 693 754 723 ac
772 675 990 723 vetustate
1010 675 1292 724 fatiscentem
1309 674 1497 741 quadam
1519 675 1664 724 veluti
1685 674 2020 723 consecratione
2042 673 2160 721 inter
2178 673 2289 721 astra

143 743 344 790 collocat
361 779 372 791 .

210 810 403 858 Crimen
423 826 572 858 autern
594 809 871 874 potiflimum
893 845 907 867 ‚
944 810 1065 874 quod
1084 809 1258 858 homini
1275 810 1490 873 objicitur
1510 848 1521 868 ,
1539 809 1648 858 illud
1668 809 1806 876 plagii
1828 811 1886 857 est
1907 847 1918 866 ‚
1936 810 2026 874 quo
2046 807 2250 857 Manutii
2270 844 2284 867 ‚

145 876 322 939 Cujacii
345 914 356 934 ‚
394 877 668 924 Gothofredi
689 914 702 934 ‚
720 880 763 923 &
783 877 978 926 aliorum
995 877 1153 924 scrinia
1171 878 1428 940 compilaffe
1448 877 1833 924 diciturGravina
1851 913 1861 923 .
1888 878 2104 942 Amplius
2121 914 2132 935 ‚
2162 875 2286 922 dam-

146 961 206 991 no
240 943 444 1006 adjecisse
464 945 602 991 fertur
619 944 946 991 contumeliam
970 981 982 1001 ,
1019 946 1127 991 &in
1149 945 1409 991 Manutium
1431 944 1477 992 iu
1498 945 1657 1008 primis
1676 945 1786 1008 justo
1807 944 1929 996 fuisse
1950 944 2107 991 durior
2125 980 2136 1001 ‚
2174 943 2287 1007 post-

145 1027 280 1074 quam
301 1010 340 1057 ei
361 1011 553 1074 plurima
572 1010 848 1057 subtraxisset
864 1046 874 1056 .
894 1011 996 1067 Sed,
1018 1027 1065 1057 ut
1082 1010 1178 1058 otio
1199 1011 1330 1058 hodie
1351 1011 1472 1058 abuti
1495 1012 1581 1058 fine
1599 1011 1737 1057 dubio
1758 1011 2014 1069 videretur,
2033 1011 2108 1076 qui
2130 1009 2287 1069 spretis

145 1092 214 1123 tot
234 1078 494 1140 capitalium
514 1077 800 1142 ingeniorum
822 1077 942 1125 inter
959 1078 1231 1125 recentiores
1249 1079 1367 1125 curis
1388 1115 1399 1134 ,
1438 1078 1482 1124 in
1512 1077 1763 1142 originibus
1782 1079 1888 1140 juris
1908 1078 2056 1125 civilis
2073 1078 2285 1142 indagan-

146 1142 214 1188 dis
245 1143 362 1190 solos
380 1159 553 1190 veteres
570 1145 712 1191 adiret
734 1161 745 1189 t
783 1143 837 1190 fic
857 1162 947 1190 non
968 1145 1461 1208 plagiariusco-nfestim
1482 1144 1692 1191 dicendus
1712 1145 1773 1192 est
1791 1145 1824 1191 is
1842 1145 1918 1208 qui
1938 1144 2134 1209 optimos
2152 1146 2285 1192 duces

146 1208 346 1273 sequitur
368 1245 378 1256 .
415 1210 598 1257 Honori
638 1208 839 1255 nominis
858 1225 978 1256 certe
997 1227 1240 1273 numquam
1260 1211 1405 1256 noster
1425 1211 1616 1274 pepercit
1639 1247 1650 1268 ,
1690 1211 1765 1275 qui
1801 1213 2070 1258 Manutium
2094 1248 2106 1268 ‚
2147 1211 2284 1273 Cuia-

143 1275 266 1322 cium
289 1312 301 1334 ,
340 1277 674 1324 Gorhofredum
697 1312 707 1331 ‚
748 1275 943 1338 reliquos
963 1277 1115 1339 paffim
1133 1277 1281 1323 laudat
1303 1314 1314 1335 ‚
1349 1280 1392 1323 &
1413 1275 1547 1323 etiam
1568 1277 1595 1322 si
1617 1276 1880 1324 Manutium
1900 1278 2033 1324 semel
2055 1277 2285 1325 &iterum

145 1343 287 1406 carpit
307 1377 321 1399 ,
360 1343 499 1407 carpit
521 1343 609 1389 fine
648 1342 752 1389 felle
773 1378 786 1399 ,
826 1342 1110 1407 eundemque
1129 1344 1374 1408 principem
1398 1347 1613 1390 Romanae
1632 1342 1913 1408 antiquitatis
1933 1345 2124 1408 appellat
2143 1347 2173 1390 l.
2198 1361 2285 1391 1.c.

148 1411 224 1457 18.
263 1411 483 1456 Ceterum
523 1428 615 1456 non
653 1427 753 1456 eum
792 1409 978 1472 quidem
1018 1408 1188 1474 ingenii
1228 1411 1435 1474 vigorem
1472 1427 1547 1456 aut
1585 1428 1682 1458 eam
1719 1410 1889 1475 ingenii
1929 1411 2192 1458 felicitatem
2234 1409 2283 1458 in

139 1474 292 1522 nostro
331 1476 616 1523 observamus
651 1513 663 1534 ,
717 1494 854 1541 quam
891 1475 936 1523 in
975 1474 1061 1523 suis
1099 1477 1214 1524 olim
1253 1479 1444 1525 alumnis
1481 1478 1633 1525 Gallia
1664 1515 1676 1536 ‚
1716 1478 1861 1525 nostra
1898 1493 2025 1524 aetate
2066 1478 2279 1542 Belgium

136 1539 333 1606 suspexit
364 1561 374 1589 :
417 1542 642 1607 saepiffime
681 1560 833 1590 tamen
873 1562 973 1593 eum
1014 1544 1312 1608 deprehendas
1351 1563 1408 1591 ex
1448 1544 1598 1608 {uapte
1633 1563 1746 1610 penu
1786 1560 2072 1609 promentem
2110 1545 2282 1592 senten-

135 1606 231 1656 tias
249 1645 262 1665 ,
304 1609 458 1674 spretis
495 1609 790 1673 opinionibus
828 1610 1005 1672 Cujacii
1044 1614 1088 1658 ὃς
1125 1611 1429 1659 Gothofredi'.

204 1675 291 1722 Sed
343 1676 527 1724 forsitan
565 1678 872 1743 semipaganus
911 1693 1002 1724 erat
1033 1678 1301 1726 Vincentius
1332 1716 1344 1736 ‚
1384 1680 1461 1743 qui
1499 1684 1661 1739 Janum
1715 1679 1756 1726 se
1805 1680 2018 1745 appellari
2062 1679 2225 1729 maluit
2264 1717 2278 1741 ‚

133 1759 267 1806 quam
305 1746 523 1801 Joannem
548 1781 558 1801 ,
600 1747 644 1791 8<
681 1745 732 1791 de
768 1762 871 1790 ortu
909 1746 953 1791 ὃς
993 1745 1218 1810 progressu
1256 1746 1364 1808 juris
1402 1746 1554 1794 civilis
1592 1765 1624 1794 c.
1666 1762 1743 1806 25.
1783 1747 1900 1811 quod
1923 1748 2196 1796 exsecrandae
2211 1748 2281 1795 su-

134 1807 409 1873 perstitionis
446 1811 531 1858 fuit
551 1848 564 1868 ‚
601 1829 686 1875 qua
724 1811 855 1875 pulsls
893 1813 1070 1876 regibus
1105 1816 1289 1860 Senatus
1330 1817 1485 1862 Romae
1528 1815 1664 1862 modo
1693 1813 1738 1861 in
1759 1815 1928 1878 templa
1947 1815 2077 1873 jovis
2097 1852 2108 1871 ‚
2131 1816 2278 1879 Apol-

135 1875 242 1922 linis
263 1912 274 1932 ,
315 1878 481 1924 Martis
501 1915 511 1935 ‚
554 1880 751 1925 Bellonae
773 1915 784 1935 ‚
825 1879 1024 1926 Castoris
1045 1917 1057 1937 ‚
1096 1879 1365 1928 Concordiae
1403 1882 1540 1928 modo
1580 1881 1626 1928 in
1662 1880 1805 1928 curias
1836 1881 2113 1929 consultandi
2136 1882 2280 1929 caussa

137 1960 416 1991 convocatus
453 1945 539 1992 fuit
574 1982 585 2002 ‚
642 1944 852 2010 religioni
892 1945 1048 1993 tribuit
1089 1964 1292 1993 veterum
1332 1965 1463 2013 atque
1502 1948 1721 1995 honestati
1760 1984 1772 2006 ‚
1807 1965 1854 1996 ut
1895 1950 2149 1996 aberrantes
2184 1949 2280 1996 ani-

138 2007 202 2056 mi
259 2011 486 2073 praesentia
534 2011 732 2059 numinis
783 2013 834 2058 ad
883 2012 1098 2060 saniorem
1137 2014 1405 2061 ducerentur
1442 2015 1709 2062 sententiam
1746 2051 1757 2062 .
1814 2017 2022 2062 Tenebat
2062 2017 2147 2063 hoc
2187 2016 2280 2063 sen-

139 2075 284 2123 tiendi
323 2079 556 2125 cacoethes
596 2078 905 2141 Pomponium
944 2080 1058 2126 olim
1097 2083 1274 2127 Laetum
1294 2117 1305 2138 ,
1345 2081 1487 2147 ipsum
1525 2100 1705 2147 quoque
1743 2096 1793 2129 ut
1817 2080 2017 2130 diximus
2038 2083 2278 2131 Consenti-

137 2160 248 2190 num
288 2145 485 2209 adeoque
523 2145 669 2192 civem
705 2144 914 2192 Gravinae
935 2184 948 2204 ,
986 2147 1062 2211 qui
1103 2147 1291 2194 leffiioni
1330 2148 1599 2215 scriptorum
1639 2166 1912 2213 paganorum
1943 2150 2054 2197 adeo
2069 2150 2278 2198 adsueve-

138 2225 206 2256 rat
244 2246 257 2267 ,
313 2228 362 2257 ut
399 2247 410 2267 ,
450 2212 565 2259 ultra
605 2212 853 2276 progressus
874 2249 886 2269 ‚
927 2213 1064 2260 etiam
1104 2213 1220 2260 sacra
1260 2232 1427 2279 pagana
1466 2216 1594 2264 sacris
1632 2216 1902 2264 Christianis
1939 2217 2161 2281 praeferret
2182 2255 2193 2275 ,
2234 2220 2279 2265 ὃς

147 2293 288 2340 quum
331 2279 533 2325 Romulo
571 2297 689 2326 aram
732 2279 994 2327 condidiffet
1015 2317 1026 2338 ‚
1066 2298 1220 2345 parum
1259 2283 1407 2330 aberat
1430 2321 1442 2342 ,
1481 2284 1590 2348 quin
1630 2286 1835 2330 Romulo
1874 2283 2035 2332 hostias
2072 2285 2280 2332 immola-

139 2359 212 2390 ret
231 2380 244 2401 ‚
282 2344 588 2393 Christianam
627 2362 748 2392 certe
787 2346 1059 2412 religionem
1097 2347 1202 2395 solis
1237 2350 1427 2397 barbaris
1464 2350 1803 2415 relinquendam
1842 2350 2106 2415 opinaretur
2124 2388 2135 2398 .

205 2411 289 2457 Sed
310 2411 589 2459 Christianus
608 2413 668 2460 est
690 2412 962 2461 Vincentius
983 2451 994 2473 ,
1034 2433 1126 2461 non
1146 2433 1339 2480 paganus
1359 2419 1432 2464 vel
1448 2419 1565 2482 quasi
1587 2435 1778 2483 paganus
1800 2453 1811 2464 .
1855 2421 1988 2475 Janus
2009 2421 2127 2466 enim
2145 2437 2280 2483 quam

132 2479 330 2536 Joannes
349 2478 433 2526 dici
458 2481 631 2527 mavult
652 2499 805 2527 amore
824 2481 1114 2547 elegantioris
1128 2483 1623 2550 Latinitatis3Deorum
1644 2502 1791 2533 autem
1813 2484 2054 2549 religiones
2070 2486 2170 2533 ideo
2185 2502 2280 2534 tan-

134 2559 233 2593 tum
251 2547 539 2594 commendat
557 2583 570 2604 ,
589 2547 692 2612 quia
712 2566 767 2595 eae
790 2548 1045 2612 reipublicae
1066 2549 1326 2612 profuerunt
1348 2588 1359 2608 ‚
1401 2551 1535 2598 etiam
1558 2570 1698 2615 quum
1719 2570 1740 2597 a
1761 2551 1848 2597 fine
1869 2569 1978 2598 vero
2000 2553 2278 2618 religionum
2336 2555 2339 2560 ’

134 2614 181 2661 δε
219 2629 425 2660 extremo
446 2615 665 2661 bonorum
685 2616 890 2662 omnium
915 2652 926 2673 ,
968 2620 1025 2662 D.
1045 2620 1103 2662 O.
1125 2619 1195 2662 M.
1215 2635 1512 2682 evagarentur
1532 2636 1546 2681 3
1585 2621 1628 2666 ὃ(
1653 2635 1745 2665 rem
1767 2634 1958 2665 creatam
1975 2623 2176 2667 colerent
2198 2639 2277 2685 pro

139 2697 344 2728 creatore
363 2716 374 2727 .
419 2681 511 2745 Ipse
532 2697 650 2728 certe
668 2684 881 2745 Originum
900 2685 972 2730 lib.
993 2687 1049 2730 II.
1071 2702 1101 2729 c.
1121 2700 1200 2746 77.
1221 2702 1310 2748 quo
1330 2686 1448 2732 sacra
1462 2684 1716 2733 Christiana
1737 2684 1868 2731 sacris
1889 2686 2062 2734 confert
2083 2706 2278 2753 pagano-

136 2762 232 2794 rum
253 2784 266 2802 ,
304 2747 535 2796 simulacra
573 2748 870 2813 cupiditatum
911 2752 956 2797 8<
995 2751 1287 2798 affefflonum
1324 2753 1619 2799 humanarum
1659 2770 1738 2818 pro
1777 2753 2060 2803 Numinibus
2096 2755 2247 2802 habita
2263 2791 2276 2813 ‚

134 2812 424 2879 Martemque
463 2834 518 2862 ex
550 2817 844 2864 contentione
865 2854 877 2875 ‚
919 2835 973 2865 ex
1014 2818 1202 2864 libidine
1222 2823 1444 2868 Venerem
1467 2857 1479 2878 ,
1520 2838 1574 2867 ex
1613 2817 1812 2883 superbia
1831 2823 2058 2878 Junonem
2079 2858 2091 2880 ,
2133 2824 2277 2869 cultos

135 2877 300 2928 fatetur
320 2918 332 2939 .,
370 2883 514 2930 donec
535 2901 588 2929 ex
609 2883 675 2930 his
693 2884 920 2931 erroribus
938 2902 1074 2950 genus
1094 2886 1344 2934 humanum
1365 2888 1592 2935 emerserit
1614 2885 1832 2934 beneficio
1852 2888 2025 2935 Christi
2048 2923 2060 2945 ‚
2100 2890 2176 2952 qui
2200 2907 2276 2935 ve-

134 2961 183 2991 ra
220 2947 348 2994 nobis
376 2967 456 3013 pro
478 2949 590 2996 falsis
610 2951 824 2998 obtulerit
844 2952 1001 3017 gaudia
1020 2989 1030 2999 .
1073 2956 1213 3000 Porro
1245 2954 1290 3001 in
1308 2954 1515 3002 oratione
1550 2955 1603 3001 de
1622 2954 1822 3001 fontibus
1843 2955 2091 3019 repetendis
2110 2956 2276 3002 doeh-i-

135 3029 290 3058 narum
315 3049 327 3071 ‚
366 3018 502 3081 culpae
523 3017 620 3064 satis
639 3017 712 3064 fibi
735 3020 935 3066 conscius
955 3056 968 3077 ,
1009 3020 1236 3085 piamenta
1252 3040 1342 3069 non
1363 3022 1409 3069 in
1431 3022 1501 3069 sua
1518 3021 1684 3069 virtute
1705 3058 1716 3079 ,
1758 3020 1893 3068 sedin
1914 3022 2083 3071 Christi
2104 3059 2116 3080 ‚
2155 3022 2275 3085 quod

135 3094 204 3124 res
232 3079 293 3125 est
317 3115 330 3135 ‚
365 3082 519 3144 quaerit
541 3084 717 3131 meritis
733 3123 745 3144 ‚
785 3087 1029 3151 eademque
1050 3089 1311 3151 poenitendo
1331 3089 1409 3138 fibi
1429 3088 1629 3138 adsciscit
1650 3125 1663 3147 ‚
1701 3089 1821 3153 quod
1841 3089 2102 3138 caducarum
2126 3105 2272 3134 rerum

145 3147 517 3197 amoremortalia
534 3150 869 3203 immortalibus
885 3154 1144 3219 praetuliffet
1163 3193 1173 3205 .
1274 3169 1276 3171 ’
2086 3152 2208 3201 Illud
