2596 3479
842 119 982 177 DE
1066 121 1295 179 LEG

247 140 366 193 '232

1338 117 1675 195 ram,

256 202 311 243 est
337 232 348 253 ,
382 213 429 244 ac
461 207 666 244 certarum
701 197 916 255 regionum
964 197 1113 242 finibus
1144 198 1297 246 claudi·
1350 197 1531 243 testatem
1550 231 1562 254 ,
1595 199 1834 257 prohibetur
1864 198 2070 248 nobilibus
2095 231 2107 255 ‚
2139 217 2190 251 ne
2221 220 2290 264 per
2321 207 2380 252 fa«

258 269 356 312 tur,
391 257 607 314 patriisque
634 258 827 301 definitur
865 255 1045 311 legibus,
1076 257 1220 311 quibus
1252 257 1294 300 in

260 316 420 360 nobiles
451 316 706 367 referuntur,
738 325 940 370 quotquot
965 329 986 356 e
1013 314 1132 357 certis
1155 328 1295 358 crean-

259 387 328 419 tur
361 406 373 429 ,
420 374 604 430 notisque
638 371 808 415 familiis
833 404 842 413 .
886 370 1015 423 Cujus
1064 371 1295 415 nobilitatis

261 433 439 478 barbarae
470 432 649 488 'quoque
705 443 848 486 gentes
892 429 1150 485 potiuntur,
1190 431 1293 485 apud

220 498 223 500 ’
259 507 385 549 quos,
419 490 545 533 uti&
584 487 699 551 apud·
713 503 786 552 nos
811 487 944 543 plures
976 486 1161 541 nobiles,
1194 503 1294 543 quos

259 562 405 594 natura
435 558 598 603 propter
633 561 765 589 animi
810 556 1080 600 tenuitatem,
1115 560 1235 601 atque
1261 545 1290 587 i-

260 606 457 665 gnaviam
492 604 540 648 ad
575 616 810 661 perpetuam
847 603 1104 647 oblivionem
1127 635 1139 657 ,
1172 614 1292 657 atque

255 675 573 717 contemptum,
605 677 655 706 ex
692 660 911 704 illustribus
944 660 1113 704 familiis
1139 661 1181 703 in
1220 661 1294 703 suae

260 721 394 779 gentis
421 720 589 764 dedecus
612 718 863 774 procreavit.
885 721 987 774 Quae
1012 718 1198 761 locorum
1220 733 1289 760 no-

260 780 397 831 bilitas
420 779 623 822 bonorum
641 809 653 832 ,
685 790 805 834 atque
829 792 955 831 opum
981 775 1292 819 continuatione

264 838 530 890 sustentatur3
563 834 613 879 iis
654 850 751 880 vero
773 833 1066 887 defluentibus,
1099 832 1292 877 nobilitas

262 896 390 941 etiam
414 893 637 947 dilabitur;
668 894 761 948 quia
801 907 883 934 non
928 893 970 935 in
998 891 1178 947 praesenti
1211 891 1290 935 vir-

259 965 375 1008 tute,
409 952 508 997 sicut
533 951 640 1004 alia,
673 950 795 995 sedin
827 949 1047 993 hominum
1078 949 1291 1005 opinione,

259 1024 383 1068 atque
420 1008 695 1054 admiratione
732 1007 960 1051 fundatur:
995 1023 1083 1063 quae
1123 1007 1291 1062 opinio,

259 1070 304 1114 &
327 1067 543 1112 admiratio
567 1081 648 1110 una
673 1082 768 1110 curn
799 1064 1002 1108 memoria
1029 1077 1212 1109 veterum
1235 1065 1292 1108 fa-

260 1128 452 1171 cinorum
489 1123 631 1168 sensim
674 1123 961 1179 extinguitur,
995 1123 1062 1166 ubi
1100 1138 1170 1176 ea,
1203 1123 1290 1178 qui-

264 1186 334 1228 bus
383 1183 658 1227 fulciebantur
690 1182 892 1225 exteriora
937 1192 1182 1224 ornamenta
1208 1212 1220 1233 ,
1251 1180 1294 1223 δί

263 1242 443 1298 antiquat
477 1240 645 1284 virtutis
680 1239 834 1282 indicia
866 1238 1150 1294 disperierint.
1183 1240 1294 1294 Qua-

262 1312 426 1357 propter
464 1299 584 1342 siatus
618 1298 871 1352 optimatum
916 1296 1020 1339 refie
1055 1295 1294 1339 constitutus

262 1357 342 1403 erit
366 1389 380 1411 ,
422 1356 585 1413 quando
623 1355 678 1398 ibi
711 1355 888 1397 honores
922 1354 1128 1397 invenerit
1153 1385 1164 1405 ,
1209 1369 1292 1396 non

255 1415 390 1461 >modo
409 1415 473 1467 id,
505 1412 611 1471 quod
643 1412 839 1469 opinione
876 1410 1037 1454 ducitur
1067 1411 1294 1466 optimum,

264 1488 414 1529 nempe
452 1486 629 1528 propago
661 1469 864 1512 nobilium
887 1500 899 1522 ,
935 1469 993 1512 sed
1029 1468 1128 1512 illud
1162 1469 1293 1512 maxi-

263 1546 357 1584 me,
390 1529 497 1587 quod
529 1541 673 1571 natura
692 1528 901 1582 optimum
922 1525 1070 1580 fuerit,
1099 1526 1295 1569 homines

264 1604 414 1644 nempe
450 1587 644 1643 ingeniO,
677 1583 886 1637 domina,
917 1583 960 1626 &
995 1583 1175 1626 moribus
1201 1583 1293 1626 illu-

263 1648 382 1691 stres:
418 1644 487 1702 qui
524 1644 549 1687 si
587 1641 848 1685 nobilitatem
875 1640 1129 1684 transferunt
1162 1641 1202 1684 in
1249 1641 1295 1684 fi-

262 1705 363 1757 lios,
396 1701 528 1747 multo
550 1699 749 1752 majorem
789 1710 894 1743 certe
925 1698 1144 1754 praeferunt
1170 1699 1212 1742 in
1241 1698 1296 1742 se—

263 1761 475 1817 metipsis.
507 1760 668 1803 Verum
710 1758 737 1801 si
772 1773 821 1801 eo
847 1758 888 1801 in
925 1757 1125 1812 regimine
1161 1756 1293 1812 magi-

264 1821 433 1864 stratum
458 1818 627 1874 capiunt
659 1831 744 1860 non
780 1815 935 1868 solum,
967 1815 1034 1871 qui
1063 1815 1151 1858 sunt
1179 1814 1295 1857 nobi-

268 1879 324 1922 les
358 1894 380 1921 a
418 1875 673 1928 majoribus,
705 1890 850 1918 verum
885 1873 1010 1917 etiam
1053 1874 1121 1929 qui
1161 1888 1184 1915 a
1221 1872 1296 1915 suis

265 1935 509 1988 virtutibus,
540 1932 729 1990 quamvis
750 1930 881 1988 plebei
897 1930 1079 1986 generis:
1113 1945 1294 1986 quonam

265 2004 513 2050 argumento
556 1990 740 2045 regimen
764 1989 1017 2045 optimatum
1055 2005 1077 2032 a
1109 1987 1294 2044 populari

260 2053 364 2096 statu
397 2049 707 2093 discernemus?
746 2049 808 2090 Ita
844 2046 1072 2100 nimirum,
1104 2047 1129 2089 {i
1165 2045 1292 2100 magi-

259 2110 454 2153 stratuum
480 2107 731 2150 creationem
762 2121 846 2148 non
874 2105 1051 2160 populo,
1089 2104 1149 2147 sed
1175 2103 1292 2146 nobi·

262 2167 366 2211 lium
401 2164 596 2221 suffragiis
630 2163 980 2216 committemus,
1012 2174 1057 2206 ut
1090 2176 1213 2218 quem
1249 2160 1296 2204 ad

261 2224 545 2279 magistratum
585 2221 800 2277 perducere
841 2219 1015 2273 velint,
1057 2220 1184 2263 etiam
1218 2217 1244 2261 si
1276 2233 1297 2260 e

261 2282 378 2339 plebe
403 2281 450 2324 fit
475 2279 826 2335 suscipiendus,in
853 2293 1076 2321 numerum
1100 2288 1295 2332 cooptent

262 2340 451 2384 suorum.
487 2338 602 2380 Nam
626 2336 799 2380 &inter
825 2338 1067 2387 Romanos,
1100 2333 1168 2390 qui
1208 2334 1290 2376 Cu-

197 2430 207 2438 .
261 2397 370 2442 rules
396 2394 650 2452 magistratus
673 2394 894 2449 gesserant,
926 2393 996 2436 etsi
1025 2391 1183 2447 patricii
1213 2405 1296 2433 non

263 2456 418 2508 essent,
451 2452 703 2498 senatorium
741 2465 883 2495 tamen
918 2450 1104 2494 ordinem
1148 2449 1191 2491 &
1240 2447 1299 2500 jus

265 2511 493 2570 imaginis,
527 2525 675 2564 nempe
697 2509 961 2552 nobilitatem
981 2506 1298 2564 assequebantur.

265 2571 337 2617 Est
371 2571 415 2614 δε
448 2567 529 2613 alia
565 2568 815 2623 optimatum
860 2565 1084 2622 respublica
1116 2565 1212 2608 huic
1250 2579 1298 2607 ex

265 2627 431 2672 adverso
470 2625 713 2682 respondens
739 2657 751 2679 ,
783 2623 851 2668 ubi
881 2656 893 2677 ,
926 2622 996 2668 etsi
1030 2622 1301 2678 magistratus,

266 2686 311 2730 &
336 2686 510 2728 honores
548 2684 666 2727 certis
698 2682 894 2735 familiis,
929 2696 1075 2736 nempe
1114 2679 1203 2722 solis
1227 2694 1298 2721 no-

268 2742 417 2786 bilibus
440 2740 697 2785 deserantur:
728 2754 867 2783 tamen
891 2738 1000 2794 plebs
1018 2754 1099 2781 una
1118 2753 1215 2781 cum
1240 2752 1299 2780 ce-

267 2801 365 2845 teris
412 2800 460 2842 ad
502 2798 733 2853 suffragium
770 2797 1004 2840 admittitur
1034 2811 1046 2849 3
1078 2806 1122 2838 ut
1159 2797 1304 2838 Romae

267 2858 417 2916 primis
432 2855 663 2899 Consulum
686 2855 937 2910 temporibus
961 2852 1179 2896 usitabatur
1195 2884 1204 2895 .
1223 2854 1304 2895 Dat

266 2916 383 2962 enirn
414 2913 567 2971 populo
604 2911 913 2967 magistratuum
939 2911 1206 2955 creandorum
1234 2926 1299 2967 po-

729 3047 834 3057 -ψ-ι-

265 3051 476 3065 -ιι--ἠ

313 3086 370 3127 (⁹)
397 3089 468 3119 Hoc
491 3082 624 3128 quidem
650 3081 896 3116 loeo.·Gravina
921 3080 961 3112 ad
985 3080 1176 3122 exemplum
1211 3079 1325 3114 solium

264 3131 471 3172 Reipublicae
524 3134 680 3162 Romnnae
710 3128 814 3160 totius
852 3125 933 3164 iuris
970 3126 1092 3168 publici
1119 3125 1306 3159 universalis

272 3177 451 3213 ambitum,
470 3174 610 3209 metitur
625 3197 634 3207 .
665 3172 764 3207 Nihil
790 3179 901 3206 autem
927 3171 1015 3204 obest
1030 3193 1042 3213 ,
1067 3181 1126 3205 cur
1140 3170 1175 3204 in
1192 3171 1310 3205 Aristo-

1345 257 1500 300 &rones
1530 257 1583 321 ad·
1611 257 1645 302 se
1675 260 1817 304 omnia
1859 273 2106 305 convertant
2132 294 2140 305 .
2186 267 2235 308 In
2268 265 2374 321 opti-

1346 325 1505 377 matum
1530 327 1655 368 igitur
1674 317 1774 380 statu
1807 318 1984 362 minime
2018 319 2201 364 alterutri
2233 324 2293 374 (⁸)
2325 338 2375 366 ex

1347 371 1525 436 partibus
1541 376 1830 433 'committitur
1871 389 2114 433 utrumque:
2149 378 2204 420 ita
2237 393 2282 422 ut
2308 379 2373 423 vel

1345 427 1500 472 nobiles
1536 445 1596 480 jus
1633 430 1825 477 habentes
1858 434 2137 490 suffragiorum
2189 435 2374 492 suffragio

1342 485 1512 550 exclusis
1537 487 1687 542 plebeis
1710 520 1722 543 ‚
1755 503 1895 534 tamen
1927 509 1976 536 ex
2006 492 2064 535 eis
2095 492 2296 535 assumant
2327 495 2374 536 ad

1344 544 1599 600 magistratus
1627 577 1638 599 ,
1671 563 1770 603 quos
1801 548 2020 593 virtutibus
2053 551 2247 593 noverint
2279 549 2377 593 illu-

1338 598 1437 646 slros
1458 601 1567 665 „vel
1600 603 1627 646 si
1660 603 1750 648 solis
1784 607 1988 651 nobilibus
2022 608 2274 662 magistratus
2307 623 2374 661 pa-

1343 672 1450 714 teat,
1481 675 1543 713 Jus
1572 676 1716 705 eorum
1746 664 2013 708 creandorum
2048 665 2199 721 populo
2225 664 2374 710 tribua-

1344 730 1435 761 tur'
1516 776 1655 821 CA
1716 778 1852 821 PU
1912 779 1955 821 T
2073 779 2200 822 xiv.

1628 893 1696 937 De
1726 893 1861 937 ordine
1889 894 2016 938 medio
2047 894 2223 938 civium.

1450 1006 1582 1050 Erum
1635 1008 1731 1070 quia
1762 1008 1920 1065 plebeii
1954 1009 2194 1066 plerumque
2235 1006 2380 1052 animo

1453 1064 1558 1128 ⁸sunt
1597 1065 1753 1116 abierim
1780 1098 1792 1120 ,
1836 1067 1880 1110 ὃς
1914 1068 1961 1110 ad
1996 1067 2118 1111 civile
2163 1067 2375 1110 servitium

1344 1135 1490 1175 proni,
1522 1121 1588 1185 vel
1615 1124 1663 1165 ad
1686 1123 1948 1167 insolentiam
1979 1124 2230 1180 praecipite33
2264 1123 2382 1166 nobi·

1345 1179 1400 1242 les
1423 1194 1521 1222 vero
1547 1180 1838 1237 inbsuperbiarn
1858 1182 1954 1226 elati
1989 1182 2110 1226 facile
2133 1182 2181 1225 ad
2208 1180 2376 1233 injurias

1343 1236 1646 1301 impelluntur3
1679 1239 1767 1282 ideo
1793 1239 1819 1283 si
1840 1239 1947 1284 nihil
1973 1240 2080 1284 inter
2107 1237 2383 1296 plebej0s‚'&

1344 1293 1499 1357 nobiles
1532 1309 1850 1352 interponatur,
1884 1297 2036 1354 ipsique
2058 1298 2239 1342 invicem
2266 1310 2385 1339 com-

1344 1365 1590 1415 mittantur3
1623 1367 1692 1403 aut
1727 1355 1903 1398 alterum
1931 1371 2058 1411 genus
2081 1357 2131 1398 ab
2156 1354 2284 1398 altero
2309 1353 2378 1396 de-

1345 1422 1581 1464 primetur,
1625 1423 1694 1455 aut
1737 1413 1894 1456 assiduis
1928 1413 2189 1456 seditionibus
2233 1410 2390 1455 misere‘

1343 1466 1596 1511 fluE'tuabunt
1621 1500 1631 1510 .
1678 1469 1794 1514 Hinc
1832 1485 2026 1514 numerus
2069 1469 2274 1526 augendus
2309 1482 2379 1511 eo-

1343 1540 1433 1567 rum
1455 1556 1467 1579 ‚
1498 1525 1568 1581 qui
1605 1526 1730 1570 medii
1767 1528 1886 1570 status
1921 1530 2030 1572 cives
2065 1525 2325 1583 appellantur
2361 1539 2373 1566 t

1342 1597 1517 1637 quorum
1555 1597 1721 1638 propter
1757 1584 2087 1628 mediocritatem
2122 1583 2380 1635 divitiarum,

1342 1640 1385 1681 &
1426 1638 1712 1703 educationem
1758 1643 1868 1685 inter
1904 1640 2040 1686 literas
2093 1641 2138 1685 ὅτ.
2192 1638 2380 1684 liberales

1343 1708 1449 1740 artes
1473 1713 1638 1742 animus
1670 1699 1725 1742 ita
1763 1700 2057 1756 ‘'componitur,
2091 1711 2136 1743 ut
2161 1714 2291 1754 neque
2321 1697 2382 1740 vi-

1345 1753 1471 1798 lescat
1491 1755 1661 1811 egestate
1677 1788 1689 1811 ,
1713 1772 1841 1814 neque
1860 1758 2072 1814 opulentia
2093 1769 2277 1810 tumeat,
2311 1769 2385 1798 ne-

1343 1828 1420 1868 que
1434 1814 1657 1876 'communi
1676 1814 1926 1869 plebeiorum
1942 1848 1955 1869 ,
1969 1816 2013 1859 ὃς
2037 1814 2241 1858 nobilium
2270 1827 2382 1856 mor-

1345 1871 1395 1912 bo
1427 1872 1665 1926 ignorantia
1702 1872 1976 1927 obstupescat.
2009 1871 2220 1928 Hujusque
2260 1871 2383 1913 status

1344 1929 1457 1992 cives
1484 1927 1780 1973 libramentum
1808 1931 1897 1973 sunt
1923 1929 2077 1986 plebis,
2108 1929 2152 1973 ἃ,
2187 1927 2384 1972 nobilita·-

1345 1998 1395 2028 tis
1416 2001 1425 2027 τ
1451 2001 1546 2029 nam
1571 2000 1713 2030 contra
1742 1987 1999 2031 exultantem
2029 1986 2289 2030 nobilitatem
2314 1999 2382 2028 or-

1345 2043 1395 2085 do
1419 2042 1487 2088 hic
1511 2043 1617 2099 plebi
1642 2044 1851 2096 adjunetus
1874 2045 2031 2090 utiliter
2053 2056 2307 2100 opponetur:
2336 2041 2382 2084 &

1346 2113 1488 2144 contra
1521 2100 1786 2164 insolentiam
1824 2103 1951 2159 plebis
1991 2102 2200 2146 nobilibus
2231 2114 2381 2154 ovpor·

1347 2171 1444 2223 tune
1475 2159 1717 2216 adjungetur
1747 2177 1757 2202 τ
1793 2160 1849 2204 ita
1879 2174 1925 2208 ut
1953 2193 1966 2217 ,
1999 2160 2251 2204 utroversum
2283 2157 2385 2200 ordo

1348 2217 1413 2260 iste
1445 2217 1631 2270 flexerit,
1665 2219 1801 2263 lances
1831 2231 2122 2276 exaequentur,
2154 2231 2278 2272 quam
2300 2217 2387 2257 Ro-

1348 2289 1470 2317 mana
1502 2275 1723 2330 respublica
1755 2275 1980 2328 utilitate-m
2007 2277 2057 2319 ab
2078 2273 2297 2330 Equitibus
2316 2287 2385 2314 ca-

1348 2331 1507 2386 piebat.
1540 2335 1678 2388 Atque
1702 2333 1734 2375 is
1759 2333 1857 2375 ordo
1878 2333 2036 2375 medius
2060 2331 2166 2374 hanc
2186 2331 2314 2373 etiarn
2340 2343 2384 2371 e-

1347 2389 1533 2446 gregiam
1579 2389 1808 2444 reipublicae
1842 2391 2014 2433 navabit
2048 2403 2247 2445 operam:
2283 2400 2384 2428 nam

1349 2449 1391 2490 in
1430 2462 1510 2503 qua
1549 2446 1718 2490 civitate
1756 2447 1934 2490 honores
1975 2460 2144 2490 tantum
2183 2443 2390 2488 nobilibus

1351 2505 1598 2548 mandantur
1628 2520 1641 2558 3
1672 2504 1926 2560 plebeiorum
1963 2504 2158 2560 suffragiis
2197 2501 2389 2546 admistus

1349 2577 1416 2606 eos
1452 2561 1658 2622 impellet*
1679 2563 1722 2606 in
1748 2575 1905 2619 partem
1931 2563 2138 2606 nobilium
2164 2560 2386 2610 saniorem,

1352 2620 1595 2676 habebitque
1634 2619 1745 2675 plebs
1774 2653 1787 2675 ,
1818 2636 1992 2676 quorum
2029 2618 2200 2664 consilio
2244 2616 2393 2669 judicia

1353 2678 1417 2720 sua
1446 2691 1663 2732 regantur:
1696 2694 1743 2722 ea
1774 2693 1869 2722 vero
1907 2679 1950 2721 in
1972 2679 2101 2731 urbe,
2134 2676 2201 2718 ubi
2233 2672 2389 2716 nobiles

1354 2747 1517 2778 tantum
1556 2735 1789 2791 suffragium
1836 2735 2012 2779 habeant
2042 2766 2055 2787 ‚
2088 2735 2261 2776 honores
2292 2744 2390 2772 vero

1355 2793 1480 2836 etiam
1513 2791 1678 2846 plebeiis
1693 2793 1934 2847 aperiuntur
1951 2824 1961 2844 ,
1975 2791 2053 2833 erit
2073 2790 2170 2833 ordo
2187 2789 2270 2843 isse,
2287 2789 2394 2830 unde

1358 2850 1434 2893 viri
1464 2849 1729 2904 suscipiantur
1755 2849 1888 2892 idonei
1915 2881 1926 2902 ,
1951 2848 2252 2903 honoribusque
2278 2845 2393 2902 digni

1358 2906 1502 2965 quasie
1522 2906 1740 2950 seminario
1757 2907 1989 2960 bonorum,
2020 2906 2063 2948 ἃ
2093 2920 2197 2948 vena
2214 2904 2395 2946 virtutis.

1361 3043 1462 3052 ..i—-

1359 3076 1462 3109 cratia
1486 3076 1694 3119 magistratus
1719 3077 1750 3109 ἃ
1775 3087 1795 3109 a
1830 3075 1999 3110 nobilibus
2024 3076 2055 3108 ἃ
2079 3087 2097 3110 e
2120 3074 2290 3111 nobilibus
2314 3069 2390 3104 solis

1362 3122 1424 3167 legi
1450 3130 1612 3166 nequeant
1636 3143 1647 3155 .

2182 3040 2286 3049 —---
