2596 3479
581 89 711 148 ET
775 78 1962 145 SENATUSCONSULTIS.

223 167 283 212 Et
308 163 506 218 quoniam
549 181 691 219 notat,
723 180 853 221 neque
881 179 978 207 cum
1007 179 1134 208 uxore
1167 162 1256 207 satis

219 225 466 280 commode3
509 241 640 281 neque
679 224 760 267 fine
807 222 999 266 uxoribus
1049 221 1134 265 vivi
1166 236 1255 264 om-

216 280 323 324 nino
367 284 497 338 posse,
542 280 883 338 propagationem
917 280 1038 334 prolis
1059 311 1072 333 ,
1102 279 1147 323 δε
1177 277 1253 322 uti-

224 335 389 383 litatem
441 339 684 398 publicam,
745 335 1038 392 tranquillitati
1092 337 1258 391 privatae

224 396 384 440 censuit
428 395 735 440 anteferendam
766 426 776 437 .
820 394 1011 438 Eiusdem
1058 393 1258 438 orationis

218 453 462 498 auetoritate
512 469 558 497 ac
604 453 762 505 verbis,
806 452 1007 508 Augustus
1049 452 1092 496 δε
1124 452 1257 508 legem

217 509 335 553 suasit
378 510 521 556 suam.
576 513 690 554 Hinc
731 511 798 552 lex
844 509 1041 553 Ciceroni
1085 508 1258 553 confie'ta

218 566 265 609 in
298 566 411 609 libris
445 569 492 611 de
522 568 696 625 legibus:
731 567 901 611 Caelibes
938 566 1008 623 effe
1053 568 1257 621 prohiben-

219 633 283 665 ιο.
327 624 540 669 Coelibetn
571 638 710 669 autem
751 623 948 668 Cui-acius
989 624 1143 668 dietum
1186 639 1258 679 pu-

225 691 313 733 tat,
355 683 443 734 (a)
473 682 584 738 quasi
608 681 742 732 noimss
765 713 778 735 ,
809 682 889 735 (²⁶)
920 681 1060 723 κοιλὶοεν
1096 682 1257 732 Mis-tw,

224 750 417 783 ventrem
463 739 652 796 linquens
675 771 684 781 .
728 740 893 783 Harum
924 739 1056 792 capita
1088 737 1226 793 legum
1246 768 1257 790 ,

221 810 312 850 quse
354 797 544 841 mutilata
596 796 800 852 supersunt
845 811 895 839 ex
941 795 1140 839 veteribus
1171 810 1259 837 mo-

226 857 476 908 numentis,
533 853 770 909 diligentius
827 853 971 907 eruit,
1029 853 1073 896 &
1130 867 1259 907 quan-

225 920 317 953 tum
361 912 552 954 humanae
594 911 709 954 licuit
758 910 990 963 industriae,
1039 910 1087 953 ad
1132 909 1259 963 pristi-

223 981 329 1010 num
397 968 512 1012 suum
574 968 765 1012 ordinem
831 966 1037 1012 revocavit
1090 967 1261 1018 Jacobus

223 1023 541 1078 Gmhofoedus,
583 1026 633 1069 ad
678 1026 790 1070 cuius
835 1026 916 1068 fere
962 1023 1113 1068 indicia
1152 1023 1260 1066 ordi-

221 1096 323 1125 nem
368 1098 442 1127 nos
482 1083 806 1138 disputationum
854 1082 1081 1125 nostrarum
1131 1092 1258 1136 perte-

219 1154 395 1183 xemus.
440 1141 506 1184 Ad
549 1140 634 1184 haec
683 1153 823 1184 autern
864 1140 998 1195 capita
1029 1137 1260 1190 universae,

221 1211 322 1252 quas
375 1197 614 1251 habemus,
656 1197 805 1242 harum
861 1196 1000 1253 legum
1052 1194 1262 1240 sententiae

222 1254 326 1306 (¹⁸⁵⁴)
371 1254 637 1298 referuntur.
689 1256 874 1299 Primum
926 1264 1048 1307 caput
1088 1253 1165 1296 erit
1213 1252 1260 1294 de

223 1311 468 1354 maritandis
512 1312 618 1355 inter
661 1312 696 1355 se
729 1312 886 1356 civium
916 1310 1150 1354 ordinibus.
1181 1307 1257 1351 Al-

223 1377 361 1410 terum
403 1368 451 1411 de
493 1369 700 1412 irritandis
754 1367 910 1422 nuptiis
960 1383 1104 1410 eorum
1136 1398 1148 1419 ‚
1190 1364 1258 1421 qui

224 1422 379 1467 fuerint
421 1426 680 1481 procreandis
725 1425 862 1468 liberis
893 1423 1119 1468 inhabiles.
1152 1424 1258 1466 Ter-

224 1481 330 1525 tium
385 1482 432 1526 de
488 1483 737 1538 praecidenda
776 1482 971 1525 'libertate
1023 1479 1259 1524 differenda-

223 1553 318 1581 rum
361 1540 636 1594 nuptiarum:
690 1543 894 1595 Quartum
938 1540 984 1582 de
1029 1553 1150 1594 poena
1191 1553 1257 1580 eo-

223 1610 352 1649 rum,
402 1598 472 1652 qui
518 1610 661 1640 contra
704 1597 818 1640 hasce
861 1596 970 1652 leges
1019 1594 1257 1650 nupserint.

220 1653 430 1706 Quintum
463 1655 509 1698 de
543 1654 772 1711 privilegiis
810 1652 989 1709 legitimi
1035 1650 1257 1695 connubii.

222 1709 393 1753 Sextum
425 1712 473 1755 de
505 1712 683 1766 praemiis
717 1712 988 1766 susceptorum
1021 1709 1257 1752 liberorum.

223 1767 455 1821 Septimum
505 1770 551 1812 de
607 1769 864 1812 removendis
921 1766 1161 1822 nuptiarum
1215 1766 1259 1808 &

221 1824 346 1880 prolis
379 1826 711 1880 impedimentis.
745 1826 950 1868 Oeiavum
984 1825 1030 1867 de
1056 1826 1177 1866 modo
1199 1822 1258 1865 di-

219 1883 362 1925 vortiis
406 1883 681 1938 imponendo.
726 1885 902 1927 Nonum
934 1883 980 1925 de
1014 1881 1146 1936 poenis
1176 1895 1256 1923 coe-

220 1937 368 1983 libatus
408 1941 452 1983 8<
482 1941 690 1983 orbitatis.
724 1940 949 1984 Decimum
998 1939 1045 1983 de
1076 1937 1259 1994 augendo

218 1996 304 2039 iure
377 2010 614 2051 patronatus
686 2014 758 2052 pro
819 2013 992 2040 numero
1036 1995 1257 2038 liberorum

221 2052 266 2094 in
309 2052 554 2097 libertorum
609 2056 755 2098 bonis.
811 2055 996 2096 Primum
1052 2069 1148 2095 vero
1194 2068 1255 2094 ca-

221 2122 294 2164 put
319 2141 333 2164 ,
375 2111 485 2167 quod
527 2124 612 2154 erat
654 2112 700 2155 de
735 2111 974 2154 maritandis
1003 2109 1220 2153 ordinibus
1246 2141 1257 2162 ‚

330 2169 359 2222 J
363 2168 434 2211 ani
464 2169 655 2212 Gravinae
680 2200 689 2211 .
722 2172 838 2212 Tom.
862 2170 896 2212 I.

221 2294 555 2305 “au—-
571 2291 1252 2305 ———-—---—-——

265 2373 343 2417 (a)
372 2376 426 2410 Ad
440 2376 496 2409 lit.
514 2379 550 2410 C.
566 2376 604 2408 de
618 2376 690 2410 cad.
707 2376 780 2409 ton.

265 2443 341 2484 (⁸)
368 2444 464 2477 Unde
493 2452 609 2486 pater,
649 2444 770 2478 eoelebs
793 2453 921 2486 quoque
949 2442 1034 2475 reste
1061 2438 1180 2477 scribi,
1218 2439 1256 2471 Θ

217 2488 456 2567 εοτιινιξτιίεῑιιει-
497 2489 618 2532 origini
648 2489 765 2530 vocis,
803 2489 862 2522 etsi
890 2497 1056 2521 marmora
1081 2482 1255 2527 praeferant

216 2543 261 2565 eae
276 2545 292 2567 e
320 2544 333 2566 s
349 2556 358 2565 .

265 2602 349 2642 ζ’)
375 2605 501 2645 Legum
538 2602 627 2637 enim
665 2603 774 2647 capita
809 2601 916 2635 multo
959 2599 1053 2643 plura
1090 2595 1244 2635 fuerunt,

219 2647 322 2681 etiam
339 2658 466 2681 >earum
483 2670 492 2684 ,
519 2658 590 2690 quae
614 2649 655 2681 ad
680 2647 863 2691 augendam
891 2646 1018 2689 prolem
1032 2644 1252 2688 pertinebant.

217 2694 268 2725 De
295 2693 400 2726 altera
425 2693 517 2726 enim
543 2702 635 2737 parte
671 2694 749 2737 legis
777 2693 883 2736 rapiae
910 2691 950 2724 ad
986 2688 1187 2733 explendum
1214 2699 1254 2719 az-

220 2737 346 2771 ratium
387 2738 454 2771 lata
496 2739 670 2782 separatim
714 2738 839 2771 Aue'tor
875 2738 943 2780 egit
981 2738 1084 2776 capit.
1115 2736 1186 2767 LX.
1216 2732 1254 2764 (9‘

212 2784 301 2827 seqq.
334 2785 526 2818 Marcianus
555 2786 590 2817 in
615 2787 650 2816 L.
673 2795 721 2824 19.
753 2788 800 2816 D.
815 2784 854 2817 de
878 2784 948 2815 ritu
972 2790 1068 2823 nupt.
1098 2778 1137 2811 de
1175 2788 1254 2820 nup-

216 2829 273 2861 tiis
319 2829 400 2871 legis
431 2831 527 2871 Juliae
567 2829 679 2864 laudat
708 2838 805 2871 caput
838 2828 1042 2871 trigesimum
1072 2826 1251 2869 quintum,

217 2875 250 2906 ἃ
280 2875 496 2919 quadraginta
525 2877 590 2910 tria.
617 2875 756 2908 omnino
783 2874 893 2916 capita
929 2873 1031 2915 partis
1058 2870 1181 2914 prioris
1208 2869 1254 2900 le-

218 2919 268 2960 gis
297 2921 400 2962 Papiae
418 2945 428 2959 ,
454 2921 602 2955 adduffis
627 2920 826 2958 annorum,
852 2919 969 2960 quibus
1000 2918 1179 2953 nituntur,
1205 2922 1252 2946 te-

219 2963 407 3005 stimoniis,
444 2968 580 3001 exhibet
622 2965 813 3000 Heineccius
853 2971 928 3005 pag.
967 2974 1024 3005 71.
1062 2964 1129 3004 seq.
1162 2959 1253 2993 Idem

220 3007 467 3051 differentiam,
505 3024 568 3056 qua
597 3012 649 3045 lex
679 3010 769 3054 Julia
797 3010 952 3045 Gravinae
980 3009 1075 3051 supra
1104 3007 1143 3039 ad
1174 3016 1248 3037 con-

220 3052 380 3103 trahenda
424 3058 663 3096 matrimonia,
712 3055 811 3098 Papia
839 3065 918 3087 vero
955 3053 998 3086 ad
1038 3050 1252 3095 suscipiendos

217 3097 338 3133 liberos
365 3099 532 3136 referenda
563 3102 737 3137 videbatur
753 3123 765 3141 ,
793 3098 907 3142 reiicit,
929 3105 959 3142 p.
980 3108 1033 3138 52.

2246 94 2352 150 25⁹³*

1303 162 1383 217 legi
1415 174 1570 205 nomen
1602 157 1711 202 dedit
1737 154 1960 201 universae.
1992 153 2058 197 Eo
2089 152 2224 212 capite
2267 121 2350 201 ms.

1305 220 1483 277 ptiarum
1515 215 1744 273 frequentia
1787 214 1845 258 ita
1875 210 2174 277 invehebatur,
2207 226 2253 259 ut
2285 230 2338 260 ne

1305 291 1446 322 tamen
1495 273 1731 320 Senatorius
1788 272 1945 328 sanguis
1987 271 2220 326 ignominia
2267 272 2345 317 ser-

1304 335 1381 380 vili
1413 333 1690 391 pollueretur.
1733 330 1799 374 Eo
1841 340 1981 374 autem
2024 340 2209 392 tempore
2254 329 2350 375 lon-

1303 408 1352 450 ge
1383 392 1516 436 maior
1546 403 1630 435 erat
1661 389 1936 443 ingenuorum
1985 401 2114 444 quam
2141 401 2349 444 ingenua-

1306 465 1398 494 rum
1429 464 1623 493 numerus
1646 478 1655 489 .
1687 447 1790 499 (³⁴⁴⁶)
1821 446 1907 498 (b)
1939 446 2086 502 Itaque
2126 445 2250 489 venia
2280 444 2348 489 da*

1303 521 1348 551 ta
1387 506 1440 551 est
1483 505 1765 562 legitimarum
1808 502 2050 558 nuptiarum
2094 501 2203 548 inter
2234 502 2354 558 inge-

1307 580 1407 608 nuos
1477 564 1522 608 δι
1576 560 1825 614 libertinas3
1880 559 2142 605 Senator-ibus
2207 572 2350 606 tamen

1305 636 1530 676 eorumque
1577 619 1673 663 filiis
1705 631 1791 661 tam
1825 616 2079 662 naturalibus
2104 650 2117 671 ,
2148 635 2274 676 quam
2306 635 2355 664 a-

1306 678 1510 734 doptivi3‚
1554 679 1633 729 (c)
1678 676 1721 719 ὅ(
1764 675 2061 731 emancipatis,
2092 676 2136 720 &
2167 693 2190 720 a
2221 678 2358 721 Sena-

1307 750 1393 780 tore
1435 736 1480 779 in
1520 733 1785 790 adoptionem
1827 733 1928 777 datis
1952 765 1965 786 ,
2007 734 2135 778 etiam
2177 734 2243 789 ei,
2282 734 2356 792 qui

1308 794 1354 837 sit
1397 792 1604 837 inferioris
1647 791 1837 845 ordinis,
1879 790 2062 847 natisque
2106 792 2190 846 post
2233 807 2348 836 mot-

1308 864 1391 896 tem
1436 850 1559 906 patris
1589 851 1606 902 (
1632 865 1716 893 non
1748 859 1887 892 autem
1917 847 2155 904 conceptis,
2199 850 2244 894 &
2276 865 2351 893 na-¹

1309 910 1356 952 tis
1402 909 1485 963 post
1528 919 1685 964 patrem
1727 907 1877 950 Senatu
1917 916 2111 958 motum,
2144 905 2186 948 hi
2230 907 2351 952 enim.

1306 966 1513 1010 Senatoris
1544 964 1620 1008 filii
1653 979 1739 1007 non
1771 963 1999 1007 habentur:
2030 965 2050 1015 )
2091 962 2192 1007 item
2225 978 2356 1020 nepo-

1309 1023 1416 1068 tibus
1458 1039 1509 1067 ex
1551 1023 1638 1066 filio
1682 1021 1781 1066 licet
1823 1022 1976 1065 Senatu
2017 1031 2174 1064 moto:
2209 1020 2355 1065 sufficit

1307 1082 1421 1125 enim
1464 1080 1574 1124 avita
1616 1078 1863 1136 dignitas,)
1906 1079 1994 1131 (d)
2032 1078 2353 1144 pronepotibus-

1307 1154 1383 1194 que
1414 1154 1465 1182 ex
1497 1138 1583 1181 filio
1615 1136 1877 1180 interditstum
1909 1135 2013 1184 fuit,
2060 1136 2273 1192 sponsam,
2305 1151 2351 1180 u.

1308 1210 1504 1239 xoremve
1536 1194 1682 1238 habere
1716 1193 1985 1247 libertinam,
2018 1195 2089 1237 vel
2121 1209 2240 1248 eam,
2261 1208 2363 1250 quae*

1307 1266 1377 1296 aut
1418 1252 1556 1308 palam
1607 1266 1773 1307 corpore
1822 1251 1965 1302 (****)
2009 1251 2201 1305 quaestum
2248 1250 2359 1294 face-

1310 1322 1396 1364 ret,
1428 1308 1657 1359 feciffetve‚
1689 1320 1759 1351 aut
1789 1321 1922 1351 artem
1956 1307 2156 1352 ludicram
2187 1323 2357 1353 exerce-

1308 1379 1395 1420 ret,
1427 1366 1657 1410 eiusdemve
1699 1364 1889 1408 exercitii
1933 1377 2094 1419 patrem
2114 1397 2127 1418 ‚
2159 1377 2228 1408 aut
2260 1381 2351 1408 rna·

1308 1437 1415 1468 trem
1458 1423 1659 1477 haberet,
1722 1421 2009 1465 habuiffetve.
2060 1422 2146 1475 (e)
2189 1424 2351 1478 Quam-

1308 1482 1369 1525 vis
1411 1493 1549 1524 autem
1599 1480 1775 1536 dignitas
1824 1479 2036 1523 Senatoria
2078 1479 2250 1523 domino
2281 1480 2359 1523 ob-

1309 1538 1474 1582 venisset
1524 1537 1607 1593 post
1662 1537 1896 1580 libertatem
1938 1536 2203 1582 matrimonii
2253 1553 2352 1581 cau-

1310 1597 1347 1639 sa
1388 1596 1552 1647 datam3
1594 1594 1879 1638 abstinendum
1923 1594 1960 1638 ei
2014 1606 2155 1638 tamen
2197 1603 2283 1638 e'rat
2325 1611 2349 1638 a

1309 1653 1508 1696 libertinae
1561 1652 1752 1707 nuptiis,
1795 1650 1991 1707 siquidem
2041 1667 2108 1695 eas
2160 1653 2351 1697 nondum

1307 1709 1588 1755 contraxisset:
1638 1725 1736 1753 nam
1784 1709 1813 1752 si
1862 1709 2122 1753 contraxisset
2164 1722 2259 1753 ante
2305 1725 2351 1752 a-

1307 1770 1472 1823 deptam
1546 1768 1803 1810 Senatoriam
1866 1767 2114 1824 dignitatem
2141 1798 2153 1821 ‚
2217 1781 2352 1823 quan-

1307 1842 1433 1882 quam
1465 1837 1560 1868 ante
1592 1824 1853 1868 dubitabatur
1879 1856 1891 1878 ,
1932 1840 1985 1867 an
2019 1825 2172 1880 nuptiae
2203 1839 2350 1868 mane-

1308 1896 1422 1937 rent,
1454 1882 1684 1934 Justiniano
1731 1894 1872 1926 tamen
1903 1882 2183 1926 inhumanum
2216 1882 2352 1925 visum

1307 1942 1360 1984 est
1400 1941 1454 1983 ob
1500 1951 1696 1983 eventum
1742 1939 1841 1982 solvi
1886 1940 2050 1994 nuptias
2078 1972 2090 1993 ‚
2133 1956 2156 1983 a
2203 1939 2350 1995 quibus

1308 1997 1428 2041 initio
1460 1997 1610 2040 vitium
1642 1995 1856 2040 abfuisset:
1891 1996 1971 2051 (f)
2003 2000 2064 2040 At
2095 1996 2122 2040 fi
2157 1997 2240 2052 post
2273 2012 2352 2040 nu-

1308 2056 1410 2110 ptias
1444 2055 1504 2097 vir
1532 2054 1728 2099 exciderit
1758 2055 1972 2097 Senatoria
1991 2054 2219 2110 dignitate,
2251 2069 2353 2096 con·-

1308 2113 1431 2156 sistere
1486 2111 1841 2166 matrimonium,
1895 2111 2105 2213 Ulgplianus
2157 2111 2354 2164 censuit,

2249 2183 2348 2212 cum

1306 2276 2345 2303 -s—-m—.—-=—o-——-=-———·——

1352 2363 1462 2401 (ΜΨ)
1488 2363 1585 2405 Quod
1625 2363 1749 2396 mirum
1786 2360 1893 2395 videri
1923 2368 2042 2404 queat,
2089 2362 2159 2404 post
2199 2367 2251 2394 tot
2286 2364 2362 2395 Ro-

1306 2420 1504 2448 manorum,
1535 2408 1644 2441 millia
1670 2409 1705 2440 in
1728 2408 1797 2440 acie
1825 2407 1928 2439 occisa
1952 2430 1960 2438 .
1992 2412 2101 2448 Quare
2133 2406 2351 2447 suspicamur,

1306 2456 1463 2496 ingenuos
1507 2453 1574 2491 jam
1612 2462 1684 2486 tum
1726 2463 1792 2495 prae
1833 2452 1976 2485 mollitie
2023 2451 2065 2483 ab
2104 2451 2206 2483 armis
2250 2449 2352 2484 absti-

1306 2501 1426 2539 nuisse,
1457 2498 1604 2541 adeoque
1645 2498 1745 2531 robur
1787 2497 1919 2530 miiitiae
1957 2495 2025 2534 jam
2065 2503 2139 2529 tum
2183 2496 2220 2528 in
2249 2495 2352 2530 liber-

1304 2544 1347 2577 tis
1375 2544 1516 2587 positum
1543 2544 1657 2576 fuisse.

1350 2589 1428 2629 (bt
1454 2589 1552 2622 Dion.
1587 2588 1644 2621 tib.
1670 2597 1722 2628 34.
1755 2587 1790 2619 in
1803 2585 1883 2629 gaft.
1910 2597 1988 2620 am»⁴
2005 2587 2084 2627 736.

1349 2635 1397 2676 (c
1449 2637 1524 2666 L.6.
1540 2633 1579 2665 (9·
1591 2646 1623 2675 7.
1639 2632 1674 2676 ff.
1692 2635 1729 2666 de
1741 2634 1857 2666 senar.

1352 2678 1429 2718 (d)
1455 2683 1527 2719 L-7.
1548 2682 1641 2721 §.ult
1664 2678 1800 2722 fffiqq·
1912 2711 1917 2717 ,

1349 2725 1489 2764 (*““’“)
1515 2723 1614 2766 Quod
1654 2724 1758 2765 magis
1803 2733 1862 2765 per
1899 2721 2167 2765 consequentiam
2196 2745 2208 2762 ,
2248 2731 2349 2765 quam

1303 2769 1391 2804 κριταὶ
1413 2768 1456 2803 τέ
1479 2769 1576 2813 pino&
1597 2768 1636 2800 de
1664 2769 1867 2802 senatoribus
1892 2777 2025 2802 cautum
2051 2778 2122 2801 erat
2143 2791 2152 2801 .
2192 2771 2345 2811 Namque

1303 2816 1335 2850 δι
1374 2815 1522 2858 ingenuis
1566 2812 1753 2851 hujusmodi
1787 2813 1909 2857 nuptiae
1951 2813 2133 2847 inter-dietae
2159 2822 2280 2852 erant,
2309 2820 2345 2845 ut

1302 2862 1337 2893 in
1361 2859 1505 2903 sequenti
1531 2860 1639 2904 capite
1666 2859 1819 2901 dicetur,
1848 2858 1993 2902 adeoque
2021 2859 2130 2893 multo
2161 2858 2266 2902 magis
2297 2857 2345 2891 se=

1303 2906 1495 2940 natoribus.

1346 2998 1366 3038 ζ
1382 3008 1398 3030 0
1409 2998 1428 3036 ')
1455 3000 1482 3030 L
1495 3008 1551 3036 44.
1576 2997 1611 3028 in
1624 3002 1673 3038 pr.
1688 2995 1727 3040 ff.
1742 2997 1781 3030 de
1792 2997 1863 3030 ritu
1879 3003 1974 3041 nupt.
1991 2992 2335 3040 TheophilJnfflquiae

1301 3041 1358 3076 bus
1375 3053 1411 3074 ex
1426 3045 1515 3084 caus.
1537 3043 1713 3075 manumit.

1345 3088 1426 3132 (f)
1449 3091 1488 3122 L.
1502 3090 1629 3133 penult.
1648 3091 1685 3121 C.
1701 3089 1740 3122 de
1754 3086 1903 3129 nuptiis.
