2596 3479
286 94 394 148 320
947 76 1089 128 DE
1172 71 1775 145 LEGIBUS,

275 170 364 209 quae
392 150 544 195 direuo
571 151 806 206 privatum,
838 149 1004 206 oblique
1029 147 1226 201 verojura
1249 164 1319 204 pu—
1375 146 1560 201 praelium
1584 181 1595 202 ‚
1628 165 1775 206 nempe
1810 150 1943 205 parvis
1967 151 2177 200 machaeris
2197 187 2210 211 ‚
2240 170 2310 203 aut
2330 159 2419 204 cul-

279 212 384 254 blica
416 209 659 253 labefaf'tat:
697 211 824 252 Nunc
850 241 861 261 ‚
893 208 1095 262 explicata
1122 208 1162 251 vi
1188 240 1200 262 ‚
1235 222 1321 262 per·
1373 204 1448 248 tris
1472 237 1482 247 .
1515 207 1691 250 Coercet
1720 208 1848 251 etiarn
1884 209 1949 253 lex
1983 210 2092 262 julia
2117 212 2164 256 de
2188 214 2225 257 vi
2251 232 2397 261 omnes

278 284 424 325 gamus
450 268 498 311 ad
527 268 632 323 leges
662 299 671 308 .
719 271 782 309 Ac
811 266 943 319 primo
970 266 1017 307 ad
1043 265 1176 320 legem
1205 263 1320 307 Plau·
1373 261 1440 317 qui
1476 262 1682 307 seditionis
1703 296 1715 317 ‚
1747 279 1816 309 aut
1850 267 2053 311 tumultus
2077 249 2414 317 consiliuminie3

275 329 377 371 tiam
405 359 417 380 ,
452 326 528 369 sive
558 324 731 367 l’loriarn
759 323 774 375 [
801 324 849 365 ab
873 341 925 365 au
948 323 1060 366 enim
1088 323 1134 365 ad
1162 341 1181 364 0
1201 321 1319 365 facile
1371 333 1482 373 rint3
1516 319 1672 374 servos,
1704 336 1773 365 aut
1806 323 1952 367 liberos
1985 325 2174 371 homines
2206 329 2249 370 in
2281 331 2406 374 armis

275 386 536 429 delabimur.
571 383 705 436 JLara
727 380 810 424 haec
835 381 889 423 est
903 396 950 423 eo
965 396 1101 431 anno,
1133 396 1215 436 quo
1229 379 1318 433 Syl-
1369 375 1587 421 habuerint
1613 395 1625 434 3
1657 379 1700 422 in
1718 381 1978 425 concionem
2014 414 2026 429 .
2073 398 2142 427 aut
2176 384 2313 429 locum
2347 386 2410 438 ju-

277 443 315 487 la
331 439 686 498 migravitevita,
709 453 856 489 nempe
874 438 1313 482 A.U.C.DCLXXV.
1367 435 1462 478 dicii
1496 451 1592 479 cum
1625 435 1749 480 armis
1781 469 1793 490 ,
1842 452 1912 482 aut
1943 438 2081 483 doloso
2113 442 2282 486 consilio
2316 460 2413 498 pro..

279 502 432 555 Lepido
463 500 505 540 ἃ
540 496 695 539 Catulo
719 496 828 539 Coss.
855 497 920 548 (a
946 498 963 547 )
985 498 1172 551 Quorum
1200 496 1312 537 Con·
1368 491 1588 536 cesserint.
1624 495 1732 537 Item
1761 510 1828 538 eos
1849 528 1860 548 ‚
1892 497 1961 551 qui
1996 496 2113 540 simul
2148 515 2241 542 curn
2276 517 2409 543 arma·

282 559 411 602 sulum
437 554 636 598 discordia
662 553 708 596 de
737 553 916 607 Syllanis
941 553 1040 596 asiis
1070 554 1110 596 in
1132 566 1314 607 apertam
1369 550 1416 591 tis
1449 549 1688 593 hominibus
1721 551 1957 596 incendium
1991 555 2162 598 tulerint
2186 589 2198 608 ‚
2230 557 2309 611 [¹⁴¹⁶]
2333 558 2409 601 vil..

278 616 517 659 seditionem
543 612 676 666 erupit
708 643 721 664 ,
766 627 862 654 cum
904 610 1076 666 Lepidus
1113 610 1317 653 Marianis
1368 606 1423 648 las
1451 608 1727 663 expugnarint
1748 640 1760 662 ,
1793 610 1836 652 &
1867 611 1972 666 quod
2006 628 2028 654 a
2049 611 2137 668 lege
2159 614 2314 657 Plautia
2337 631 2415 659 ve-

279 672 448 715 studeret
473 669 651 725 partibus
684 700 693 710 .
744 669 839 723 Quo
863 669 960 711 urbe
987 667 1099 722 pulso
1136 700 1148 720 ‚
1198 667 1241 709 &
1274 667 1314 709 in
1367 664 1430 705 nit
1455 696 1466 717 ,
1500 666 1569 719 qui
1603 665 1860 721 possessorem
1893 667 2017 709 domo
2043 700 2056 721 ,
2090 685 2220 723 nave,
2253 687 2406 727 agrove

279 729 464 772 Sardinia
489 727 715 770 interemto
744 758 756 779 ,
800 725 915 769 ferox
945 725 1112 768 viffioria
1143 723 1316 766 Catulus
1364 720 1595 776 depulerint
1624 754 1633 764 .
1681 721 1788 766 Illud
1823 736 2013 777 praeterea
2045 740 2167 780 caput
2199 727 2245 769 de
2279 728 2406 772 veteri

281 788 404 829 traxit
444 785 487 828 in
528 784 636 828 suam
665 783 822 826 causam
848 782 1040 826 Publium
1070 782 1275 825 Plautium
1303 814 1314 833 ‚
1364 777 1446 828 jure
1480 779 1600 822 fluxit
1633 780 1675 822 in
1708 780 1842 835 legem
1875 779 2027 830 Ju'liam
2053 813 2066 835 ‚
2109 784 2215 838 quod
2249 785 2359 828 cavit

277 845 519 886 Tribunum
542 842 668 898 plebis
696 841 813 892 huius
839 839 1007 882 latorem
1031 839 1157 895 legis,
1190 854 1312 894 quarn
1365 851 1414 877 ne
1459 835 1609 879 scilicet
1641 836 1730 892 quis
1762 837 2026 892 Magistratus
2061 838 2158 894 Pop.
2192 842 2315 884 Rom.
2349 817 2407 886 cii

279 902 362 959 post
402 900 575 945 reditum
603 915 623 942 e
650 899 803 943 Cilicia
831 895 942 940 suasit
969 897 1102 938 Cfflsar
1128 928 1140 949 ‚
1188 911 1312 950 eaque
1335 918 1340 972 Ι
1365 908 1456 935 vem
1492 896 1732 936 Romanum
1767 893 1937 937 necasset
1969 895 2016 937 ad
2039 896 2235 951 populum
2258 915 2409 953 provo-

279 961 495 1014 flagrantes
527 957 736 1000 seditiones
769 957 805 996 in
833 956 927 997 urbe
959 955 1142 996 restinxit
1175 985 1185 995 .
1236 956 1311 995 La-
1363 963 1528 993 cantem
1555 982 1566 1003 ‚
1600 964 1668 993 aut
1700 951 1747 993 ad
1783 953 2079 1005 Imperatorem
2104 985 2116 1006 ‚
2160 955 2229 1009 qui
2264 971 2404 999 recen-

279 1030 367 1059 tum
395 1016 447 1058 est
471 1015 582 1057 enim
606 1046 616 1065 ‚
651 1026 694 1055 ut
727 1015 766 1056 in
799 1011 881 1062 ejus
904 1024 1024 1066 caput
1050 1022 1313 1066 quaereretur,
1364 1008 1455 1049 tiori
1501 1020 1617 1051 aetate
1668 1007 1808 1062 populi
1841 1008 1974 1051 vicem
2007 1009 2211 1064 usurpavit
2235 1043 2245 1054 .
2296 1015 2312 1064 (
2338 1029 2358 1055 e
2383 1015 2401 1064 )

277 1074 347 1130 qui
374 1073 539 1115 Senatui
566 1070 760 1113 struxisset
783 1069 967 1121 insidias,
999 1081 1069 1110 aut
1098 1068 1310 1122 Magistra·
1365 1065 1512 1107 Praeter
1536 1065 1609 1107 illa
1633 1080 1730 1107 vero
1753 1066 1946 1120 exempla
1977 1067 2228 1121 criminum,
2260 1086 2282 1111 a
2309 1068 2410 1124 qui-‘

279 1132 384 1174 tibus
417 1130 501 1172 vim
537 1126 737 1172 intulisset
762 1158 773 1179 ,
807 1139 876 1169 aut
908 1124 1107 1168 turnultus
1139 1125 1185 1167 in
1216 1125 1313 1167 urbe
1363 1121 1433 1163 bus
1465 1121 1536 1164 etfi
1568 1121 1696 1164 abfint
1718 1138 1832 1165 arma
1852 1155 1866 1177 ,
1898 1137 2039 1166 tamen
2068 1124 2182 1167 supra
2203 1126 2245 1167 in
2269 1125 2403 1181 legem

279 1185 593 1236 commovisset,
626 1197 695 1228 aut
727 1199 900 1227 numero
932 1194 1185 1226 armatorum
1213 1214 1225 1235 ‚
1269 1193 1314 1225 ut
1362 1179 1514 1230 Juliam
1548 1179 1687 1223 venire
1719 1179 1932 1233 diximus}
1965 1179 2049 1224 haec
2078 1169 2205 1225 eiiam
2239 1193 2403 1238 propter

277 1246 454 1290 alienam
491 1242 766 1298 possessionem
784 1253 1029 1296 occuparet,
1062 1238 1313 1295 possessorem
1361 1237 1622 1280 atrocitatem
1655 1237 1762 1280 haud
1794 1238 2000 1280 minorem
2022 1270 2034 1290 ,
2067 1238 2113 1281 ad
2149 1239 2232 1281 vim
2270 1239 2405 1295 publi-

279 1304 325 1346 de
354 1302 478 1345 fundo
504 1299 700 1350 deiecisset
722 1315 734 1351 3
767 1310 886 1354 atque
920 1296 1033 1341 fundi
1058 1295 1142 1348 ejus
1163 1328 1174 1349 ,
1208 1296 1313 1339 unde

279 1359 461 1417 possessor
489 1356 620 1400 fuisset
644 1355 790 1406 cjefihis
814 1387 828 1409 ‚
856 1354 968 1398 nulla
1001 1354 1190 1408 usucapio
1221 1369 1313 1407 pro-

279 1418 390 1461 derat
411 1447 420 1457 .
475 1418 524 1457 In
545 1429 716 1468 eamque
742 1412 873 1465 legem
898 1411 1003 1454 haud
1036 1427 1160 1465 pauca
1189 1410 1311 1461 maje-

279 1474 386 1518 statis
411 1472 546 1526 capita
578 1470 758 1521 comesta
782 1469 975 1512 fuerunt:
1009 1468 1160 1519 adjeffm
1192 1482 1314 1522 poena

281 1528 582 1575 interdictionis
605 1542 717 1583 aquae
740 1527 782 1570 ὃ(
809 1525 939 1581 ignis,
972 1524 1082 1576 cujus
1106 1525 1150 1568 in
1175 1523 1313 1567 locum

279 1588 505 1644 deportatio
529 1585 703 1629 succeffit
724 1600 733 1624 τ
768 1584 831 1636 (b)
862 1581 1104 1626 humiliores
1129 1597 1225 1625 vero
1250 1597 1313 1625 ca-

283 1646 367 1702 pite
401 1644 632 1699 plecf‘tuntur
653 1674 662 1685 .
695 1640 896 1695 Quamvis
918 1655 1055 1683 autem
1087 1639 1130 1682 δ’.
1155 1638 1314 1691 Julium

279 1703 481 1746 Caesarem
511 1701 641 1755 legem
665 1698 712 1741 de
736 1699 777 1741 vi
802 1697 983 1753 aliquam
1017 1695 1150 1740 tulisse
1183 1728 1194 1749 ,

1362 1309 1454 1336 cam
1489 1293 1719 1337 reseruntur
1746 1325 1757 1346 ‚
1790 1296 1980 1349 quamvis
2010 1311 2124 1338 arma
2156 1311 2239 1339 non
2271 1296 2397 1340 essent

1362 1349 1486 1415 allata
1524 1383 1536 1404 ,
1584 1351 1714 1394 veluti
1759 1350 1785 1393 si
1835 1352 1924 1407 quis
1956 1352 2193 1396 incendium
2227 1353 2400 1403 subjecto

1362 1423 1455 1463 igne
1488 1408 1697 1452 conflasset
1723 1439 1736 1460 ‚
1767 1421 1837 1450 aut
1869 1409 2049 1463 legatum
2077 1440 2088 1461 ,
2119 1410 2163 1452 ὃς
2192 1423 2400 1454 oratorem

1361 1465 1659 1508 comitatumve
1691 1465 1859 1508 illorum
1893 1466 2148 1520 percusisset3
2175 1480 2251 1510 aut
2283 1482 2403 1511 reum

1363 1522 1555 1584 vinxisset
1583 1553 1595 1573 ,
1638 1522 1680 1564 &
1711 1520 1834 1573 judici
1863 1554 1875 1575 ‚
1921 1523 2224 1578 magistratuive
2259 1524 2402 1576 subdu-

1360 1580 1481 1622 xisset
1505 1611 1517 1631 ,
1549 1577 1683 1621 aliave
1715 1594 1794 1633 qua
1824 1579 1984 1622 'ratione
2015 1578 2215 1629 judicium
2248 1580 2402 1624 turbas-

1363 1636 1417 1679 set
1446 1668 1455 1678 .
1499 1636 1626 1678 Poena
1669 1651 1766 1679 vero
1800 1635 1846 1679 de
1881 1648 1997 1691 raptu
2030 1637 2241 1692 virginum
2273 1637 2402 1682 etiam

1243 1712 1313 1751 ap·
1334 1718 1339 1761 ι
1363 1693 1442 1736 sine
1473 1694 1599 1736 armis
1620 1725 1632 1747 ‚
1663 1709 1788 1749 quam
1819 1693 1998 1736 diximus
2030 1694 2079 1736 ab
2112 1695 2185 1737 hac
2219 1694 2307 1750 lege
2328 1694 2402 1737 de-

282 1772 418 1816 pareat
457 1775 508 1802 ex
539 1758 743 1801 Cicerone
771 1756 949 1810 Philipp.
978 1771 1010 1797 1.
1046 1766 1186 1797 tamen
1218 1769 1312 1796 curn
1335 1767 1338 1781 ·
1363 1750 1545 1794 scendere
1568 1782 1578 1801 ‚
1611 1751 1732 1807 longe
1763 1751 1925 1807 gravius
1955 1752 2192 1794 exacerbata
2226 1751 2303 1795 fuit
2329 1766 2399 1803 per

279 1817 482 1873 Augustus
506 1815 588 1870 post
613 1829 708 1858 eum
733 1812 773 1854 id
797 1811 917 1855 suerit
949 1811 1149 1867 aggressus
1181 1843 1193 1863 ,
1227 1826 1315 1853 cre-
1361 1808 1637 1859 justinianum
1669 1840 1681 1861 ‚
1732 1812 1801 1864 qui
1858 1808 2016 1850 summo
2064 1808 2258 1863 supplicio
2302 1808 2399 1852 affe-

278 1875 451 1918 diderim
474 1874 524 1916 ab
550 1872 626 1915 hoc
647 1903 659 1924 ‚
693 1882 832 1924 utpote
861 1868 1112 1921 recentiori,
1147 1882 1232 1910 non
1255 1867 1310 1909 so·
1362 1866 1417 1907 cit
1450 1880 1532 1907 non
1564 1880 1635 1907 eos
1666 1866 1788 1908 modo
1822 1877 1999 1918 raptores
2024 1895 2035 1915 ‚
2081 1868 2149 1920 qui
2203 1865 2287 1908 vim
2322 1866 2395 1908 ho-

279 1932 365 1974 lum
397 1931 533 1986 priora
559 1930 691 1983 capita
722 1926 836 1969 fuisse
865 1926 1108 1978 retrastata3
1159 1925 1220 1967 sed
1246 1924 1310 1966 ad·

283 1989 365 2045 dita
389 1987 622 2031 etiarn-alia
651 1986 772 2040 longe
794 1985 1000 2035 uberiora,
1029 1997 1208 2038 quorum
1229 1996 1311 2023 non

281 2062 406 2102 pauca
431 2044 546 2087 nobis
566 2041 842 2096 Jurisconsulti
869 2041 1201 2084 transmiserunt.
1225 2039 1309 2094 Igi-

278 2116 346 2147 tur
382 2103 456 2146 hac
493 2100 580 2157 lege
614 2099 850 2155 prohibetur
875 2113 1001 2141 omne
1027 2112 1153 2153 genus
1176 2111 1306 2139 armo-

280 2177 369 2204 rum
401 2162 480 2212 (¹⁶)
511 2160 553 2203 in
583 2159 712 2210 urbe,
743 2171 841 2212 agro
862 2187 874 2210 ‚
908 2168 976 2199 aut
1007 2154 1107 2197 villa
1140 2185 1152 2207 ,
1195 2168 1312 2196 exce-

281 2217 362 2274 ptis
379 2218 438 2260 ·iis
466 2249 478 2271 ‚
508 2231 596 2272 quae
622 2229 716 2258 cum
741 2213 874 2256 aliena
898 2212 1120 2255 hereditate
1143 2211 1312 2265 capiun-

281 2288 345 2318 tur
379 2305 390 2327 ‚
442 2273 509 2316 vel
531 2274 579 2315 ad
604 2270 835 2315 venationis
855 2302 867 2323 ‚
901 2268 1061 2312 itineris
1092 2300 1104 2321 ‚
1136 2268 1309 2323 naviga-

281 2332 409 2375 tionis
437 2330 553 2374 usum
578 2341 869 2384 comparantur
899 2343 913 2380 ς
963 2325 1026 2369 vel
1052 2326 1270 2381 promercii
1297 2356 1310 2377 ,

279 2389 360 2434 five
383 2386 644 2432 mercimonii
669 2402 715 2429 ac
738 2383 988 2428 venditionis
1013 2382 1128 2426 causa
1151 2382 1309 2425 conser-

280 2459 432 2489 vantur
452 2477 461 2487 .
491 2446 576 2497 (c)
599 2442 794 2487 Novellis
817 2454 955 2484 tamen
981 2439 1197 2492 justiniani
1222 2439 1310 2490 (d)

277 2504 413 2547 omnis
439 2503 528 2555 usus
551 2534 563 2555 ,
605 2518 651 2544 ac
675 2499 848 2544 retentio
869 2513 1078 2541 armorum
1102 2497 1156 2540 est
1185 2497 1308 2539 inter-

280 2561 418 2614 difia3
449 2559 627 2616 exceptis
651 2558 732 2601 illis
753 2589 764 2610 ‚
797 2571 883 2612 quae
910 2567 1004 2611 apta
1035 2569 1119 2598 non
1146 2553 1235 2597 sunt
1261 2553 1307 2596 ad

918 2693 964 2700 ..-

388 2694 489 2703 —---—

331 2728 375 2768 (a)
398 2730 482 2771 Vide
507 2729 619 2770 sigon.
645 2727 704 2760 lib.
738 2738 767 2759 2.
803 2726 839 2758 de
853 2725 953 2763 judic.
979 2735 1050 2766 cap.
1068 2723 1175 2762 33.&
1204 2721 1306 2754 Paull.

282 2777 413 2807 Manut.
430 2773 468 2805 de
482 2772 578 2815 legib.

326 2818 384 2858 (b)
411 2819 449 2850 L.
473 2828 519 2849 ιο.
541 2820 568 2860 §.
585 2819 645 2848 ult.
662 2815 695 2857 ff.
712 2816 753 2846 ad
778 2817 800 2846 l·
824 2816 902 2855 sul.
933 2815 970 2846 de
996 2814 1034 2846 vi
1047 2811 1133 2855 publ.
1151 2809 1262 2851 instit.
1277 2810 1314 2841 de

280 2863 368 2909 publ.
389 2864 455 2902 jud.
478 2864 505 2906 §.
526 2864 605 2893 item
622 2883 632 2898 ‚
662 2860 821 2900 lexJulia
835 2860 872 2892 de
886 2860 923 2891 vi
938 2881 947 2898 ‚
974 2858 1078 2891 Paull.
1116 2858 1242 2896 yfen&
1258 2859 1310 2886 26.

325 2911 372 2950 (*
389 2909 408 2948 )
435 2912 504 2940 Nec
531 2905 666 2948 proinde
710 2903 856 2936 Romani
881 2925 892 2942 ‚
928 2911 967 2936 ut
987 2902 1090 2935 *nostri
1134 2901 1310 2938 homines,

281 2955 391 2995 gladio
417 2952 526 2986 ubivis
550 2949 687 2983 accinffi
714 2948 924 2980 versabantur
940 2968 951 2986 ‚
978 2948 1008 2979 ἃ
1034 2948 1067 2979 ἱη
1092 2945 1165 2979 foro
1207 2953 1284 2990 puta
1300 2968 1309 2984 ,

282 3001 312 3031 ει
340 3000 372 3031 in
399 2997 557 3039 templis,
585 2997 614 3028 8<
641 2996 674 3028 in
701 2992 865 3026 conviviis
883 3015 890 3023 .
922 2992 1084 3024 Barbarus
1111 2991 1218 3033 potius
1243 2991 1309 3023 hic-

281 3055 352 3078 mos
377 3045 419 3076 est
447 3038 715 3083 circumgestandi
741 3037 846 3070 etiam
870 3036 905 3069 in
931 3046 1009 3079 pace
1036 3035 1244 3068 mortiferum
1263 3045 1309 3069 te-

280 3090 348 3123 lum
368 3111 377 3127 ‚
404 3089 458 3131 qui
489 3086 665 3122 Germanis
691 3083 829 3117 debetur
855 3104 868 3121 ,
893 3092 1035 3124 quorum
1061 3080 1156 3113 hodie
1192 3091 1310 3123 propa-

279 3146 321 3180 go
345 3134 417 3167 sunt
444 3133 601 3175 pleraeque
627 3138 740 3172 gentes
767 3139 822 3170 per
847 3129 1037 3169 Europam.

600 2693 808 2705 --—V..---

322 3180 368 3222 (c)
394 3182 431 3212 L.
454 3188 480 3211 ι.
497 3177 535 3211 <5
552 3184 581 3208 ι.
596 3175 635 3220 ff.
652 3176 693 3209 ad
708 3175 821 3217 ssu}-
841 3173 879 3208 de
893 3174 932 3207 vi
945 3170 1036 3217 publ·
1085 3170 1144 3212 (d)
1169 3172 1304 3207 Novelr·
1328 3198 1339 3211 .

1362 1922 1479 1965 neslis
1514 1922 1660 1975 puellis
1691 1921 1918 1965 attulissent
1944 1937 1955 1973 3
2006 1921 2067 1964 sed
2099 1922 2142 1964 ἃ
2173 1937 2240 1964 eos
2266 1954 2278 1975 ,
2325 1921 2397 1978 qui

1364 1979 1677 2032 persuasionibus
1726 1979 1770 2022 δί
1819 1978 2026 2021 blanditiis
2069 1979 2310 2022 consensum
2346 1979 2396 2021 il-

1360 2035 1493 2079 larum
1521 2036 1800 2091 expressissent
1826 2052 1835 2076 τ
1880 2035 1944 2078 illi
1975 2035 2090 2078 enim
2121 2051 2266 2090 corpus
2297 2049 2393 2078 tan-

1361 2106 1449 2136 turn
1486 2125 1497 2147 ‚
1549 2094 1592 2136 hi
1647 2109 1743 2136 vero
1785 2107 1930 2148 corpus
1978 2092 2021 2134 δι
2070 2108 2257 2136 mentem
2312 2108 2395 2136 una

1360 2164 1652 2206 corruperunt.
1685 2148 1761 2203 (f)
1787 2151 1844 2193 Et
1876 2151 1924 2192 ad
1955 2151 2002 2192 L.
2027 2150 2113 2203 Jul.
2145 2151 2192 2193 de
2223 2150 2271 2192 vi
2294 2150 2391 2205 pub.

1359 2209 1600 2251 Marcianus
1642 2207 1764 2252 refert
1806 2207 1965 2251 crimen
2006 2223 2149 2250 eorum
2195 2208 2264 2263 qui
2299 2222 2397 2261 pue-

1360 2281 1453 2308 rum
1484 2297 1496 2319 ‚
1545 2265 1609 2308 vel
1641 2263 1861 2307 fceminam
1888 2295 1900 2317 ‚
1945 2263 2008 2306 vel
2042 2279 2292 2320 quemquam
2327 2279 2397 2318 per

1359 2325 1446 2364 vim
1490 2322 1727 2377 stuprassent
1759 2353 1768 2363 .
1813 2323 1918 2376 (g)
1950 2320 2029 2362 Vis
2060 2320 2185 2363 etiam
2220 2320 2392 2374 publicae

1360 2394 1446 2422 reus
1487 2379 1576 2431 est,
1617 2378 1687 2434 qui
1728 2378 1778 2420 ab
1818 2378 1951 2419 invito
1996 2378 2212 2432 pecuniam
2261 2377 2394 2421 abstu-

1360 2435 1453 2480 lerit
1475 2468 1489 2490 ,
1531 2447 1599 2478 aut
1631 2450 1737 2478 nova
1770 2433 1982 2489 veftigalia
2013 2433 2196 2489 exegerit
2225 2466 2238 2486 ‚
2281 2436 2298 2486 (
2324 2436 2392 2485 h)

1359 2495 1478 2550 quive
1527 2492 1648 2535 funus
1698 2491 1977 2534 disturbaverit
2016 2522 2028 2534 .
2077 2490 2236 2546 ejusque
2290 2490 2393 2534 diri·

1362 2550 1495 2607 piendi
1527 2550 1666 2593 auS‘tor
1698 2548 1842 2593 suerit.
1875 2550 1952 2601 (i)
1979 2548 2153 2604 Aliquot
2180 2563 2276 2591 vero
2300 2548 2393 2611 sunt

2225 2616 2398 2659 capita,

2288 2680 2394 2691 ‘—

1361 2723 1414 2758 83.
1434 2727 1501 2751 cata.
1520 2730 1552 2756 4.
1579 2718 1706 2753 Matth.
1741 2720 1776 2751 de
1793 2719 1881 2750 crim.
1896 2718 1939 2750 ad
1950 2720 1976 2749 Ι.
2004 2718 2172 2749 Plautiam
2185 2723 2259 2757 pag.
2271 2724 2349 2753 443.

1410 2764 1511 2804 (⁴⁸¹)
1536 2763 1610 2797 Sive
1635 2775 1675 2796 ex
1702 2764 1853 2796 incensio
1878 2761 2000 2804 aliquid
2028 2761 2192 2802 rapuerint
2213 2780 2223 2797 ‚
2265 2759 2329 2791 five
2356 2757 2394 2791 in

1365 2808 1517 2842 incendio
1544 2819 1616 2841 curu
1640 2808 1752 2852 gladio
1776 2817 1831 2840 aut
1857 2807 1926 2839 telo
1953 2805 2096 2847 rapiendi
2123 2812 2254 2837 tantum
2289 2803 2391 2835 caussa

1365 2854 1485 2887 fuerint
1502 2875 1511 2891 ‚
1539 2853 1594 2885 vel
1613 2874 1622 2889 ,
1650 2862 1686 2885 ut
1711 2852 1885 2883 dominum
1911 2850 2124 2893 prohiberent
2149 2859 2197 2881 res
2234 2847 2303 2880 suas
2329 2847 2397 2879 ser.

1365 2910 1466 2938 vare,
1493 2908 1548 2929 eos
1573 2897 1678 2929 etiam
1701 2897 1756 2939 qui
1783 2905 1872 2928 ccetu
1892 2916 1902 2934 ,
1929 2893 2106 2933 concursu,
2132 2894 2251 2930 turba,
2279 2891 2395 2925 sediti-

1362 2955 1424 2977 one
1451 2941 1642 2977 incendium
1659 2941 1807 2974 iecissent
1823 2963 1831 2970 .

1405 2989 1461 3029 (e)
1483 2987 1598 3031 paffim
1613 2990 1648 3018 in
1665 2987 1724 3019 tit:
1740 2983 1775 3029 ff
1790 2985 1828 3016 (¹7
1844 2988 1878 3016 C.
1896 2985 1937 3016 ad
1952 2984 2062 3025 1.Jul.
2077 2983 2115 3016 de
2129 2982 2167 3016 vi
2180 2981 2256 3025 pub.

1405 3034 1465 3076 (f)
1491 3036 1518 3064 L
1544 3033 1638 3063 unica
1655 3034 1688 3062 C·
1706 3032 1742 3062 de
1752 3039 1849 3066 raptu
1863 3030 1949 3070 virg.

1406 3079 1458 3120 (g)
1484 3080 1520 3109 L.
1537 3077 1571 3107 in
1591 3077 1699 3108 eadem
1716 3073 1796 3119 3⁸ff:
1812 3075 1854 3105 ad
1867 3074 1975 3115 LJuL
1992 3072 2031 3104 de
2047 3071 2084 3104 vi
2098 3069 2187 3114 publ·

1401 3124 1461 3162 (h)
1490 3125 1527 3154 L.
1543 3122 1656 3153 ultim.
1667 3119 1706 3166 ff.
1723 3121 1763 3152 ad
1776 3122 1799 3152 Ι.
1811 3120 1887 3159 Jut.
1903 3119 1942 3153 de
1957 3119 1994 3152 vi
2006 3115 2098 3161 publ.

1401 3169 1452 3211 (ι’)
1477 3170 1515 3203 L.
1531 3168 1565 3202 8.
1575 3163 1616 3211 ff
1630 3166 1668 3202 de
1678 3166 1749 3210 sep.
1765 3164 1887 3202 violac-
