2524 3479
779 89 1147 165 JfURIS
1229 93 1781 149 C1V1L18.

241 169 431 228 periisset,
467 168 644 215 minime
675 177 864 223 poterant
894 165 959 210 vel
984 167 1032 210 ad
1059 167 1257 211 minimos

240 230 399 273 sumtus
414 229 628 284 pecuniam
647 223 854 280 publicam
871 224 1095 268 deliberare
1110 225 1255 277 injussu

239 287 437 330 Senatus.
481 281 791 330 Controversias
825 295 1011 337 praeterea
1055 282 1097 325 in
1136 284 1255 329 Italia

239 344 476 397 suscitatas,
518 342 544 385 fi
579 339 740 396 publica
771 340 896 383 essent
934 339 1217 396 objurgatione
1239 374 1250 396 ,

238 414 311 445 aut
336 401 450 458 gravi
477 401 637 443 decreto
651 397 970 453 componendae,
1002 399 1172 442 Senatus
1204 401 1252 443 ad

236 460 276 503 se
309 459 516 502 trahebat.
550 456 666 500 Hinc
699 455 740 498 in
773 454 898 499 veteri
935 455 1071 498 tabula
1104 472 1212 500 aenea
1239 490 1251 512 ,

236 516 282 561 in
314 516 478 571 Liguria
503 516 697 565 inventa,
733 512 932 569 legimus,
965 513 1098 556 missos
1128 531 1150 557 a
1183 516 1252 558 Se-

235 586 335 617 natu
360 574 531 616 arbitros
558 573 703 615 finium
723 572 998 625 regundorum
1025 572 1134 615 inter
1166 574 1250 616 Ge-

233 644 407 685 nuates,
439 632 480 674 ⁵&
520 629 713 674 Veturios
753 628 861 680 effe5
896 644 1017 684 reque
1049 629 1216 685 cognita
1238 663 1249 684 ,

232 691 417 734 Romam
435 688 575 732 venire
596 686 713 739 jussos
735 686 978 730 sententiam
1004 703 1050 731 ex
1067 688 1104 730 S.
1122 689 1173 731 C.
1189 688 1249 731 di-

231 747 368 791 &uros
397 779 405 789 .
451 748 536 799 (a)
580 745 647 788 Ad
694 745 847 788 bellum
891 743 1017 787 etiam
1062 745 1247 789 indicen-

233 805 360 857 dum,
393 804 552 848 aliudve
586 803 682 860 quid
714 818 837 859 grave
870 803 1083 858 negotium
1116 803 1246 847 admi-

231 863 514 914 nistrandum,
548 864 722 918 Legatos
746 862 917 904 Senatus
944 861 1134 904 mittebat
1159 893 1170 913 ,
1202 862 1245 905 δί

228 936 326 975 opes
356 934 475 976 atque
504 918 669 963 subsidia
695 918 972 971 indigentibus
997 918 1155 973 populis
1176 919 1240 962 de-

227 977 453 1020 cernebat.
500 976 720 1031 Quomodo
751 991 899 1020 exterae
935 977 1157 1030 legationes
1187 977 1242 1019 es-

219 1035 314 1079 -sent
349 1035 627 1089 excipiendae,
671 1045 740 1078 aut
769 1034 1049 1087 dimittenda,
1092 1034 1241 1090 quidve

224 1093 438 1148 postulatis
482 1091 802 1148 respondendum
832 1123 844 1144 ‚
887 1093 1059 1134 Senatus
1103 1091 1242 1146 provi-

224 1150 373 1202 debat5
405 1162 450 1193 ut
482 1148 712 1192 absentibus
741 1149 990 1191 Consulibus
1013 1181 1025 1202 ,
1059 1162 1145 1192 tota
1179 1149 1242 1193 vi-

226 1207 389 1251 deretur
443 1224 465 1250 a
507 1208 659 1249 Senatu
707 1205 913 1248 sustentari
959 1206 1202 1261 Respublica
1230 1239 1238 1249 .

220 1264 475 1308 Consulibus
512 1265 637 1307 etiarn
666 1262 923 1306 frumentum
950 1294 961 1315 ,
1004 1263 1047 1305 ἃ
1079 1264 1202 1305 vestes
1227 1279 1239 1317 3

219 1322 267 1366 &
318 1322 488 1378 pecunia
539 1321 586 1364 ad
620 1320 805 1362 militum
840 1317 1037 1374 stipendia
1072 1319 1239 1363 sufficie-

220 1380 408 1432 bantur3
438 1379 481 1422 ἃ
516 1393 708 1421 numerus
741 1376 928 1420 militum
962 1375 1204 1431 explebatur
1224 1410 1236 1432 ,

217 1436 264 1480 &
304 1437 549 1480 statuebatur
591 1435 690 1487 jussu
725 1438 931 1479 Senatus:
966 1434 1078 1486 cujus
1109 1449 1196 1478 erat
1222 1468 1235 1490 ,

217 1493 410 1537 confecto
450 1509 560 1537 anno
582 1526 594 1547 ,
627 1492 691 1536 vel
729 1508 946 1550 prorogare
979 1492 1201 1548 imperium
1223 1525 1235 1547 ‚

216 1551 285 1595 vel
324 1551 440 1595 alteri
482 1551 725 1594 demandare
772 1548 1028 1607 provinciam
1052 1583 1061 1593 .
1096 1553 1234 1606 Quam

216 1610 392 1652 Senatus
416 1609 746 1652 dominationem
782 1622 828 1652 ut
853 1607 1127 1663 infringerent
1151 1609 1233 1651 Ti-

218 1667 352 1711 berius
384 1667 596 1711 Gracchus
639 1666 734 1710 tulit
756 1697 768 1718 ,
802 1682 852 1709 ne
884 1681 1006 1722 quem
1042 1665 1131 1721 plus
1161 1682 1232 1709 an-

216 1739 274 1768 no
320 1725 577 1780 provinciam
627 1723 883 1767 consularem
932 1735 1068 1767 tenere
1109 1724 1232 1767 Sena-

215 1794 281 1825 tus
314 1794 543 1837 pateretur.
587 1783 681 1834 (b)
714 1783 875 1825 Verum
909 1796 994 1824 non
1039 1793 1124 1824 tam
1150 1781 1231 1825 irn-

215 1841 430 1883 minutam
479 1840 555 1882 hac
605 1838 648 1882 in
693 1854 771 1893 re,
817 1854 942 1895 quam
986 1838 1231 1893 ampliatam

213 1898 388 1941 Senatus
429 1897 667 1953 potestatem
700 1913 722 1939 a
757 1895 960 1940 Gracchis
993 1897 1228 1952 apparebit:

216 1954 246 1998 si
285 1955 383 1999 illud
420 1956 796 1998 animadvertemus
822 1986 834 2008 ,
867 1953 955 2010 lege
988 1955 1231 2010 Sempronia

213 2014 232 2063 (
265 2012 311 2055 de
352 2029 431 2069 qua
467 2014 618 2056 Cicero
660 2028 732 2067 pro
776 2013 900 2055 domo
938 2011 1040 2062 sua)
1072 2028 1093 2053 a
1125 2011 1230 2063 Cajo

215 2071 407 2113 Graccho
448 2069 577 2112 latum
619 2068 729 2112 fuisse
751 2101 763 2122 ,
796 2081 839 2112 ut
872 2067 1092 2123 provinciae
1128 2085 1229 2125 quo·

215 2128 356 2170 tannis
387 2127 550 2184 quidem
577 2159 589 2180 ,
623 2127 684 2169 sed
716 2142 785 2181 per
818 2127 1015 2168 Senatum
1041 2125 1228 2170 decerne-

213 2200 390 2229 rentur:
436 2200 559 2241 utque
617 2183 778 2226 nemini
834 2183 1080 2226 intercedere
1131 2183 1224 2227 lice-

211 2256 303 2296 ret,
336 2243 415 2293 (c)
448 2244 529 2285 Res
559 2242 608 2284 ab
647 2242 972 2296 Imperatoribus
1002 2241 1127 2297 gestas
1159 2242 1226 2285 Se-

210 2312 357 2354 natus,
391 2299 628 2343 testimonio
668 2299 762 2352 suo,
809 2297 1007 2342 extollere
1041 2310 1227 2354 poterat,

209 2370 282 2402 aut
321 2370 575 2410 extenuare,
619 2355 713 2409 vel,
763 2355 790 2399 si
828 2356 959 2399 visum
997 2356 1125 2410 esset,
1161 2372 1227 2412 pe-

208 2415 376 2459 cuniam
419 2416 467 2459 ad
513 2415 773 2469 triumphum
811 2430 860 2457 ex
897 2417 1036 2457 aerario
1065 2430 1224 2469 prome-

212 2488 256 2516 re
291 2490 300 2514 :
346 2473 449 2517 unde
477 2485 564 2516 tum
592 2474 756 2515 urbanae
782 2488 842 2514 res
868 2504 879 2524 ,
930 2485 1019 2514 tum
1049 2471 1225 2525 quodam

207 2530 338 2574 modo
371 2530 570 2574 militares
601 2530 768 2573 Senatui
802 2530 1019 2583 suberant3
1053 2527 1127 2570 nisi
1158 2529 1224 2572 tri.

208 2587 388 2631 buniciis
440 2588 790 2631 intercessionibus
840 2602 898 2643 res
942 2585 1226 2630 devolveretur

208 2646 259 2689 ad
294 2644 492 2701 populum
521 2677 529 2688 .
561 2646 648 2697 (d)
683 2647 733 2687 In
757 2660 805 2688 eo
830 2660 928 2687 vero
952 2647 1121 2687 Senatus
1153 2660 1224 2699 po-

209 2703 326 2747 testas
357 2703 584 2747 excellebat
615 2703 796 2746 maxime
823 2734 834 2755 ,
867 2702 984 2765 ’quod
1019 2702 1062 2744 in
1101 2702 1223 2758 trepi-

1303 181 1420 213 natus
1439 170 1648 225 consulto,
1666 171 1775 227 quod
1794 179 2028 215 extremum
2049 173 2092 217 &
2114 173 2318 224 ultimum

1302 229 1437 270 Caeiar
1461 229 1661 283 appellat:
1697 230 1754 282 (e)
1779 231 1893 273 Dent
1915 241 2067 286 operam
2095 235 2286 288 Consules
2305 271 2316 292 ‚

1302 302 1348 327 ne
1369 286 1470 341 quid
1493 287 1735 342 Respublica
1757 287 1986 330 detrimenti
2011 291 2143 343 capiar
2170 324 2179 333 .
2214 295 2316 349 (ζωᾶς

1303 348 1423 385 verba
1448 343 1652 388 summum
1672 376 1682 395 ,
1716 345 1759 387 δί
1784 345 2023 390 latissimum
2054 347 2095 388 in
2113 348 2313 394 Consules

1301 399 1524 454 imperium
1550 401 1878 445 transferebant:
1915 416 1959 446 ut
1981 404 2046 447 suo
2062 402 2145 454 jure
2163 407 2322 459 possent

1298 456 1535 500 exercitum
1554 474 1692 514 parare
1714 490 1726 512 ,
1761 459 1915 503 bellum
1942 476 2079 514 gerere
2108 494 2118 514 ,
2153 479 2317 508 coerce-

1300 530 1339 557 re
1363 530 1528 571 quoquo
1555 517 1678 559 modo
1705 526 1871 570 patres,
1914 531 2037 573 atque
2072 519 2267 574 populum
2303 541 2315 576 3

1297 587 1470 626 quarum
1511 589 1647 627 rerum
1687 574 1769 617 sine
1804 575 1881 618 hoc
1905 576 1943 617 S.
1973 577 2021 617 C.
2052 575 2109 625 jus
2139 578 2313 624 minime

1296 628 1546 672 Consulibus
1573 630 1683 675 fuiffe
1707 664 1718 685 ‚
1753 631 1898 684 injussu
1926 633 2063 688 populi
2080 666 2091 684 ,
2123 633 2206 686 (f)
2225 637 2313 679 Sal-

1295 686 1433 730 lustius
1466 687 1585 732 docet
1616 722 1625 731 .
1685 690 1858 733 Senatus
1907 690 2097 734 voluntas
2142 693 2314 738 Senatus

1294 744 1487 788 consultis
1508 747 1797 791 continebatur
1828 765 1838 789 t
1874 763 2050 805 quorum
2087 750 2311 795 conficien-

1293 802 1439 846 dorum
1463 803 1667 848 rationem
1695 805 1873 850 breviter
1897 805 2196 862 explicabimus
2217 842 2226 851 .

1477 919 1519 963 C
1578 922 1619 963 A
1682 921 1711 963 P
1771 922 1819 963 U
1880 922 1923 965 T
2011 923 2053 965 X
2069 922 2125 965 V.

1288 1033 1354 1076 De
1366 1033 1708 1091 Senatusconfitlto
1728 1067 1740 1091 ‚
1775 1034 1831 1080 (9⁴
1844 1037 1922 1079 loco
1934 1036 2108 1095 habendi
2121 1035 2303 1084 Senatus.

1352 1149 1480 1193 Gitur
1511 1163 1696 1206 veteres,
1729 1168 1807 1208 qua
1833 1164 1951 1195 erant
1978 1151 2208 1209 religione,
2241 1167 2306 1199 at-

1368 1222 1445 1268 que
1467 1207 1672 1251 honestate
1688 1241 1699 1263 ‚
1719 1224 1764 1252 ut
1780 1210 2012 1253 aberrantes
2024 1212 2154 1256 animi
2172 1244 2183 1264 ,
2206 1228 2306 1267 prae·

1288 1260 1412 1305 sentia
1446 1265 1630 1307 numinis
1656 1297 1668 1317 ,
1715 1266 1763 1308 ad
1812 1267 2013 1310 saniorem
2057 1268 2306 1314 sententiam

1285 1318 1555 1382 ducerentur,
1584 1323 1783 1366 Senatum
1816 1322 1862 1366 in
1897 1322 1987 1367 loco
2017 1326 2139 1368 Sacro
2165 1358 2177 1379 ,
2210 1327 2299 1370 aus·

1286 1378 1480 1434 p1c11sque
1505 1379 1670 1433 dicato,
1702 1396 1843 1434 cogere
1863 1380 2185 1425 consueverunt.
2221 1386 2306 1428 Ro-·

1286 1434 1420 1477 mulus
1462 1437 1507 1479 in
1540 1438 1745 1492 templum
1779 1437 1958 1482 Vulcani
1991 1452 2105 1482 extra
2138 1440 2301 1485 Urbem

1282 1492 1480 1537 Senatum
1503 1496 1701 1538 vocabat:
1737 1495 1938 1540 Hostilius
1964 1498 2053 1540 Rex
2082 1497 2303 1542 Hostiliam

1284 1550 1460 1594 Curiam
1489 1552 1656 1596 Senatui
1688 1553 1874 1597 habendo
1904 1554 2120 1598 destinavit
2158 1588 2166 1598 .
2212 1555 2307 1598 Pul-

1283 1606 1329 1649 sis
1363 1609 1575 1663 Regibus,
1608 1610 1729 1653 modo
1761 1610 1806 1654 in
1841 1611 1995 1666 templa
2023 1644 2035 1666 ‚
2068 1612 2195 1656 veluti
2229 1613 2299 1664 Jo-

1284 1664 1368 1729 vtis,
1403 1666 1614 1721 Apollinis
1639 1700 1651 1720 ,
1684 1668 1834 1712 Martis
1861 1701 1874 1722 ,
1906 1669 2087 1713 Bellonae
2111 1702 2123 1724 ,
2156 1671 2300 1714 Casto-

1282 1738 1334 1765 1⁶18
1360 1754 1372 1776 ,
1423 1725 1667 1768 Concordiae
1694 1757 1704 1778 ‚
1740 1726 1917 1769 Virtutis
1947 1758 1958 1780 ,
1992 1727 2101 1770 Fidei
2128 1743 2139 1780 3
2174 1728 2297 1771 modo

1282 1780 1324 1822 in
1357 1782 1530 1835 Curias,
1563 1782 1811 1837 Hostiliam,
1835 1782 2299 1838 Pompeiam,Juliam,

1281 1837 1297 1890 [
1325 1838 1367 1881 in
1396 1839 1541 1895 quibus
1566 1840 1649 1893 ejus
1669 1841 1725 1884 rei
1747 1841 1878 1897 gratia
1905 1841 2016 1884 fuere
2042 1842 2298 1899 templa(g)

1281 1911 1350 1950 per
1392 1913 1561 1953 augures
1604 1899 1822 1942 constituta
1865 1898 2169 1952 ]consultandi
2202 1915 2298 1943 cau-

1281 1953 1316 1995 sa
1348 1954 1562 1999 Senatores
1595 1956 1826 2000 convenisse
1850 1989 1861 2011 ,
1896 1956 1938 1999 in
1964 1969 2150 2000 veterum
2179 1956 2292 2000 libris

1276 2011 1574 2055 observamus.
1619 2013 1846 2057 Audiendis
1888 2026 2026 2057 autem
2073 2014 2296 2071 legationi-

1279 2068 1382 2121 bus,
1422 2084 1471 2112 ne
1504 2070 1623 2113 status
1658 2071 1784 2114 Urbis
1816 2070 1965 2114 exteris
1997 2083 2152 2126 pateret
2178 2103 2189 2124 ,
2224 2071 2286 2113 lo-

1278 2141 1345 2168 cus
1388 2140 1503 2170 extra
1544 2143 1684 2171 muros
1724 2141 1809 2171 erat
1853 2128 2096 2171 constitutus
2132 2129 2174 2171 in
2209 2128 2289 2173 aede

1279 2182 1457 2226 Bellonae
1483 2216 1495 2238 ,
1536 2186 1618 2237 (²⁶)
1659 2202 1740 2242 quo
1782 2186 2085 2229 conveniebant
2117 2186 2245 2229 etiam
2280 2217 2293 2240 ,

1277 2256 1372 2284 curn
1404 2241 1494 2297 quis
1524 2243 1743 2286 audiendus
1774 2255 1861 2287 erat
1884 2275 1895 2296 ,
1928 2243 1996 2300 qui
2031 2259 2127 2286 cum
2159 2242 2292 2299 impe·-

1277 2298 1336 2342 rio
1370 2299 1489 2342 esset:
1524 2300 1588 2344 cui
1611 2332 1622 2354 ,
1657 2301 1729 2343 nisi
1762 2300 1939 2356 deposito
1968 2300 2174 2357 Imperio,
2210 2303 2296 2343 Ur-

1277 2356 1368 2399 bem
1401 2356 1554 2401 intrare
1586 2357 1765 2403 minime
1797 2359 1975 2402 licebat.
2007 2359 2046 2401 Si
2081 2359 2187 2415 quod
2222 2374 2292 2402 ve·

1277 2429 1319 2456 ro
1354 2427 1590 2469 portentum
1622 2416 1911 2467 nunciaretur,
1946 2416 2012 2459 sub
2039 2416 2107 2459 dio
2135 2415 2296 2459 consul-

1276 2472 1446 2514 tabant:
1482 2473 1577 2529 quia
1608 2474 1754 2530 religio
1787 2486 1872 2517 erat
1904 2474 2098 2515 Senatum
2137 2473 2203 2514 sub
2233 2485 2294 2517 te-

1273 2528 1347 2571 &is
1391 2529 1536 2573 habere
1576 2562 1585 2572 .
1643 2531 1900 2575 Nicostratus
1934 2562 1945 2583 ,
1988 2529 2099 2581 cujus
2143 2529 2245 2573 liber
2275 2561 2289 2584 ,

1273 2602 1396 2642 quem
1433 2587 1480 2629 de
1517 2588 1667 2631 Senatu
1709 2587 1913 2644 scripserat
1946 2586 2092 2637 injuria
2126 2599 2291 2643 tempo-

1276 2660 1365 2686 rum
1390 2644 1598 2688 intercidit
1623 2677 1635 2699 ,
1670 2645 1868 2689 referente
1894 2646 2005 2688 Festo
2030 2677 2042 2698 ,
2087 2645 2173 2697 (h)
2206 2646 2284 2688 tria

1272 2701 1375 2744 olim
1427 2701 1539 2745 fuisse
1571 2702 1769 2746 Senacula
1802 2702 2005 2753 tradidit,
2052 2718 2182 2746 unum
2217 2703 2285 2746 ubi

212 2761 272 2804 dis
300 2761 417 2804 rebus
448 2793 460 2814 ,
511 2774 629 2817 atque
664 2759 835 2803 turbatis
865 2759 1078 2803 infinitam
1112 2759 1403 2828 pote-{postea
1448 2760 1546 2803 aedes
1579 2760 1825 2806 Concordiae
1857 2759 1937 2803 fuit
1972 2776 1984 2813 ς
2028 2760 2204 2804 alterum
2237 2760 2285 2803 ad

213 2818 354 2862 statem
411 2819 521 2862 Coss.
583 2817 836 2875 Reipublicae
898 2817 1223 2861 administrandae

214 2878 509 2932 permittebat,
541 2876 778 2934 gravissimo
801 2875 873 2920 illo
898 2909 911 2930 ,
954 2893 1001 2920 ac
1028 2875 1128 2921 tristi
1152 2876 1221 2919 Se-

207 3003 758 3021 —·-—--·—-

254 3035 314 3075 (a)
341 3041 438 3080 Apud
464 3041 616 3073 zamosc.
645 3042 683 3073 de
708 3042 826 3074 senat.
846 3042 938 3072 Rom.
954 3042 975 3072 Ι.
994 3050 1024 3071 2.
1042 3049 1101 3071 c.2.

260 3079 313 3118 sb)
339 3084 481 3116 Zarnosc.
500 3085 596 3118 liba.
615 3086 650 3118 de
663 3088 777 3117 senat.
795 3092 825 3124 p.
848 3088 919 3124 185.

257 3126 310 3165 (C)
335 3127 404 3159 Cic.
418 3129 476 3159 l.1.
492 3130 663 3170 ep.7.1verb-
680 3132 764 3173 Lege
774 3130 966 3172 „sempronia
980 3152 991 3169 ‚
1011 3127 1067 3161 ubi
1083 3130 1215 3162 Manut-
1233 3172 1235 3174 Ι

257 3171 320 3210 (d)
346 3171 488 3205 zamosc.
507 3175 545 3204 de
564 3174 670 3215 potest.
689 3177 806 3208 senae.
822 3178 880 3208 1.2.
898 3184 1056 3219 pagam..

258 3217 308 3257 (e)
335 3214 445 3250 Liba.
473 3216 511 3248 de
526 3221 618 3253 Bell-⁴
631 3220 704 3251 cr‘v.
721 3231 746 3253 c.
761 3231 792 3260 7.

1272 2830 1432 2873 portam
1465 2819 1681 2873 Capenam
1716 2835 1727 2872 3
1761 2818 1930 2862 tertium
1964 2818 2004 2861 in
2037 2818 2116 2860 aede
2148 2816 2284 2862 Bello-

1271 2891 1354 2918 nae.
1373 2876 1426 2928 (i)
1441 2875 1640 2920 Senacula
1654 2889 1791 2921 autem
1806 2890 1921 2976 {rant
1938 2876 1980 2919 in
2003 2875 2168 2931 templis
2184 2908 2195 2929 ,
2214 2888 2284 2940 aut

1908 2950 1928 2976 z
2164 2948 2286 2978 curiis

1832 3010 1930 3017 —-—-
1942 3005 2291 3016 —----.--—--—.--

1310 3037 1371 3078 (f)
1397 3042 1448 3070 De
1475 3037 1558 3070 bello
1585 3039 1722 3071 catilin.
1742 3050 1768 3070 c.
1785 3049 1839 3077 29.
1867 3038 1927 3080 (g)
1956 3037 2058 3084 Agell.
2077 3035 2184 3074 lib.14
2214 3045 2276 3075 c-7.

1307 3083 1365 3122 U)
1391 3087 1443 3116 Ne
1470 3083 1504 3115 in
1528 3084 1646 3116 urbem
1673 3083 1850 3115 intromissi
1875 3083 2003 3114 occulta
2022 3091 2093 3118 eii-is
2111 3081 2272 3113 rimentur

1264 3129 1351 3161 mala
1372 3151 1383 3167 ‚
1409 3127 1483 3161 dein
1510 3129 1645 3162 turbam
1669 3129 1803 3162 irritent
1831 3129 1861 3160 ὃς
1887 3128 1999 3159 omnia
2025 3126 2205 3159 misceant.

1310 3173 1371 3213 (h)
1397 3173 1496 3205 Verba
1513 3184 1524 3214 ,·
1549 3175 1712 3208 senacula
1727 3195 1735 3206 .

1305 3218 1362 3261 (μ’)
1390 3219 1497 3252 Festus
1521 3241 1531 3250 .
