2524 3479
0 3411 1 3439 l

0 3442 2 3479 l

497 112 642 207 DE
722 152 1035 208 VITA
1117 154 1265 208 ET
1354 149 1958 209 SCRIPTIS
2192 98 2295 135 m

153 265 488 382 JANI
607 268 1427 376 VINCENTII
1550 267 2157 376 GRAVIN

759 416 1646 481 'PRAEFATIO
2082 450 2086 454 -

332 537 1149 614 GOTFRIDI
1253 542 2140 616 MASCOVII.

449 713 494 753 δ’*
535 735 548 738 ,
620 693 874 755 Uamquam
898 690 1082 738 Calabri
1120 688 1307 755 hospitis
1325 690 1457 738 xenia
1490 691 1544 738 de
1564 690 1633 738 his
1651 688 1782 737 donis
1800 688 2010 738 dicuntur
2031 726 2043 749 ‚
2082 710 2105 739 a
2140 690 2302 755 quibus

472 763 513 807 f
647 777 737 807 non
775 759 820 805 in
856 774 1005 804 totum
1024 758 1241 805 abstinere
1263 758 1548 806 Proconsulis
1564 757 1768 805 officium
1789 757 1849 804 est
1869 794 1882 815 ‚
1908 756 1952 804 in
1971 762 2025 804 L.
2048 759 2091 806 6.
2112 757 2155 822 ᾗ.
2177 775 2220 822 3.
2239 763 2302 806 D,

533 852 610 875 w,
645 828 694 872 cle
727 829 809 889 Off]
843 828 967 886 Praes.
998 825 1102 888 quia
1136 824 1432 871 inhumanum
1467 825 1526 872 est
1558 862 1571 882 ,
1603 828 1740 888 parva
1772 843 1936 870 munera
1964 843 1984 870 a
2017 826 2196 872 nemine
2226 843 2297 872 ac-

648 892 794 957 cipere
833 892 955 937 velle·
988 909 997 937 ε
1038 908 1188 937 tamen
1211 926 1221 947 ‚
1260 892 1378 953 quod
1409 909 1488 938 nos
1523 892 1709 938 ferimus
1745 908 1906 937 munus
1936 891 2116 939 Calabri
2153 891 2299 954 hospi-

650 958 702 1005 tis
739 995 750 1016 ‚
789 977 844 1005 ex
881 975 1034 1004 eorum
1070 960 1258 1004 numero
1295 957 1493 1005 futurum
1535 957 1805 1004 confidimus
1825 994 1838 1014 ,
1875 958 1999 1022 quali
2035 958 2294 1022 locupletari

449 1070 473 1079 ἢ
508 1040 587 1084 -Ξ
650 1026 857 1072 homines
894 1026 1185 1071 vehementer
1221 1024 1361 1070 solent
1382 1059 1391 1071 .
1428 1024 1707 1071 Exhibemus
1726 1023 1848 1071 enim
1878 1042 2011 1087 opera
2042 1029 2082 1083 J.
2111 1029 2165 1070 V.
2186 1028 2298 1072 Gra-

451 1083 587 1106 *3
648 1092 765 1139 vinae
783 1128 795 1149 ,
838 1090 930 1137 nati
947 1092 990 1137 in
1006 1090 1217 1139 Calabria
1237 1096 1298 1136 A.
1326 1092 1466 1152 1664.
1489 1091 1603 1137 haud
1619 1091 1772 1154 procul
1794 1091 1845 1136 ab
1866 1090 2035 1154 oppido
2054 1092 2300 1138 Consenti⁴

158 1174 220 1203 no
243 1192 252 1202 .
292 1156 488 1204 Dederat
527 1159 619 1205 haec
654 1158 900 1206 Consentia
938 1157 1265 1204 renascentium
1302 1172 1503 1219 tempore
1542 1158 1773 1203 literarum
1803 1161 1963 1214 Janum
1987 1158 2294 1216 Parrhasium,

159 1223 469 1287 Pomponium
509 1228 687 1271 Laetum
710 1259 722 1280 ,
760 1226 805 1269 δε
842 1223 1169 1271 Bernardinum
1189 1222 1416 1268 Telefium
1440 1258 1451 1278 ,
1492 1222 1617 1268 viros
1636 1221 1802 1286 ingenii
1822 1222 2110 1270 foecunditate
2128 1227 2171 1271 δε
2190 1243 2295 1288 prae-

158 1289 320 1335 stantia
338 1289 511 1336 nemini
534 1290 778 1337 secundos:
816 1288 1198 1353 quemadmodum
1221 1324 1232 1345 ,
1269 1289 1386 1350 quod
1410 1287 1559 1351 primo
1582 1289 1683 1335 loco
1703 1287 1789 1334 dici
1805 1287 2012 1334 debuerat
2042 1325 2053 1345 ,
2091 1292 2295 1339 Ennium

154 1371 336 1419 quoque
354 1390 370 1413 ,
410 1355 541 1402 illum
563 1392 576 1414 ‚
616 1356 693 1421 qui
733 1372 935 1420 tempore
970 1353 1193 1419 Scipionis
1230 1354 1441 1402 Africani
1475 1355 1624 1418 Epicae
1661 1353 1841 1419 poeseos
1879 1355 2008 1402 laude
2046 1355 2198 1404 floruit
2218 1392 2230 1404 .

420 1425 628 1485 Mzserunt
662 1424 863 1480 Calabri,
904 1424 1043 1469 Rudii
1072 1440 1245 1484 genuere
1280 1422 1434 1478 vetusti
1453 1457 1464 1467 .

224 1490 298 1537 De
335 1505 468 1553 gente
503 1488 742 1536 Vincentii
761 1489 875 1537 nihil
896 1489 1084 1536 relatum
1100 1487 1354 1550 accepimus
1375 1525 1386 1546 ,
1427 1487 1506 1534 nifi
1525 1488 1643 1552 quod
1664 1487 1710 1536 in
1728 1489 1846 1537 libro
1865 1489 1918 1536 de
1937 1489 2137 1554 Legibus
2155 1492 2198 1537 δε
2219 1493 2293 1539 Se-

148 1554 496 1602 natusconsultis
529 1574 561 1602 c.
582 1572 660 1618 37.
679 1557 954 1619 Gregorium
977 1555 1292 1617 Caropresium
1315 1592 1326 1613 ,
1366 1573 1500 1619 quem
1523 1557 1745 1602 Italorum
1763 1556 2137 1621 Philosophorum
2158 1574 2287 1606 aetate

151 1620 227 1668 sua
262 1621 515 1669 maximum
537 1622 664 1669 fuiffe
684 1624 828 1668 censet
848 1658 861 1680 ,
900 1621 1143 1669 amitinum
1165 1623 1208 1668 ὃς
1224 1637 1539 1684 praeceptorem
1557 1659 1569 1678 ‚
1610 1622 1704 1668 imo
1719 1622 2013 1670 beneficentia
2034 1625 2131 1687 plus
2148 1642 2287 1688 quam

150 1702 385 1751 parentem
407 1689 600 1752 appellat
621 1724 633 1734 .
670 1688 851 1736 Literas
887 1706 1039 1735 autem
1060 1689 1260 1752 Neapoli
1279 1687 1475 1735 didicisse
1492 1688 1666 1736 videtur
1683 1725 1694 1734 .
1735 1688 1888 1753 Ipseid
1910 1726 1921 1747 ‚
1950 1690 2030 1737 nisi
2050 1691 2251 1738 fallimur
2270 1726 2286 1750 9

146 1753 374 1818 significat
408 1755 455 1801 in
494 1770 697 1802 extremo
731 1754 923 1819 epistolae
957 1755 1010 1801 de
1040 1755 1334 1802 conversione
1353 1755 1662 1802 dofftrinarum
1680 1755 1732 1802 ad
1751 1760 1790 1815 J.
1808 1756 2066 1803 Gabrielem
2090 1759 2286 1822 Regine-

148 1819 272 1867 rium
293 1840 308 1885 3
350 1819 424 1867 ubi
443 1821 553 1868 hanc
567 1821 694 1869 firnul
714 1823 867 1869 urbem
889 1822 946 1867 ob
965 1820 1269 1869 do&rinamm
1289 1823 1595 1886 bonarumque
1613 1822 1779 1870 artium
1799 1822 2104 1871 celebritatem
2122 1825 2284 1872 mirifi-

152 1902 204 1932 ce
219 1886 419 1934 dilaudat
438 1923 450 1934 .
489 1892 569 1946 Jus
585 1889 687 1935 dein
708 1891 866 1935 Romae
884 1888 1037 1935 docuit
1052 1889 1254 1935 Gravina
1275 1888 1319 1936 in
1340 1889 1753 1948 Archi-Gymnafio
1769 1890 2004 1953 Sapientiae
2020 1928 2032 1948 ,
2072 1894 2126 1938 ab
2147 1895 2285 1938 Inno-

151 1952 306 1999 centio
341 1957 453 2000 XII,
488 1953 708 2002 Pontifice
747 1956 798 2002 ad
819 1956 932 2002 hanc
950 1956 1200 2003 obeundam
1221 1955 1501 2019 provinciam
1521 1972 1733 2003 evocatus
1753 1991 1764 2002 .
1804 1957 2052 2004 Auditores
2072 1975 2220 2005 tamen
2240 1958 2285 2005 se

150 2019 484 2083 propemodum
516 2020 811 2068 inventurum
848 2022 1100 2085 desperabat
1120 2022 1163 2068 in
1184 2022 1387 2068 oratione
1407 2022 1459 2068 de
1479 2023 1597 2069 refih
1616 2022 1662 2069 in
1680 2024 1775 2085 jure
1795 2023 2045 2088 disputandi
2068 2025 2244 2072 ratione
2266 2061 2281 2084 ,

151 2085 312 2149 scripta
336 2103 454 2148 1701
468 2121 478 2133 .
498 2088 830 2134 confluentibus
844 2088 1186 2135 'adolescentulis
1205 2089 1256 2135 ad
1278 2089 1504 2135 Dofflores
1522 2090 1830 2153 pragmaticos
1849 2126 1861 2147 ,
1902 2107 1950 2137 ut
1970 2090 2183 2139 trimestri
2204 2093 2279 2139 vel

151 2151 463 2215 quadrimestri
483 2172 619 2217 opera
632 2154 824 2200 delibata
840 2154 1181 2218 jurisprudentia
1198 2191 1210 2213 ‚
1250 2155 1469 2202 continuo
1487 2156 1528 2203 se
1547 2158 1700 2203 cauffis
1719 2156 1900 2220 agendis
1917 2157 2073 2205 darent
2092 2194 2102 2204 .
2140 2162 2283 2206 Erant

150 2217 279 2265 enim
299 2234 396 2265 tum
418 2222 576 2267 Romae
595 2219 890 2267 Ridolfinistae
907 2222 1088 2284 quidam
1111 2258 1123 2278 ,
1142 2221 1249 2286 qui,
1268 2222 1373 2270 dum
1397 2222 1517 2269 Petri
1540 2223 1713 2270 Ridolfi
1734 2224 1892 2287 praxin
1913 2224 2194 2284 judiciariam
2215 2226 2284 2272 in-

148 2297 502 2348 terpretarentur
520 2323 533 2344 ‚
573 2285 788 2334 trImestri
810 2287 953 2333 studio
968 2288 1211 2336 absolutam
1230 2289 1580 2354 jurisprudentiae
1599 2290 1910 2354 cognitionem
1925 2310 2001 2338 ore
2017 2291 2162 2339 ferreo
2181 2310 2284 2355 pro..

141 2347 387 2398 mitterent
407 2387 420 2408 ,
458 2352 512 2398 de
541 2353 703 2416 quibus
726 2352 930 2418 queritur
957 2354 1004 2401 in
1023 2354 1228 2403 oratione
1246 2355 1298 2402 de
1318 2355 1635 2403 instauratione
1655 2358 1899 2403 studiorum
1920 2358 1971 2404 ad
1991 2359 2284 2407 Clementem

143 2417 235 2462 XI.
271 2418 525 2465 Academiae
553 2421 786 2467 Arcadum
806 2438 985 2485 quoque
1004 2421 1144 2470 socius
1163 2423 1248 2469 suit
1268 2459 1280 2481 ,
1320 2423 1443 2484 cujus
1465 2424 1668 2470 literariae
1686 2423 1910 2471 societatis
1927 2426 2043 2488 quod
2063 2426 2197 2472 fuerit
2217 2426 2284 2472 in-

146 2479 353 2530 stitutum
374 2521 388 2542 ‚
424 2485 676 2534 luculenter
703 2505 760 2534 ex
793 2487 998 2534 oratione
1026 2489 1239 2536 Gravinae
1257 2489 1530 2554 intelligitur
1549 2527 1562 2548 ‚
1601 2508 1735 2554 quam
1758 2491 2026 2556 prolegibus
2045 2492 2275 2539 Arcadum

145 2546 304 2595 habuit
324 2586 338 2607 ,
377 2553 421 2597 ὃς
445 2570 539 2616 quae
559 2554 701 2601 exstat
723 2554 840 2601 inter
856 2555 1064 2619 opuscula
1083 2556 1174 2618 ejus
1193 2592 1204 2602 .
1240 2559 1447 2619 Corpore
1467 2556 1554 2603 fuit
1573 2576 1756 2620 procero
1778 2594 1792 2616 ‚
1831 2559 1899 2604 sed
1921 2576 2067 2605 macer
2087 2595 2100 2617 ,
2137 2559 2281 2606 oculis

147 2630 279 2662 utens
316 2618 510 2681 obliquis
546 2622 590 2666 ὃς
630 2620 855 2667 distortis.
896 2622 1144 2686 Augustam
1184 2623 1409 2670 arceffitus
1442 2624 1748 2671 Taurinorum
1771 2661 1784 2682 ,
1819 2624 1926 2672 <lum
1955 2625 1998 2671 in
2029 2643 2081 2671 eo
2101 2626 2192 2683 est,
2230 2642 2279 2673 ut

144 2680 340 2731 sarcinas
357 2685 541 2750 colligat
562 2729 578 2751 ‚
618 2705 672 2734 ex
692 2687 908 2735 viscerum
927 2689 1081 2736 dolore
1101 2688 1221 2735 diem
1241 2689 1360 2735 obiit
1379 2688 1569 2737 secundo
1591 2694 1715 2738 Non.
1735 2691 1932 2749 januarii
1956 2708 2097 2755 1717.
2132 2696 2277 2739 Here-

146 2746 223 2795 des
241 2785 255 2806 ,
295 2749 341 2796 in
379 2753 509 2799 bonis
530 2790 542 2810 ‚
582 2772 675 2817 quae
710 2755 755 2801 in
793 2773 900 2820 agro
919 2756 1203 2804 Consentino
1222 2756 1408 2803 habebat
1426 2794 1437 2814 ‚
1480 2773 1668 2803 matrem
1692 2758 1916 2821 scripserat
1933 2763 2115 2806 Annam
2135 2762 2278 2806 Lom-

147 2811 326 2864 bardam
357 2836 374 2883 3
421 2817 466 2865 in
504 2821 690 2884 reliquis
728 2825 913 2870 Petrum
952 2823 1254 2870 Metastafium
1293 2860 1306 2882 ‚
1345 2823 1669 2871 adolescentem
1712 2829 1970 2872 Romanum
1991 2862 2003 2883 ,
2042 2827 2277 2873 alumnum

144 2877 269 2929 suum
289 2921 302 2942 ‚
341 2884 410 2931 cui
453 2902 540 2933 tres
576 2887 811 2954 discipulos
850 2890 1076 2937 substituit
1096 2928 1108 2948 ‚
1150 2891 1266 2937 inter
1303 2908 1414 2955 quos
1452 2909 1543 2938 erat
1581 2892 1801 2948 Horatius
1841 2894 2031 2939 Blancus
2051 2928 2061 2938 .

214 2950 340 2997 Inter
391 2971 525 3017 opera
580 2955 673 3015 ejus
710 2957 911 3003 eminent
950 2958 1163 3022 Origines
1200 2957 1308 3022 juris
1346 2959 1498 3005 civilis
1534 2996 1544 3016 ‚
1598 2976 1704 3021 quas
1742 2959 1878 3006 etiam
1917 2959 2152 3007 Clementi
2193 2962 2275 3005 XI.

145 3015 305 3078 grandi
354 3021 398 3064 8<
447 3019 629 3068 sublimi
683 3022 888 3071 oratione
937 3024 1167 3072 dedicavit
1201 3061 1214 3072 .
1267 3026 1498 3072 Laudatur
1533 3027 1722 3084 Jacobus
1756 3027 1968 3087 Cujacius
2004 3064 2015 3085 ‚
2066 3025 2186 3090 quod
2224 3025 2278 3071 ad

146 3085 203 3130 L·
241 3096 322 3143 23.
376 3087 436 3134 D·
470 3090 643 3138 Annuis
677 3092 824 3155 legatis
857 3127 872 3152 ,
919 3091 1284 3143 Institutionibus
1336 3097 1357 3153 J
1366 3092 1621 3143 ustinianeis
1670 3093 1886 3160 praemitti
1932 3094 2131 3164 suaserit·
2166 3095 2277 3163 Μεῖ-

2093 3172 2211 3204 ciani
