2596 3479
210 97 320 150 185
447 162 453 167 .

202 174 291 214 vim
334 168 375 214 δε
413 166 650 224 potestatem
690 166 984 223 accipientium
1021 194 1029 205 .

204 231 257 273 est
291 241 458 280 autem,
491 227 540 268 ab
575 225 757 268 instituta
786 222 992 278 republica
1020 221 1158 283 legum
1187 220 1245 263 fe-

202 289 419 330 nudarum
453 284 512 336 jus
538 298 659 337 penes
680 282 934 337 magistratus
954 293 1151 329 maiores,
1176 294 1246 332 po-

203 346 362 402 steaque
391 357 512 399 penes
537 341 777 383 Tribunum
809 339 934 383 etiarn
961 336 1072 380 fuisse
1100 335 1240 390 plebis:

201 403 407 454 Populum
457 416 552 443 vero
589 397 728 451 jussisse
759 413 806 440 ac
839 395 991 439 scivisse
1026 394 1157 449 legem
1193 409 1242 437 eo

199 460 483 517 suffragiorum
525 457 695 510 ordine,
728 468 846 510 atque
881 470 929 497 eo
964 452 1045 496 ritu
1073 483 1084 503 ‚
1117 467 1239 508 quem

1044 512 1103 552 At
1141 525 1236 566 quo-

194 592 311 619 niam
349 573 487 630 populi
517 571 612 627 s'aepe
638 571 830 614 voluntas
865 586 888 626 a
920 568 1045 611 veteri
1080 567 1165 624 lege
1191 567 1238 609 ad

194 648 346 677 novam
375 664 386 682 ,
419 630 482 674 vel
505 629 771 673 concionibus
797 625 1138 685 magistratuum,
1174 625 1238 667 vel

197 519 398 574 superiore
435 515 541 558 libro
584 513 951 558 demonstravimus
985 541 994 551 .

201 689 414 746 propositis
444 685 664 738 majoribus
690 686 940 730 utilitatibus
959 716 970 734 ‚
1005 682 1066 726 vel
1102 695 1231 725 muta-

192 749 306 791 tione
335 760 570 799 temporum
597 744 881 787 traducebatur
904 758 915 796 3
948 741 1037 784 ideo
1064 755 1112 782 ne
1133 741 1234 792 duae,

197 805 383 861 pluresve
409 803 514 846 inter
537 804 570 845 se
598 802 715 845 simul
742 813 970 858 pugnantes
1003 797 1109 861 leges
1132 798 1231 840 civi·

194 874 326 905 tatem
366 859 632 904 distraherent
654 890 665 912 ,
700 858 1040 910 concordiamque
1077 849 1230 918 civffim

191 921 430 971 turbarent,
465 933 567 960 neve
605 916 689 968 jure
717 916 874 959 incerto
915 911 1139 966 respublica
1172 930 1226 964 Ja-

191 977 400 1028 &arerurg
436 974 671 1018 Decemviri
711 970 1039 1022 constituerun't‚
1070 983 1115 1012 ut
1159 987 1227 1024 po-

187 1035 271 1089 puli
307 1034 498 1077 voluntas
533 1030 757 1085 posterior,
791 1029 869 1072 sive
911 1029 1049 1084 legum
1088 1028 1226 1072 eadem

183 1094 234 1134 de
261 1107 300 1134 re
327 1091 502 1142 ultima,
538 1089 643 1144 leges
658 1086 838 1131 aboleret
872 1086 1150 1142 antiquiores,
1182 1104 1227 1130 ac

187 1148 346 1191 sublato
374 1147 457 1198 iure
490 1146 615 1190 veteri
656 1158 840 1188 maneret
865 1145 931 1198 id,
964 1144 1068 1198 quod
1101 1160 1226 1200 popu-

183 1204 244 1248 lus
283 1206 485 1261 postremo
531 1201 690 1247 iuffiffet
718 1236 730 1256 ,
764 1202 849 1247 sive‘
879 1201 1114 1257 abrogando
1141 1235 1153 1256 ,
1187 1203 1225 1246 id

181 1264 234 1306 ef:
264 1263 396 1319 legem
439 1261 596 1317 prorsus
635 1260 884 1304 contrariam
913 1259 1108 1312 ferendo,
1143 1260 1223 1304 sive

183 1321 440 1375 derogando,
475 1319 511 1361 id
537 1318 590 1361 est
610 1332 769 1374 partem
798 1317 942 1372 prioris
969 1316 1068 1372 legis
1095 1317 1217 1361 detra-

181 1377 315 1420 hendo
346 1393 358 1429 ς
390 1376 467 1420 five
501 1375 779 1430 subrogando,
812 1374 850 1417 id
894 1374 947 1417 est
977 1374 1130 1430 aliquid
1175 1376 1220 1418 ad

176 1434 355 1487 priorem
391 1433 524 1489 legem
564 1431 825 1484 adiiciendo,
858 1430 936 1474 sive
967 1432 1219 1488 obrogando,

174 1491 214 1534 id
239 1492 291 1535 esi
317 1489 578 1534 immutando
600 1506 647 1532 ex
674 1490 803 1543 ‘priori
828 1490 916 1532 leve
936 1487 1090 1544 aliquid
1109 1492 1219 1534 ‚Cu-

168 1547 231 1591 ius
253 1549 354 1605 legis
380 1549 440 1591 vis
466 1549 509 1592 in
538 1546 773 1591 universum
803 1546 862 1596 jus
887 1547 1010 1590 civile
1033 1560 1217 1600 penetra-

172 1606 261 1649 vit.
297 1609 409 1649 Nam
443 1606 486 1648 δί
518 1605 560 1647 in
602 1603 754 1658 pac-⁷155,
785 1604 828 1647 &
858 1604 900 1646 in
934 1604 1216 1649 transaciioni-

177 1663 249 1706 bus
272 1695 284 1713 ,
317 1663 359 1706 ἕξ
398 1664 439 1706 in
477 1662 727 1705 testamentis
756 1693 768 1714 ‚
815 1661 858 1704 in
895 1661 1102 1706 sententiis
1127 1695 1139 1716 ,
1174 1665 1214 1707 in

175 1720 535 1764 constitutionibus
557 1719 819 1776 principum,
857 1719 900 1762 in
925 1719 1148 1774 rescriptis,
1173 1722 1212 1765 in

175 1778 465 1821 consuetudine
488 1809 500 1830 ‚
533 1777 575 1827 in
608 1793 750 1830 mora,
785 1777 826 1820 in
857 1776 966 1820 fama
997 1794 1006 1819 :
1040 1778 1213 1836 denique

176 1835 220 1877 in
274 1835 574 1889 possessionibus
600 1865 613 1888 ‚
646 1834 688 1877 in
725 1835 1132 1888 interpretationibus
1174 1838 1212 1881 id

171 1891 328 1946 semper
367 1893 544 1935 servatur
567 1924 578 1944 ,
612 1905 655 1934 ut
691 1909 712 1935 a
755 1892 1036 1947 posterioribus
1077 1894 1211 1947 priora

177 1948 523 1993 submoveantur.
557 1949 676 2006 Legis
699 1962 837 1994 autem
884 1949 968 1994 haec
1002 1952 1120 1995 verba
1152 1952 1209 1996 fe-

165 2021 406 2139 ωηὲἴυεοά
467 2051 783 2140 Postremum
840 2068 1056 2141 populus
1115 2068 1207 2141 jus-

165 2142 263 2213 sit,
307 2143 358 2198 id
397 2144 473 2216 jus
516 2161 690 2200 ratum
732 2144 838 2199 esto
868 2186 880 2198 .

308 2277 349 2319 C
411 2278 449 2320 A
512 2278 542 2320 P
602 2279 645 2320 U
706 2279 750 2320 T
851 2279 1056 2322 LXXIV.

319 2364 386 2408 De
418 2364 660 2420 Privilegiis·
690 2381 764 2407 non
796 2366 1024 2421 Irmgandis
1045 2397 1055 2409 .

268 2449 312 2490 T
334 2462 464 2504 preter
489 2451 548 2495 ius
575 2450 727 2506 legibus
753 2453 1093 2507 comprehensum
1112 2488 1124 2510 ‚
1156 2457 1199 2501 δε

172 2561 180 2570 ‚
248 2542 252 2545 .
287 2506 329 2549 in
355 2507 462 2550 cives
477 2509 960 2581 universosgxplicatum
980 2545 990 2563 ‚
1012 2512 1198 2568 aliquan-

160 2576 220 2625 ω·
257 2578 412 2608 ccrtum
457 2567 516 2610 ius
557 2566 600 2609 ἃ
631 2568 834 2621 peculiare
867 2570 910 2614 in
947 2571 1093 2626 privati
1120 2573 1195 2617 ali-

157 2633 271 2662 cuius
299 2622 508 2684 personam
536 2625 817 2679 constituitur,
850 2629 956 2683 quod
984 2628 1082 2685 legis
1123 2647 1195 2674 no-

158 2691 256 2718 men
288 2680 463 2722 minime
500 2695 710 2733 meretur,
737 2685 830 2739 quia
866 2685 928 2730 lex
953 2687 1193 2742 compleffi-

152 2744 218 2776 tur
239 2750 381 2798 omnes
403 2768 414 2789 ,
440 2737 482 2780 δ(
515 2739 779 2794 privilegium
805 2743 857 2784 est
879 2757 1040 2788 tantum
1057 2747 1192 2800 unius,

156 2788 283 2833 veluti
319 2793 475 2846 privata
507 2793 596 2837 lex:
633 2798 736 2840 unde
759 2799 965 2852 Ulpianus
988 2804 1071 2856 ait,
1102 2805 1194 2855 iura

639 93 741 145 DE
765 91 974 174 ,ψη
1017 86 1434 142 NATURALI
1466 127 1482 157 ,
1524 59 1933 162 ciam-mia,

1082 163 1246 206 Notum
1270 163 1532 218 .stituuntur.
1564 168 1628 218 (a)
1654 169 1824 218 Etenim
1858 169 1899 211 in
1927 166 2102 224 privatas
2141 171 2333 227 personas

1296 237 1379 264 non
1408 223 1511 278 leges
1529 255 1540 275 ,
1573 225 1631 267 sed
1654 224 1800 276 judicia
1821 225 2040 280 seruntur,
2064 243 2132 282 per
2157 246 2246 285 quae
2272 230 2330 275 le-

1293 294 1360 332 ges
1386 280 1433 322 ad
1461 283 1630 343 negocia
1661 285 1910 337 privatorum
1944 288 2329 332 accommodantur.

1297 337 1390 378 Ideo
1411 350 1586 381 vetitum
1615 338 1718 394 fuit,
1752 342 1793 384 in
1816 342 2023 397 privatum
2050 341 2149 387 ferre
2172 344 2328 400 legem,

1293 391 1369 455 hoc
1394 393 1447 437 est
1481 395 1694 452 privilegia
1730 399 1932 453 irrogare:
1969 400 2072 457 quod
2107 416 2155 444 ex
2195 401 2329 446 Athe-

1292 450 1494 515 niensium
1527 453 1738 508 disciplina
1759 489 1770 509 ‚
1803 458 1845 501 δε
1880 458 2039 501 Solonis
2075 457 2228 513 legibus
2255 459 2328 503 de-

1290 508 1408 551 fluxit
1441 524 1481 573 in
1527 509 1633 563 leges
1669 516 1950 559 Rornanorum
1979 548 1989 558 .
2036 517 2147 558 Nam
2198 529 2242 559 ut
2272 531 2324 560 ex

1291 566 1529 630 Andocsde,
1562 569 1646 620 (b)
1687 573 1986 625 Demosthene,
2018 572 2060 615 ὃς
2088 574 2212 616 AEnea
2240 575 2325 617 Ga·

1286 639 1360 665 zeo
1389 641 1429 666 in
1451 625 1782 680 Theophrastum
1810 630 2030 681 habemus,
2065 646 2148 673 non
2176 630 2325 674 licebat

1291 681 1463 725 Athenis
1502 684 1671 727 condere
1717 687 1849 741 legem
1889 689 1930 730 in
1973 687 2178 740 privatum
2204 720 2216 740 ,
2250 688 2326 732 nisi

1285 739 1456 782 occultis
1485 741 1544 784 sex
1589 742 1704 785 mille
1747 745 1902 787 civium
1943 744 2136 799 suffragiis
2168 744 2326 795 jubere-

1287 810 1350 838 tur
1379 814 1388 838 ε
1423 798 1599 842 occultis
1639 799 1785 855 nempe
1814 833 1823 843 ,
1859 814 1902 844 ut
1949 802 2080 851 gratia
2112 799 2154 842 δ(
2181 802 2321 846 odium

1284 853 1400 897 simul
1424 855 1592 899 abesset.
1625 860 1680 901 Et
1713 873 1762 901 ne
1787 859 1876 914 quis
1911 859 2083 903 miretur
2111 856 2321 914 suffragio-

1282 927 1372 954 rum
1399 914 1593 962 exiauum
1615 931 1665 958 ex
1704 927 1817 958 tanta
1845 917 1940 959 urbe
1971 931 2187 958 numerum
2208 947 2218 967 ,
2253 915 2322 959 ad-

1281 971 1489 1013 monitum
1525 971 1681 1025 velim,
1717 974 1926 1026 Athenis,
1960 974 2028 1016 etsi
2065 973 2176 1024 supra
2220 989 2323 1028 qua-

1277 1026 1544 1078 dringentum
1567 1029 1700 1072 millia
1721 1030 1942 1073 hominum
1961 1030 2194 1073 habitarent
2213 1062 2224 1083 ,
2244 1046 2320 1074 nu-

1279 1100 1437 1128 merum
1463 1100 1603 1128 tamen
1632 1086 1786 1130 civium
1820 1088 1868 1130 ad
1889 1088 2039 1143 viginti
2068 1086 2199 1129 millia
2222 1087 2318 1130 fuis-

1278 1141 1310 1185 se
1334 1160 1357 1184 a
1384 1144 1584 1198 Cecropis
1611 1143 1732 1200 usque
1755 1159 1968 1188 tempore:
1996 1145 2066 1200 qui
2093 1159 2316 1188 numerum

1275 1200 1517 1256 cogniturus
1551 1200 1706 1245 civium
1739 1235 1751 1256 ,
1784 1202 1891 1254 jussit
1929 1235 1941 1257 ,
1972 1216 2015 1246 ut
2053 1201 2098 1243 in
2131 1202 2316 1246 medium

1274 1257 1439 1314 quisque
1463 1258 1682 1309 conjiceret
1710 1259 1912 1316 lapidem:
1948 1259 2094 1316 quibus
2123 1275 2317 1303 numera-

1274 1315 1325 1356 tis
1361 1332 1451 1359 eam
1489 1316 1661 1373 collegit
1698 1317 1901 1362 summam
1933 1350 1945 1371 ,
1977 1333 2066 1373 quae
2110 1317 2314 1361 Demetrii

1277 1371 1466 1417 Phaleroei
1501 1386 1685 1429 ternpore
1707 1375 1812 1418 haud
1837 1376 2013 1417 mutavit
2031 1406 2040 1416 .
2074 1377 2132 1425 (c)
2154 1376 2311 1423 Eadem

1273 1431 1431 1474 ratione
1469 1432 1712 1475 Decemviri
1751 1444 1970 1475 vetuerunt
2016 1432 2231 1485 privilegia
2267 1433 2313 1476 in

1269 1504 1517 1543 quemquam
1547 1490 1744 1544 irrogari,
1779 1490 1852 1533 nisi
1881 1489 2066 1532 comitiis
2101 1490 2312 1533 centuria-

1270 1545 1346 1597 tis,
1379 1547 1444 1589 ubi
1468 1546 1797 1590 describebantur
1827 1548 1935 1591 cives
1963 1562 2046 1589 non
2080 1545 2244 1589 confuse
2266 1547 2311 1590 in

1269 1602 1395 1646 tribus
1415 1636 1426 1656 ,
1462 1604 1521 1646 sed
1547 1620 1616 1657 per
1641 1604 1829 1655 ordines,
1863 1605 1905 1648 &
1931 1617 2066 1647 aetates
2104 1603 2146 1645 in
2176 1602 2314 1659 singu-

1267 1660 1323 1703 las
1350 1662 1578 1712 centuriam
1612 1674 1904 1716 proptereaque
1936 1660 2066 1712 major
2099 1659 2191 1704 inde
2216 1661 2311 1704 dili-

1266 1720 1404 1765 centia
1450 1717 1657 1774 majusque
1683 1719 1901 1762 consilium
1945 1720 2152 1762 oriebatur
2178 1749 2187 1761 .
2222 1720 2308 1764 Hic

1265 1792 1336 1818 nos
1364 1789 1527 1831 propter
1558 1777 1758 1820 summam
1785 1777 1923 1827 Jacobi
1948 1775 2108 1827 Cujacii
2132 1776 2309 1820 austori-

1263 1845 1391 1877 tatem
1418 1833 1631 1890 aliquanto
1655 1834 1924 1878 subsistemus.
1960 1835 2026 1885 (d)
2056 1836 2093 1876 Is
2113 1833 2232 1877 enim
2256 1849 2307 1878 ne

1261 1892 1425 1946 quidem
1459 1891 1641 1934 comitiis
1673 1892 1912 1935 centuriatis
1947 1891 2162 1946 privilegia
2203 1891 2306 1934 irro-

1259 1949 1342 2000 ‚eari
1373 1948 1540 2004 potuisse
1567 1949 1781 1992 contendit
1805 1965 1815 1999 ς
1836 1950 2002 2004 ideoque
2030 1947 2304 1999 adjee‘sionem

1260 2006 1376 2048 iliam
1409 2005 1483 2059 nisi
1513 2008 1685 2050 maximo
1717 2008 1947 2056 comitiam,
1983 2006 2184 2062 pertinere
2211 2019 2307 2049 tan-

1259 2076 1344 2107 tum
1374 2077 1491 2120 putat
1516 2066 1563 2107 ad
1596 2064 1728 2118 legem
1773 2066 1818 2108 de
1843 2064 1974 2119 capite
2007 2064 2109 2108 civis
2142 2064 2301 2108 Roma-

1256 2122 1296 2165 ni
1331 2153 1342 2176 ‚
1375 2138 1499 2177 quam
1539 2139 1634 2165 mox
1677 2121 1966 2177 subjungemus
1997 2153 2008 2176 ‚
2040 2136 2245 2178 quamque
2275 2139 2299 2166 a

1256 2179 1460 2223 Cicerone
1497 2196 1590 2224 cum
1620 2180 1689 2223 ista
1728 2179 1991 2231 conjunfflam
2032 2178 2320 2223 invenimus.'

1253 2238 1327 2279 Sed
1365 2237 1585 2287 Cujacium
1615 2238 1774 2282 videtur
1804 2238 1909 2281 idem
1939 2237 2152 2280 confutare
2190 2238 2297 2281 Tul-

1257 2293 1358 2348 lius,
1380 2296 1438 2346 (e)
1457 2295 1525 2351 qui
1554 2293 1685 2338 statim
1712 2296 1795 2349 post
1821 2296 1992 2338 duarum
2017 2294 2154 2341 seeum
2176 2311 2295 2339 men-

1253 2351 1440 2406 tionem,
1473 2364 1656 2405 repetens
1693 2368 1783 2396 eam
1817 2353 1864 2396 de
1898 2351 2148 2408 privilegiis,
2186 2352 2293 2399 hanc

1250 2408 1396 2461 adjecit
1428 2408 1653 2459 clausulam
1684 2442 1696 2464 ,
1729 2426 1843 2466 quae,
1869 2410 1942 2453 nisi
1969 2422 2183 2454 contemto
2201 2427 2293 2466 per-

1249 2468 1488 2523 turbatoque
1528 2467 1670 2512 ordine
1714 2469 1936 2512 verborum
1979 2468 2023 2511 &
2072 2468 2292 2513 sententia-

1251 2541 1340 2568 rum
1359 2558 1371 2579 ,
1405 2524 1549 2580 nequit
1571 2526 1617 2568 ad
1641 2525 1764 2570 solam
1799 2526 1930 2583 legem
1959 2527 2006 2570 de
2031 2526 2162 2584 capite
2189 2543 2291 2572 con-

1246 2583 1350 2627 trahi
1379 2616 1388 2627 .
1435 2585 1499 2626 Ut
1538 2597 1648 2637 patet
1694 2584 1757 2628 vel
1791 2600 1840 2628 ex
1888 2583 2063 2628 leffiione
2096 2584 2288 2642 vulgata,

1243 2657 1331 2697 quae
1362 2654 1409 2684 ut
1442 2640 1539 2685 alibi
1587 2656 1777 2696 corrupta
1821 2643 1869 2686 sit
1906 2676 1918 2693 ,
1953 2643 2020 2686 hic
2054 2656 2191 2686 tamen
2226 2643 2288 2687 lo-

1243 2714 1312 2742 cus
1357 2698 1623 2751 suspicionem
1677 2702 1800 2746 habet
1844 2701 2005 2745 nullam
2039 2733 2048 2743 .
2093 2702 2207 2743 Nam
2243 2715 2287 2746 ut

1210 2755 1350 2800 ‘hanc
1402 2755 1502 2811 legis
1552 2757 1777 2802 clausulam
1829 2760 2096 2810 inseramus,
2141 2773 2285 2804 monet

1241 2813 1459 2858 auif‘toritas
1492 2814 1630 2869 legum
1668 2817 1899 2859 Atticarum
1935 2849 1948 2870 ‚
1996 2817 2039 2860 &
2071 2817 2178 2860 ratio
2210 2834 2283 2871 pu-

163 2863 239 2890 mn
266 2849 307 2891 in
325 2848 509 2906 fingulas
526 2853 712 2907 personas
726 2886 744 2908 ‚-
763 2856 835 2909 sed
850 2862 1083 2912 generaliter
1104 2880 1191 2906 con·
1241 2871 1347 2916 blica
1369 2904 1381 2926 ‚
1411 2887 1500 2929 quae
1531 2871 1753 2928 aliquando
1785 2874 1960 2929 postu¹at
1989 2906 2002 2929 ‚
2034 2887 2078 2920 ut
2110 2876 2283 2933 privile-

196 3008 256 3047 (α)
282 3010 307 3039 L
324 3013 353 3043 8.
370 3010 407 3053 ff
427 3011 462 3042 de
480 3011 607 3054 legibus
622 3034 630 3043 .

144 3052 266 3142 ‘apfbg-
278 3056 320 3088 1η
345 3054 435 3099 myst.
452 3058 593 3092 Demost-
614 3056 907 3107 noeT'A'pm‘mpxxr·
935 3063 1048 3106 Cujac.
1065 3067 1185 3113 obſsrs.

261 2979 1189 3005 .-——--———-—-—-———--——-—-e————-
1507 3003 1724 3013 —-.‘-—-
1776 3005 1882 3013 u—-—
1917 3006 2137 3018 ———-
2170 3009 2280 3021 ⁸—-

1236 3001 1503 3012 —-—--·-—--—-
1727 3009 1771 3015 ——-
1885 3010 1914 3016 o—
2137 3013 2169 3021 n·-

1279 3033 1328 3072 (cl
1354 3033 1449 3065 Petit.
1489 3035 1531 3064 ad
1556 3035 1618 3076 leg.
1649 3035 1755 3067 Actic.
1773 3035 1797 3067 l.
1816 3045 1845 3067 2.
1864 3036 1920 3072 tir.
1941 3047 1967 3070 1.
1982 3044 2095 3081 p.114.

1278 3077 1332 3117 (ἅτ
1361 3077 1550 3117 observas-
1579 3090 1602 3111 c.
1630 3082 1662 3112 8.

1277 3121 1335 3165 (θ)
1360 3122 1468 3164 Lib-3·
1499 3125 1536 3160 d:
1560 3126 1624 3169 lege
1650 3124 1688 3156 in
1708 3123 1780 3169 fine
1796 3146 1806 3158 ο
