2524 3479
213 167 472 268 ciifficnltates
515 231 563 261 ex
613 213 884 272 repugnantia
935 210 1230 276 sententiarum

215 280 385 334 injectas
417 274 591 334 propriae
616 274 776 318 malunt
803 272 1074 327 ignorantiae,
1106 286 1231 326 quam

215 339 359 384 alienae
393 334 660 388 ne:·ligentice
691 332 886 385 assignare
908 361 917 372 .
962 330 1082 385 Quod
1117 332 1233 392 {cepe-

215 412 392 443 numero
424 391 621 444 Cujacius
672 401 815 432 monet
851 420 861 431 .
913 389 1058 443 Itaque
1104 386 1226 442 pluri-

217 472 336 502 mum
372 452 493 497 refert
542 449 668 501 scire,
713 463 838 503 quam
885 446 1049 502 quisque
1084 445 1231 489 setiam

217 509 521 569 jurilconlultus
565 505 873 563 ample&atur.
917 505 1110 560 Cumque
1155 504 1232 546 hoc

220 571 406 616 maxime
439 566 626 610 differant
657 596 670 619 ‚
711 562 819 621 quod
849 563 1061 606 Sabiniani
1111 561 1234 618 :equi-

217 730 440 748 ,,-.-...

221 765 324 799 etiarn
370 772 403 794 re
438 770 499 802 pro
531 769 564 791 re
606 757 684 791 data
713 755 864 790 contrahi
891 778 901 793 ,
941 767 1015 789 cum
1047 753 1235 788 Proculiani

226 809 376 853 pretium
407 805 578 848 exigerent
596 827 604 835 .
634 802 803 836 Sabiniani
831 812 905 835 eum
932 810 1064 835 tantum
1082 798 1236 841 possidere

224 854 392 898 putabant
408 872 419 890 ‚
448 851 505 894 qui
537 860 677 892 corpore
706 859 774 881 rem
791 856 881 881 tenet
896 871 907 887 ‚
937 846 1140 879 Proeulianis
1160 855 1233 877 con-

224 910 279 934 tra
307 924 316 938 ,
344 900 458 932 animo
489 895 592 929 etiarn
625 893 771 936 poffideri
806 892 1067 926 existimantibus
1097 914 1105 922 .
1144 890 1235 924 Sabi-

223 946 316 979 niani
347 945 382 976 in
431 940 671 985 specificatione
700 939 871 982 pristinum
913 948 1006 970 novae
1037 935 1152 978 speciei
1179 935 1233 968 do-

226 991 371 1027 minium
417 986 605 1022 continuari
653 986 812 1028 putabant
840 1006 850 1023 ,
892 983 1079 1016 Proculiani
1122 988 1237 1014 contra

229 1036 422 1070 dominium
453 1031 674 1075 fructificando
720 1028 828 1071 rumpi
855 1051 865 1068 ‚
906 1029 937 1061 8(
966 1027 1163 1071 praevalente
1192 1027 1237 1060 rei

227 1081 342 1114 {orma
379 1078 501 1113 mutari
530 1077 728 1110 censebant·
757 1074 926 1108 Sabiniani
953 1074 1161 1117 pubertatem
1184 1083 1238 1115 ge-

225 1124 365 1161 nerandi
400 1123 550 1166 potentia
601 1120 828 1163 explorabant
854 1142 866 1160 ‚
893 1119 1077 1154 f'roculiani
1122 1128 1238 1151 contra

224 1182 328 1206 annos
361 1168 619 1208 metiebantur,
647 1166 841 1209 opinionem
870 1166 974 1209 magis
1005 1164 1178 1198 hominum
1196 1164 1234 1197 se—

227 1219 295 1252 cuti
312 1241 323 1258 ‚
349 1226 447 1260 quam
482 1213 695 1248 substantiam
711 1236 719 1244 .
748 1211 888 1255 Liquida
914 1212 958 1244 est
982 1210 1092 1253 regula
1109 1220 1165 1253 per
1183 1208 1230 1242 ad-

228 1264 313 1304 jetta
343 1260 502 1303 exempla
533 1283 542 1291 .
570 1258 634 1293 Sed
660 1258 807 1301 praestare
836 1257 939 1290 aufim
973 1279 984 1296 ‚
1013 1256 1132 1288 nullius
1164 1266 1237 1288 earn

227 1310 266 1344 de
311 1316 423 1342 cetero
449 1308 485 1340 in
511 1303 678 1338 solvendis
715 1301 797 1341 juris
829 1301 1058 1345 aenigmatibus
1092 1299 1239 1333 suturam

239 1353 409 1399 potestatis
440 1375 449 1383 .
474 1351 594 1387 Tertio
620 1351 694 1382 loco
722 1347 761 1380 ad
789 1350 981 1390 aequitatem
1026 1348 1119 1388 proni
1149 1346 1236 1394 Sabi-

227 1401 320 1435 niani
347 1398 503 1430 dicuntur
539 1415 550 1435 ‚
590 1393 804 1437 vergentibus
841 1391 1048 1425 eroeulianis
1086 1391 1126 1423 ad
1160 1392 1238 1428 iuris

229 1445 333 1480 stricti
360 1444 504 1486 rigorem
525 1463 533 1473 .
561 1440 617 1475 Illi
648 1440 738 1473 enim
767 1438 926 1472 utilitatis
960 1439 990 1470 &
1019 1437 1239 1470 humanitatis

233 1492 399 1526 rationem
428 1487 550 1522 habent
578 1486 612 1518 in
647 1487 684 1517 L.
715 1494 766 1520 51.
797 1486 824 1528 §.
853 1496 887 1523 2,
914 1487 959 1516 D.
987 1484 1028 1516 ad
1052 1486 1079 1515 L
1121 1484 1242 1526 Aquil.

230 1541 331 1572 Lao.
354 1539 400 1567 D.
427 1534 464 1568 de
489 1531 550 1566 reb.
579 1531 661 1564 cred.
689 1529 728 1562 (9·
755 1533 849 1569 L.13.
879 1533 923 1561 D.
947 1529 987 1562 sie
1011 1528 1070 1560 lib.
1100 1527 1138 1559 Cu·
1163 1526 1238 1568 post.

228 1595 270 1617 ex
297 1581 348 1615 his
378 1582 497 1612 contra·
519 1576 634 1611 Celsus
672 1576 708 1608 in
735 1578 772 1608 L.
803 1586 854 1615 91.
886 1576 913 1617 §.
942 1584 971 1612 3.
998 1577 1043 1606 D.
1072 1574 1109 1605 de
1137 1575 1169 1604 V.
1201 1574 1238 1604 0.

229 1627 440 1673 quaestionem
468 1623 508 1655 de
542 1623 628 1655 bono
656 1621 687 1653 &
717 1630 802 1663 equo
827 1620 886 1652 effe
903 1643 913 1655 ,
940 1620 1014 1659 ait‚·
1042 1618 1076 1650 in
1100 1629 1240 1661 quarum

231 1683 352 1717 genere
381 1669 572 1713 plerumque
599 1666 657 1708 sub
691 1665 889 1699 auetoritate
908 1663 987 1702 iuris
1012 1664 1154 1697 scientiae
1170 1674 1243 1707 per-

230 1717 352 1752 niciose
383 1722 535 1748 erretur·
564 1716 642 1746 Haec
666 1721 798 1755 quoque
827 1711 937 1753 regula
966 1710 1070 1752 magis
1104 1720 1121 1741 a
1149 1717 1241 1752 parte

233 1762 490 1798 Sabinianorum
517 1759 648 1791 munita
674 1757 717 1789 est
735 1779 744 1794 ,
770 1767 869 1800 quarn
896 1767 914 1788 a
953 1763 1045 1797 parte
1076 1755 1236 1787 Proculia-

232 1820 378 1846 norum,
404 1805 460 1838 sed
487 1804 509 1837 si
538 1803 590 1837 vel
607 1801 780 1836 veriffima
811 1802 855 1834 est
875 1823 885 1840 ‚
913 1800 969 1833 usu
996 1808 1110 1833 tamen
1137 1800 1171 1832 in
1188 1799 1234 1832 de-

231 1853 380 1889 cidendis
410 1849 492 1887 iuris
522 1848 755 1881 controversiis
785 1848 917 1889 penitus
947 1845 1159 1878 destituitur.

279 1899 338 1940 ζ’)
366 1895 552 1930 Remittere
582 1893 644 1926 hoc
672 1892 747 1924 loco
781 1891 896 1925 auster
924 1891 1056 1924 videtur
1083 1891 1234 1923 asenten

234 1944 282 1980 tia
313 1942 477 1986 superiore
507 1961 518 1979 ,
554 1949 618 1982 qua
643 1947 758 1971 omnes
785 1939 889 1979 Jctos
914 1937 1032 1969 Stoicis
1057 1934 1167 1969 favisse
1193 1935 1242 1967 di-

234 1997 356 2024 xerat.
384 1984 530 2020 Subsistit
555 1985 645 2017 enim
671 1983 706 2015 in
730 1983 806 2015 solis
833 1982 1036 2014 Proculianis
1069 2004 1078 2012 .
1119 1981 1180 2014 Sed
1205 1979 1242 2012 de

240 2035 293 2069 his
319 2042 449 2077 quoque
478 2029 566 2062 idem
591 2039 708 2072 parurn
737 2027 962 2060 verisimiliter
986 2026 1109 2059 dicitur
1137 2049 1144 2057 .
1182 2029 1242 2058 La-

241 2082 406 2114 borarunt
433 2076 543 2109 Labeo
569 2075 599 2107 &
626 2074 782 2107 Proculus
808 2073 843 2105 in
869 2070 1021 2105 texendis
1037 2070 1236 2109 conjunctior

240 2136 322 2161 num
349 2125 379 2156 8(
404 2119 666 2160 disjunctionum
695 2119 813 2162 regulis
842 2130 851 2151 ε
894 2118 982 2150 idem
1011 2117 1113 2151 Stoici
1139 2115 1244 2149 facere

238 2182 306 2205 non
332 2167 501 2209 dedignati
526 2166 600 2199 sunt
616 2186 624 2195 .
655 2164 716 2198 Sed
742 2164 816 2197 inde
845 2164 919 2206 plus
945 2163 1091 2206 sequitur
1109 2185 1118 2200 ,
1145 2173 1243 2211 quam

235 2215 371 2261 quidem
396 2213 559 2246 hocloco
597 2210 686 2253 sequi
728 2209 867 2242 debebat
900 2229 910 2239 .
954 2209 985 2241 Si
1027 2208 1116 2240 enirn
1141 2208 1242 2242 Stoici

238 2264 314 2296 sunt
330 2283 341 2299 ‚
367 2265 533 2302 quotquot
558 2255 598 2288 de
619 2256 795 2288 verborum
810 2255 923 2296 figuris
941 2253 1124 2295 disquirunt
1141 2276 1150 2291 ‚
1169 2253 1244 2294 JCti

240 2315 358 2339 omnes
385 2303 485 2336 Stoici
511 2308 636 2341 erunt3
662 2311 777 2333 omnes
800 2300 891 2332 enim
918 2299 952 2331 in
977 2298 1080 2332 titulo
1105 2297 1145 2330 de
1175 2309 1238 2330 ver-

242 2353 363 2387 borum
387 2347 626 2390 significatione
663 2346 701 2378 de
727 2356 848 2379 vocum
885 2345 1089 2386 proprietate
1139 2342 1242 2385 dispu-

240 2405 317 2432 tant
353 2415 362 2424 -
391 2387 575 2428 Induerunt
602 2391 704 2435 igitur
728 2389 955 2433 Jurisconsulti
996 2389 1170 2431 personam
1197 2389 1230 2421 in

187 2454 191 2457 ·
242 2442 380 2477 terdum
405 2437 626 2474 Grammatici
645 2459 654 2477 ‚
684 2437 832 2480 poscente
858 2435 891 2468 id
915 2434 1104 2473 coniectura
1130 2436 1232 2467 volun

240 2488 326 2523 tatis
342 2510 353 2527 ‚
379 2494 436 2519 aut
461 2484 572 2519 stricto
596 2480 841 2525 interpretandi
881 2492 997 2525 genere
1028 2502 1038 2519 ,
1086 2491 1151 2513 non
1175 2479 1249 2513 ideo

243 2534 399 2578 protinus
417 2554 428 2571 ,
454 2531 574 2574 quibus
599 2530 633 2562 in
659 2529 720 2562 hoc
735 2539 811 2562 cum
834 2527 956 2561 Stoicis
969 2527 1126 2560 convenit
1144 2549 1153 2564 ,
1170 2537 1241 2560 con-

244 2580 358 2613 veniet
385 2577 490 2611 etiam
515 2576 550 2609 in
577 2574 710 2618 reliquis
735 2597 744 2606 .
772 2577 928 2607 Formam
949 2595 959 2611 ‚
986 2573 1091 2605 veluti
1122 2575 1214 2605 navis
1237 2593 1247 2609 ‚

243 2626 312 2660 fine
339 2623 475 2657 materia
491 2643 501 2660 ‚
531 2621 635 2654 veluti
661 2619 784 2654 tabulis
800 2642 812 2660 ,
839 2618 980 2661 intelligi
1007 2618 1091 2661 poffe
1108 2618 1153 2650 rei
1173 2628 1251 2650 con-

243 2669 418 2703 venienter
445 2671 567 2701 Seneca
592 2674 707 2699 monet
745 2678 755 2706 3
799 2664 915 2698 eadem
940 2664 1118 2696 materiam
1142 2663 1251 2697 absor-

248 2715 319 2750 beri
346 2713 502 2746 Proculus
524 2712 572 2744 ait
602 2734 613 2750 ‚
641 2722 712 2754 quae
738 2710 905 2743 sententiae
932 2709 1069 2742 minime
1094 2709 1166 2742 sunt
1191 2720 1252 2741 eae-

246 2760 347 2794 dem.
375 2762 490 2791 Annos
516 2757 701 2798 pubertatis
728 2759 830 2796 Jctos
854 2755 895 2788 ab
923 2755 1124 2796 Hippocrate
1145 2779 1155 2793 ,
1182 2765 1250 2787 non

246 2817 268 2839 a
291 2803 411 2839 Stoicis
435 2801 578 2834 didicisse
609 2823 620 2837 ,
666 2800 760 2841 supra
786 2801 952 2832 monitum
977 2800 1022 2831 est
1051 2822 1059 2831 .
1101 2803 1251 2833 Mortem

248 2848 474 2885 voluntariam
503 2857 570 2879 non
594 2844 653 2878 soli
680 2845 785 2878 Stoici
811 2844 895 2886 apud
913 2849 1081 2877 Romanos
1097 2845 1250 2878 obibant.

249 2895 474 2938 Pomponium
499 2899 587 2925 certe
612 2891 763 2924 Atticum
791 2890 990 2931 Epicureum
1015 2888 1105 2923 fuiffe
1140 2912 1151 2930 ,
1196 2901 1248 2924 no,

247 2942 361 2975 vimus
378 2964 387 2973 .
413 2938 527 2972 Fuerit
552 2948 590 2970 ea
616 2934 754 2979 proinde
780 2933 850 2972 jure
891 2937 1043 2967 Romano
1087 2947 1153 2968 non
1179 2946 1252 2979 pro.

251 2986 362 3021 hibita
386 3007 397 3024 ,
438 2995 498 3018 nec
523 2981 639 3026 punita
669 3003 679 3021 ‚
708 2980 766 3013 nisi
793 2979 827 3012 in
853 2979 904 3012 his
936 3002 948 3019 ‚
975 2980 1031 3023 qui
1057 2982 1099 3015 ob
1126 2990 1253 3015 metum

252 3042 360 3076 poenae
385 3031 415 3064 se
440 3028 653 3066 occidissent,
680 3034 716 3059 ut
742 3026 848 3059 censet
872 3026 1046 3060 Cornelius
1074 3038 1140 3060 van
1167 3028 1250 3067 Byn.

255 3077 426 3113 kershoelc
449 3074 523 3117 Obf.
551 3077 589 3107 L.
610 3075 666 3105 IV.
691 3079 762 3114 cap.
788 3082 820 3111 4.
859 3081 918 3104 nec
941 3079 1053 3104 tamen
1080 3072 1152 3104 ideo
1177 3072 1254 3105 solis

255 3123 291 3157 id
316 3123 437 3158 Stoicis
462 3128 632 3163 acceptum
659 3116 801 3151 feremus
828 3140 836 3149 .
881 3120 955 3150 lmo
981 3116 1099 3150 horum
1125 3117 1251 3151 senten-

257 3169 315 3203 tiae
340 3168 373 3202 id
399 3177 515 3211 parum
541 3164 739 3208 consequens
763 3170 835 3196 erat
864 3173 877 3204 ,·
899 3173 973 3195 curn
999 3163 1090 3195 enim
1127 3163 1254 3204 sapien·

257 3222 332 3254 tem
354 3213 446 3254 suum
471 3211 555 3248 nulli
580 3208 708 3250 iniuriae
734 3231 746 3253 ‚
783 3208 867 3244 nulli
903 3208 1112 3244 contumeliae
1149 3209 1253 3245 obno-

647 139 766 193 DE
819 135 1079 191 ORTU
1133 135 1251 189 ET
1293 130 1829 190 PROGRESSU

1280 223 1432 255 tatem:
1466 210 1699 254 Proculiani
1729 212 1936 255 summum
1961 210 2022 264 jus
2047 213 2300 269 potiffimum

1283 269 1492 325 ipe&ent;
1524 269 1728 313 variantes
1762 270 1822 312 lice
1853 272 2071 326 opiniones
2103 274 2145 317 in
2180 287 2217 317 re
2253 288 2301 315 u-

1283 327 1439 370 niversa
1471 326 1687 382 lusceptae‚
1723 329 1852 370 varias
1893 331 2018 373 etiam
2043 361 2055 384 ‚
2086 343 2205 387 atque
2237 330 2297 373 di-

1285 384 1411 429 versas
1444 385 1564 429 certis
1597 386 1639 429 in
1666 385 1763 437 juris
1788 386 1974 430 articulis
2003 403 2191 444 peperere
2213 388 2301 431 sen-

1282 443 1432 487 tentias
1462 475 1472 486 .
1524 445 1615 487 Nec
1660 460 1803 498 parum
1852 446 1968 487 auxit
2019 446 2106 489 haec
2146 447 2301 491 dissidia

1284 501 1470 550 Stoicum
1505 500 1816 558 philosophandi
1850 518 2000 557 genus:
2035 506 2116 557 (¹⁵)
2149 507 2211 549 cui
2249 504 2305 547 se-

1287 560 1320 605 se
1364 559 1596 603 Proculiani
1639 560 1768 616 magis
1811 560 2110 606 obstrinxerant
2137 595 2147 605 .
2192 566 2306 618 Qua·-

1838 642 1840 645 ·
2112 623 2305 665 mobrern

2194 722 2313 734 -α,

1287 752 1409 791 xium,
1435 751 1559 784 doloris
1583 763 1695 786 autem
1720 761 1893 795 expertem
1920 752 2001 784 adeo
2028 755 2188 796 fingerent
2213 777 2224 793 ‚
2261 760 2298 787 ut

1286 799 1389 829 etiam
1415 798 1449 829 in
1477 807 1574 831 tauro
1602 799 1784 831 Phalaridis
1810 799 2081 834 exclamaturum
2106 799 2255 831 dicerent
2283 821 2297 838 ‚

1285 853 1385 886 quam
1409 842 1502 876 dulce
1528 845 1572 877 est
1604 866 1617 883 ‚
1661 854 1761 886 quam
1787 844 1849 876 hoc
1876 853 1941 875 non
1967 854 2046 875 curo
2073 856 2086 878 .·
2130 842 2299 887 quomodo

1290 888 1427 929 probare
1457 898 1609 930 poterant
1657 891 1813 934 laqueum
1839 897 2051 932 torquentem
2082 911 2092 928 ‚
2133 900 2298 923 venenum

1287 934 1479 967 bibentem.
1511 935 1758 980 praecipitemve
1785 936 1818 967 se
1843 945 1883 966 ex
1909 936 1980 966 alto
2007 937 2226 975 mittentem,
2257 946 2297 968 ne

1289 980 1384 1012 miser
1408 981 1483 1013 esset
1499 1004 1506 1011 .
1539 983 1612 1012 lmo
1639 985 1752 1014 Romae
1777 990 1906 1024 quoque
1929 990 2031 1022 quam
2058 981 2153 1015 invifi
2180 982 2210 1013 &
2236 981 2300 1014 ab·

1287 1024 1364 1063 jeffi
1382 1027 1491 1064 ,animi
1517 1024 1640 1058 fuerint
1666 1025 1773 1058 habiti
1801 1049 1812 1065 ‚
1845 1025 1900 1068 qui
1926 1026 1986 1059 sibi
2011 1037 2129 1059 manus
2154 1026 2293 1059 intulis-

1286 1070 1358 1105 sent
1376 1093 1387 1111 ,
1414 1082 1454 1104 cx
1483 1070 1629 1112 Virgilio
1655 1071 1792 1113 colligas
1816 1091 1827 1109 ‚
1850 1070 1908 1112 qui

1398 718 1634 732 —-—1-—-

1972 721 2081 732 ——n

1384 1161 1540 1194 Proxima
1560 1160 1685 1193 deinde
1700 1183 1710 1201 ,
1735 1159 1847 1203 inquit
1871 1182 1884 1202 ‚
1928 1170 2040 1195 tenent
2064 1159 2161 1203 maessi
2186 1163 2257 1197 loca
2281 1185 2294 1204 ,

1430 1207 1484 1250 qui
1507 1205 1570 1247 fibi
1599 1209 1701 1239 tetum

1384 1254 1538 1293 Infantes
1561 1259 1706 1294 peperere
1730 1263 1830 1284 manu
1845 1273 1856 1290 ,
1883 1253 2050 1296 lucemque
2073 1253 2172 1295 perosi

1378 1297 1541 1336 projecere
1565 1299 1693 1330 animas
1709 1321 1716 1329 .
1748 1299 1862 1341 ‚Quam
1887 1300 2014 1331 vetlem
2038 1301 2150 1332 aethm
2174 1300 2212 1332 in
2228 1300 2310 1344 alu*

1381 1345 1482 1376 Nunc
1519 1342 1557 1376 (9⁴
1601 1345 1788 1387 pauperiem
1814 1342 1854 1375 &⁶
1891 1343 1987 1378 duros
2023 1346 2162 1388 perferre
2203 1345 2303 1379 labo-

1429 1399 1502 1422 res.

1291 1482 1396 1514 Servo
1421 1488 1537 1514 tamen
1561 1480 1760 1514 naturaliter
1788 1480 1887 1515 licere
1913 1481 1948 1514 in
1975 1481 2067 1514 suum
2093 1491 2212 1523 corpus·
2244 1481 2300 1516 se-

1294 1525 1365 1560 vire
1395 1547 1407 1566 ,
1443 1526 1607 1569 Ulpianus
1632 1528 1678 1560 ait
1704 1527 1740 1559 in
1766 1528 1800 1558 L.
1823 1539 1854 1567 9.
1884 1530 1960 1570 §.7.
1989 1531 2033 1559 D.
2065 1529 2102 1559 de
2130 1529 2238 1560 Pecut.
2267 1529 2299 1562 δε

1290 1582 1390 1610 eum,
1420 1574 1477 1615 qui
1502 1571 1602 1604 taedio
1629 1573 1705 1605 vitae
1731 1582 1878 1605 mortem
1903 1572 1960 1606 fibi
1989 1571 2150 1605 conscivit
2171 1595 2182 1610 ‚
2210 1574 2303 1616 luge-

1293 1618 1318 1650 ri
1346 1627 1412 1650 non
1438 1626 1529 1650 vetat
1556 1619 1747 1650 Marcianus
1779 1640 1790 1656 ‚
1840 1625 1913 1650 utut
1938 1618 2042 1660 lugeri
2070 1627 2159 1651 vetet
2185 1627 2263 1650 eum
2291 1640 2304 1660 ,

1290 1663 1345 1706 qui
1375 1662 1407 1696 id
1431 1661 1546 1696 fecerit
1571 1663 1774 1695 conscientia
1798 1663 1927 1695 sceleris
1958 1685 1965 1694 .
2009 1664 2144 1696 Scilicet
2168 1663 2202 1695 in
2229 1663 2301 1696 illia

1294 1708 1523 1752 negligendam
1547 1708 1723 1741 censebant
1766 1707 1924 1746 injur-iam
1952 1708 2010 1747 {ibi
2037 1709 2117 1741 solis
2141 1708 2300 1748 illatam,

1294 1756 1326 1787 in
1352 1755 1401 1788 his
1439 1753 1673 1787 vindicandam
1714 1764 1829 1786 necem
1861 1775 1870 1790 ,
1909 1763 1979 1796 quae
2006 1755 2036 1786 &
2063 1754 2137 1786 aliis
2161 1754 2302 1787 obesset.

1295 1801 1355 1833 llle
1381 1800 1471 1833 enirn
1497 1800 1626 1832 civitati
1666 1798 1889 1832 interimendo
1929 1799 1958 1831 se
1997 1798 2147 1832 subducit
2185 1800 2303 1832 civem

1291 1846 1468 1888 quemvis,
1494 1844 1547 1877 hic
1570 1845 1679 1877 civem
1707 1845 1800 1876 tollit
1828 1844 2030 1885 Reipublicae
2045 1854 2142 1877 antea
2160 1854 2298 1886 gravem

1295 1893 1322 1922 δι
1350 1889 1442 1927 cuius
1479 1889 1675 1931 supplicium
1700 1890 1775 1920 aliis
1813 1890 1936 1921 terrori
1975 1890 2036 1922 effe
2062 1890 2200 1922 debebat
2226 1889 2301 1921 for-

1296 1935 1419 1968 midine
1448 1946 1551 1979 poenae
1581 1956 1589 1966 .
1620 1934 1767 1977 Plerique
1796 1945 1894 1976 porro
1922 1957 1932 1973 ‚
1971 1935 2120 1976 exceptis
2149 1934 2297 1967 Philoso-

1296 1982 1390 2023 phis,
1417 1982 1473 2025 qui
1500 1979 1609 2013 insana
1635 1980 1692 2013 fibi
1720 1979 1880 2021 sapientia
1908 1977 2098 2016 jactationis
2123 1991 2201 2022 ergo
2224 1980 2301 2013 'ina-

1295 2038 1352 2059 nus
1380 2027 1565 2059 inferebant
1592 2049 1602 2064 ,
1649 2036 1716 2058 non
1741 2033 1865 2058 temere
1891 2035 1929 2057 eo
1956 2025 2156 2058 videbantur
2181 2025 2299 2058 decur-

1296 2072 1384 2110 suri,
1414 2081 1449 2105 ut
1475 2070 1575 2104 taedio
1599 2071 1676 2104 vitae
1703 2071 1787 2103 mori
1812 2068 2024 2103 decernerent
2057 2094 2068 2110 ‚
2096 2071 2298 2113 praevalente

1294 2117 1462 2150 dulcedine
1488 2116 1592 2150 vitae,
1620 2115 1712 2154 cujus
1741 2126 1890 2148 amorem
1922 2124 2039 2149 natura
2072 2116 2139 2158 ipsa
2169 2115 2302 2149 homini

1294 2163 1435 2196 indidit.
1466 2162 1541 2196 Alia
1569 2163 1653 2194 ratio
1680 2160 1855 2195 videbatur
1882 2172 1998 2194 eorum
2025 2183 2036 2202 ,
2072 2163 2130 2205 qui
2164 2162 2198 2194 in
2227 2161 2304 2194 vin-

1293 2209 1375 2241 culis
1402 2208 1580 2245 habitant,
1610 2206 1756 2249 inibique
1785 2217 1910 2240 certam
1942 2217 2091 2240 mortem
2120 2206 2301 2250 opperiun-

1297 2265 1373 2290 tur.
1403 2255 1436 2286 in
1461 2253 1579 2295 primis
1607 2252 1782 2285 deficiente
1814 2273 1825 2290 ‚
1853 2261 1889 2284 ut
1917 2253 2004 2285 inter
2031 2263 2174 2295 paganos
2212 2274 2222 2290 ‚
2251 2252 2306 2294 spe
2329 2264 2333 2269 ·

1295 2308 1384 2332 certa
1413 2298 1562 2331 melioris
1604 2299 1681 2330 vitae
1708 2320 1717 2328 .
1745 2297 1786 2329 Hi
1814 2297 1942 2329 facilius
1980 2298 2146 2339 arrepturi
2177 2294 2304 2330 ferrum

1296 2352 1352 2377 aut
1378 2354 1544 2376 venenum
1581 2341 1725 2375 hausturi
1750 2340 1852 2374 fatale
1885 2342 2081 2375 videbantur
2113 2364 2123 2382 ,
2151 2341 2308 2376 dilaniati

1296 2389 1493 2423 conscientia
1523 2387 1679 2420 scelerum
1708 2387 1738 2418 8(
1766 2386 1916 2429 supplicii
1952 2395 2136 2421 metuentes
2185 2387 2307 2420 atroci-

1298 2444 1399 2468 tatem
1427 2455 1437 2465 .
1476 2436 1605 2466 Horum
1645 2430 1784 2476 proinde
1822 2431 1996 2465 infamiam
2038 2431 2164 2466 intendi
2193 2445 2210 2466 e
2246 2443 2306 2475 pu-

1298 2481 1383 2514 blica
1415 2479 1519 2513 visum
1565 2481 1608 2511 elt
1648 2480 1796 2511 utilitate
1825 2501 1834 2510 .
1883 2478 2145 2512 Aritbmeticam
2169 2489 2301 2522 quoque

1301 2526 1551 2569 proportionem
1579 2525 1682 2557 Stoici
1719 2524 1875 2558 amabant
1903 2546 1914 2563 ‚
1940 2522 2139 2568 aiebantqu‘:
2180 2547 2191 2563 ,
2236 2535 2311 2567 pec·

1299 2580 1371 2605 cata
1399 2571 1511 2604 omnia
1549 2570 1686 2614 aequalia
1717 2571 1777 2604 effe
1805 2594 1814 2603 .
1854 2570 1958 2602 Posset
2001 2571 2122 2614 aliquis
2167 2570 2308 2613 suspica-

1302 2619 1326 2650 ri
1353 2641 1364 2657 ‚
1404 2627 1507 2660 neque
1545 2618 1636 2649 enim
1664 2615 1780 2648 diserte
1820 2615 1853 2649 id
1883 2615 2026 2648 traditur
2064 2618 2102 2648 in
2127 2617 2162 2647 L.
2181 2626 2235 2654 23·
2261 2617 2302 2646 C.

1299 2665 1337 2695 de
1361 2665 1484 2704 legatis
1510 2684 1521 2700 ‚
1567 2660 1704 2694 eandem
1735 2661 1986 2704 proportionem
2014 2661 2216 2694 Proculianis
2256 2669 2311 2692 ar-

1302 2708 1395 2741 rififfe
1426 2709 1459 2739 in
1487 2717 1566 2748 agro
1603 2707 1788 2740 dividendo
1814 2730 1826 2747 ‚
1854 2708 1874 2739 fi
1911 2715 2004 2750 pater
2033 2705 2177 2739 famlias
2204 2703 2306 2738 alicui

1301 2752 1439 2786 fundum
1478 2752 1513 2784 in
1552 2751 1693 2785 solidum
1741 2753 1903 2789 leeaverit
1932 2774 1941 2790 ,
1983 2750 2099 2783 deinde
2144 2750 2201 2783 alii
2240 2758 2315 2791 par-

1301 2809 1369 2832 tem
1395 2797 1466 2836 eius
1496 2796 1672 2829 dimidiam
1699 2798 1877 2830 tribuerit.
1909 2800 2029 2828 Verum
2062 2795 2136 2828 inde
2164 2796 2306 2829 minime

1301 2845 1402 2878 confit
1436 2866 1446 2882 ‚
1487 2842 1698 2874 Proculianos
1728 2842 1847 2874 Stoicis
1876 2840 2023 2873 addi-{tos
2053 2839 2143 2873 fuiffe
2178 2864 2185 2872 .
2225 2845 2307 2873 Non

1301 2891 1392 2924 enirn
1417 2889 1472 2933 qui
1502 2887 1760 2929 proportionem
1800 2885 2056 2918 Arithmeticam
2075 2886 2109 2919 in
2123 2885 2314 2924 conieetura

1302 2936 1445 2979 sequitur
1471 2932 1681 2970 voluntatis,
1702 2942 1779 2965 eam
1811 2930 1884 2962 ideo
1911 2932 2084 2964 conte-stim
2119 2933 2238 2974 probat
2275 2931 2314 2964 in

1301 2979 1496 3015 aestimandis
1526 2978 1666 3018 peccatis
1694 3001 1702 3008 .
1746 2976 1912 3019 Quicquid
1957 2987 2071 3010 autem
2101 2977 2134 3010 in
2173 2985 2315 3020 propor-

1301 3028 1393 3061 tione
1438 3023 1654 3057 Arithmetica
1687 3022 1837 3056 Stoicum
1868 3023 1913 3055 est
1943 3042 1954 3061 ‚
2011 3023 2041 3055 id
2069 3033 2108 3056 eo
2137 3023 2314 3066 pertinet,

1302 3082 1336 3107 ut
1366 3071 1481 3105 omnia
1509 3077 1640 3112 peccata
1668 3068 1731 3101 fint
1763 3068 1854 3111 paria
1907 3067 2001 3111 Legis
2038 3079 2089 3107 23.
2122 3073 2160 3102 C.
2187 3068 2226 3102 de
2251 3071 2314 3100 Le-

1300 3119 1389 3161 ,μεὶς
1415 3141 1422 3146 .
1463 3115 1587 3150 species
1616 3114 1682 3146 haec
1712 3115 1756 3146 est
1788 3134 1796 3142 ·
1845 3116 2023 3147 Leeaverat
2066 3114 2188 3157 aliquis
2213 3110 2314 3145 alicui

1303 3162 1442 3197 fundum
1470 3161 1504 3193 in
1533 3159 1675 3193 solidum
1701 3172 1714 3193 .·
1752 3157 1868 3191 deinde
1899 3159 1956 3192 alii
2001 3168 2130 3203 partem
2159 3155 2229 3195 eiu-5
2265 3156 2319 3189 di·

1301 3208 1439 3244 midiam
1455 3231 1464 3241 .
1491 3204 1637 3249 Quidam
1664 3205 1767 3249 duplo
1792 3203 1954 3244 majorem
1980 3206 2082 3249 primi
2112 3213 2241 3249 partem
2268 3201 2317 3281 eg
