2596 3479
246 206 364 250 bonis
390 203 582 260 haberet,
614 208 701 261 (a)
729 224 751 251 a
785 206 935 251 liberto
955 209 1197 252 centenario
1221 210 1300 251 mi-

246 266 368 318 nori,
401 263 478 307 five
511 265 580 320 qui
614 265 781 308 haberet
824 266 900 308 liae
946 265 1105 309 summa
1138 267 1294 310 minus:

249 322 318 366 hic
344 322 458 366 enim
485 323 547 366 vel
579 338 660 366 uno
683 322 826 365 reliCm
852 323 972 375 filio,
1004 324 1094 376 (b)
1128 324 1197 368 ille
1225 325 1299 368 tri·

247 379 320 424 bus
348 381 484 424 liberis
512 380 786 435 superstitibus
820 380 1044 425 hereditate
1081 381 1172 436 sua,
1218 382 1297 426 five

249 454 299 483 ex
355 439 595 482 testamento
628 469 641 491 ,
691 437 769 481 five
815 440 864 483 ab
918 439 1107 483 intestato

923 131 1064 185 DE
1145 133 1733 206 LEGIBUS,

1361 209 1451 254 sunt
1479 208 1540 261 jus
1571 210 1775 265 assecutae,
1809 211 1914 268 quod
1944 222 2135 269 patronus
2175 233 2223 263 ex
2254 219 2402 267 Εάἱξὶο

1356 268 1540 311 Praetoris
1566 267 1888 318 impetraverat:
1922 270 2004 324 (f)
2030 275 2136 328 quod
2168 275 2226 326 jus
2255 280 2398 325 eadem

1353 325 1443 380 lege
1465 325 1705 381 produuum
1726 327 1803 371 fuit
1827 333 1873 372 ad
1899 329 2049 373 liberos
2075 344 2261 386 patronae
2282 336 2401 392 inge-

1354 399 1444 426 nuce
1465 383 1593 429 trium
1614 384 1835 429 liberorum
1859 403 2030 431 numero
2050 389 2175 432 austae
2193 422 2200 432 .
2217 392 2302 447 (g)
2321 395 2401 437 Su-

1165 452 1300 496 patro-
1356 441 1480 496 perest
1507 454 1627 496 caput
1653 444 1700 487 de
1719 443 1958 488 libertarum
1987 446 2124 508 liberis
2146 479 2158 499 ,
2191 448 2256 500 (h)
2287 450 2395 505 quod

252 512 354 540 num
382 511 449 550 per
475 496 609 551 legem
645 495 812 551 Papiam
840 496 1108 540 excludebat:
1145 498 1295 542 reliS’tis
1354 514 1427 543 nos
1467 498 1516 541 ad
1540 500 1787 554 postremum
1821 502 1958 545 locum
2001 504 2235 559 rejicimus,
2271 506 2394 551 secuti

255 569 349 598 vero
370 553 508 596 minus
529 565 652 608 quam
679 554 806 598 tribus
829 555 951 608 filiis,
987 568 1182 609 patronus
1204 570 1304 600 tan·
1353 571 1508 600 naturae
1541 556 1730 601 ordinem
1759 591 1770 612 ,
1802 575 1889 614 quse
1924 560 2060 604 liberis
2098 562 2312 606 constituit
2342 563 2399 607 se-

253 611 438 655 tumdem
458 609 806 666 consequebatur,
841 625 1044 669 quantum
1069 613 1216 670 singuli
1248 629 1297 657 ex

254 668 418 719 liberis,
451 683 599 723 nempe
633 669 828 722 virilem,
862 684 901 713 at
929 670 1173 725 dimidiam,
1208 671 1296 714 fiu-

252 741 356 770 num
395 725 528 769 silium
568 725 749 770 filiamve
792 728 1010 784 reliquisset
1031 728 1222 772 libertus.
1255 729 1296 772 Si

253 796 394 827 tamen
419 782 525 826 filius
556 782 692 828 liberti
720 785 863 828 unicus
886 798 1096 840 paternam
1140 786 1277 830 heredi

253 852 383 885 tatem
403 841 642 894 omitteret,
668 841 823 885 heredis
856 843 1020 898 quidem
1045 859 1199 887 nomen
1219 844 1299 899 ipse

250 897 430 951 ferebat,
467 898 625 942 utilitas
660 913 805 943 tamen
830 900 1071 944 hereditatis
1094 900 1138 944 in
1163 914 1300 954 patro-

253 971 356 1000 num
392 955 676 1000 conferebatur
704 988 714 999 .
758 959 839 1011 (c)
887 958 1012 1001 Porro
1056 958 1082 1002 fi
1131 959 1298 1003 libertus

252 1014 351 1057 dum
389 1015 577 1067 viveret,
620 1030 701 1069 quo
741 1013 775 1058 se
810 1015 1046 1059 centenario
1087 1017 1295 1061 minorem

252 1073 451 1125 efficeret,
484 1071 526 1114 in
547 1070 731 1115 fraudem
759 1071 856 1129 legis
881 1075 1141 1128 (¹⁶)partem
1167 1075 1300 1118 bono-

252 1145 349 1172 rnm
371 1128 603 1182 alienasset,
623 1129 819 1173 alienatio
838 1142 925 1175 erat
946 1131 1030 1187 ipso
1051 1131 1138 1183 jure
1161 1132 1293 1186 irrita3

255 1187 342 1239 (d)
376 1186 432 1229 fin
463 1185 669 1230 alienaffet
700 1187 742 1230 in
771 1187 956 1233 fraudem
979 1190 1140 1245 patroni
1166 1222 1179 1244 ,
1210 1207 1292 1248 quo

254 1243 369 1288 illius
414 1244 580 1289 virilem
633 1246 929 1300 imminueret,
988 1263 1073 1291 non
1122 1264 1203 1305 quo
1259 1248 1293 1293 se

254 1303 495 1347 centenario
532 1304 740 1347 minorem
773 1305 980 1359 redderet3
1013 1318 1101 1349 tum
1131 1306 1294 1350 valebat

256 1360 420 1415 quidem
453 1360 536 1416 ipso
570 1359 652 1411 iure
678 1360 903 1415 alienatio,
934 1378 1029 1407 cum
1056 1375 1200 1407 contra
1227 1380 1298 1419 pa-

258 1428 426 1459 tronum
466 1429 629 1461 tantum
662 1417 755 1462 esset
778 1450 790 1471 ,
825 1434 908 1462 non
941 1432 1083 1464 contra
1120 1422 1289 1478 legem3

257 1474 319 1518 sed
343 1490 410 1527 per
436 1475 685 1526 Fabianam,
717 1475 760 1518 δε
782 1476 1063 1521 Calvisianam
1088 1479 1293 1523 afflonem

259 1533 547 1575 revocabatur.
579 1533 829 1584 justinianus
850 1549 945 1577 vero
967 1534 1026 1586 jus
1051 1536 1159 1578 aliud
1181 1537 1298 1579 inve·

255 1590 346 1640 xit,
381 1604 450 1643 per
469 1605 641 1644 graecam
662 1591 1001 1635 constitutionem
1018 1624 1030 1646 ,
1063 1593 1173 1645 cujus
1199 1609 1293 1636 cum

258 1646 380 1689 verba
407 1646 701 1700 desiderentur,
735 1647 980 1692 sententiam
1000 1650 1043 1693 in
1066 1651 1299 1694 Institutio--

256 1703 375 1746 nibus
403 1703 599 1747 habemus
623 1705 848 1759 expositam
869 1739 878 1749 .
908 1709 990 1759 (e)
1024 1708 1189 1751 Patroni
1211 1709 1296 1752 filia

254 1758 337 1811 jure
375 1761 502 1805 trium
543 1761 764 1806 liberorum
806 1764 990 1817 suffulta,
1036 1766 1176 1809 eadem
1209 1766 1295 1817 jura

254 1819 296 1860 in
350 1819 507 1873 paterni
553 1818 691 1864 liberti
740 1821 856 1864 bonis
912 1821 1084 1866 habebat
1120 1839 1172 1867 ex
1206 1824 1294 1880 lege

252 1875 402 1929 Papia,
446 1891 533 1931 quae
577 1876 621 1919 &
666 1876 747 1930 ipse
812 1891 1009 1934 patronus
1054 1882 1293 1938 patronique

251 1932 328 1975 filii
374 1949 424 1976 ex
469 1932 616 1976 Edif’m
668 1934 853 1979 Praetoris
888 1935 1084 1980 haberent
1108 1970 1117 1980 .
1155 1939 1295 1982 Patro-

253 2005 316 2033 nae
360 2005 457 2034 vero
502 1989 666 2034 nullum
714 1991 826 2035 aliud
867 1991 928 2044 jus
973 1994 1016 2036 in
1049 1994 1291 2040 libertorum

251 2047 369 2090 bonis
415 2047 652 2101 habebant,
695 2064 820 2105 quam
855 2051 961 2106 quod
993 2067 1042 2095 ex
1077 2051 1152 2108 leg.
1186 2055 1295 2098 XII.

254 2105 378 2148 tabul.
426 2105 755 2159 proficiscebatur
778 2139 787 2149 .
820 2108 982 2152 Verum
1013 2125 1063 2152 ex
1097 2109 1184 2166 lege
1219 2113 1294 2155 Pa-

253 2162 331 2215 pia
363 2173 542 2217 patronae
587 2163 775 2219 ingenuae
817 2166 983 2220 quidem
1029 2167 1208 2222 duobus,
1243 2168 1290 2212 li-

257 2219 427 2267 bertinae
461 2233 560 2263 vero
591 2221 718 2266 tribus
750 2221 960 2266 honoratae
992 2222 1155 2278 liberis,
1188 2226 1295 2270 idem

300 2387 349 2426 [a]
381 2386 457 2427 Inss.
475 2390 539 2421 eod.
559 2392 623 2431 §.2.
639 2389 679 2422 (9·
696 2401 726 2430 3.

295 2432 347 2471 (h)
375 2434 410 2464 L.
433 2437 504 2472 148.
519 2432 558 2477 ff.
578 2436 614 2467 de
631 2436 704 2467 Vs.

298 2476 344 2516 [c]
374 2480 444 2508 L.6.
465 2477 580 2523 §.z-ff.
598 2481 636 2512 de
651 2479 744 2514 bonis
758 2479 847 2514 liber.
866 2482 1001 2522 (5138.
1023 2485 1119 2526 §.ula
1137 2485 1204 2517 eod.

293 2523 351 2561 (⁴²)
376 2521 492 2564 Qualis
519 2532 616 2562 erat,
640 2526 696 2568 qui
722 2527 897 2561 alienando
944 2529 973 2561 se
1010 2529 1175 2563 minorem
1218 2540 1293 2563 cen-

250 2567 381 2599 tenario
419 2566 540 2602 fecerat
575 2569 616 2603 ad
654 2570 740 2610 hoc,
786 2581 822 2606 ut
846 2573 928 2616 legis
954 2583 1152 2615 praeceptum
1178 2574 1289 2608 elude-

251 2618 325 2650 τοῖς
351 2622 425 2645 curn
450 2622 567 2647 contra
591 2616 627 2648 in
651 2614 800 2650 fraudem
829 2619 958 2659 patroni
1000 2619 1144 2652 alienare
1170 2619 1292 2653 dicere-

249 2661 336 2706 tur,
367 2657 422 2707 qui
464 2658 531 2691 sine
557 2658 669 2694 fraude
712 2662 795 2706 legis
820 2663 993 2697 facultates
1021 2664 1088 2696 suas
1117 2664 1291 2698 vehemen-

249 2708 301 2732 ter
321 2712 540 2750 Jmminueret
557 2727 568 2744 ‚
594 2706 637 2738 sic
662 2715 801 2748 tamen,
828 2716 865 2742 ut
890 2709 1100 2742 centenarius
1127 2718 1291 2743 maneret.

248 2745 392 2777 Fabzana
416 2755 526 2780 autem
540 2749 628 2782 aetio
654 2761 793 2793 patrono
811 2752 951 2787 dabatur
967 2777 976 2792 ,
1005 2754 1025 2786 si
1043 2755 1178 2787 testatus
1203 2766 1290 2788 mor-

250 2796 325 2822 tuus
351 2791 429 2824 esset
454 2792 616 2832 libertus,
646 2797 830 2831 Calvisiana
847 2821 859 2838 ,
884 2799 906 2832 fi
925 2799 1110 2832 intestatus.
1129 2803 1201 2832 L.1·
1221 2802 1287 2843 5-4.

248 2838 293 2867 D.
310 2837 354 2866 Τι’
367 2837 456 2878 quid.
473 2838 507 2869 in
518 2839 626 2878 fraud.
645 2848 728 2881 patr.

296 2882 346 2921 [d]
376 2881 456 2923 L.fi
469 2882 606 2916 libertus
627 2890 674 2916 16.
690 2884 727 2927 ff
749 2887 787 2918 de
802 2886 865 2924 jur.
882 2895 968 2929 patr.

294 2929 313 2965 (
328 2926 371 2965 e)
400 2929 494 2969 §.ult
512 2927 620 2968 Instit.
636 2931 674 2961 de
685 2930 814 2972 success.
830 2931 923 2965 liber.

296 2973 365 3014 [f]
394 2973 474 3016 Ulp.
497 2975 617 3016 fragm.
650 2976 706 3007 eit.
739 2977 774 3008 de
790 2974 962 3018 bon-129.
986 2979 1016 3020 §.
1040 2984 1192 3020 patronie-
1218 2983 1285 3015 Te·

244 3025 330 3050 rent.
348 3017 453 3050 Clem.
468 3019 548 3057 lib.3
558 3030 587 3059 9.
602 3018 642 3063 ff.
660 3021 697 3053 de
714 3020 784 3053 bon.
801 3021 864 3055 lib.

288 3061 341 3104 fg]
371 3064 450 3104 Ulp.
466 3065 587 3106 fiagm.
609 3067 733 3098 vizule.

287 3107 366 3148 [h]
395 3108 472 3150 Ulp.
494 3111 552 3141 tit.
572 3121 629 3150 79.
645 3111 672 3152 §.
688 3112 816 3144 licem.

289 3154 376 3193 (⁴⁰²)
405 3156 498 3187 Inter
534 3164 650 3188 caetera
687 3157 796 3199 capita
823 3179 834 3196 ,
874 3157 992 3200 quibus
1033 3158 1280 3193 Celeberrimus

238 3198 429 3234 {reineccius
465 3210 483 3231 a
520 3199 730 3240 Gothofrede
769 3204 800 3236 ὅ(
838 3203 986 3237 Gravina
1015 3203 1141 3238 tradita
1167 3206 1206 3240 de
1232 3206 1280 3239 le-

1351 613 1516 670 quelarn
1543 618 1741 668 parentis.
1775 618 1869 660 Hoc
1898 632 2036 661 autem
2076 632 2197 674 caput
2225 619 2281 662 ita
2307 622 2400 665 Go-

1354 671 1562 715 thofredus
1589 675 1877 726 concinnavit,
1901 689 2048 728 nempe
2065 688 2107 718 ut
2136 677 2251 719 bonis
2271 677 2394 721 liber·

1350 741 1399 772 tae
1422 728 1550 773 etiarn
1564 743 1738 785 quatuor
1753 730 1976 773 liberorum
1992 732 2075 781 jure
2093 731 2271 776 subnixae
2285 766 2296 787 ,
2316 751 2390 789 pro

1351 802 1524 831 numero
1555 787 1782 830 liberorum
1820 787 1973 830 libertae
2007 788 2149 831 mortis
2177 788 2259 840 ejus
2287 804 2394 836 tem-

1350 860 1445 900 pore
1475 844 1752 900 superstitum,
1803 844 1935 887 virilis
1968 860 2056 899 pars
2083 858 2286 901 patrono,
2322 863 2394 904 pa-

1350 903 1537 958 tronique
1559 901 1697 946 liberis
1722 900 1909 947 masculis
1935 901 2159 947 debeantur
2177 934 2186 947 .

1545 1016 1986 1061 CAPUT
2105 1019 2198 1062 LX.

1345 1132 1418 1175 Ad
1443 1132 1672 1187 LPapiam
1690 1132 1896 1188 Poppaeam
1932 1131 1981 1174 de
2004 1132 2163 1174 caducis
2186 1148 2195 1173 :
2223 1131 2312 1186 sive
2335 1136 2391 1180 ad

1407 1204 1411 1207 ·
1463 1191 1512 1234 L.
1539 1190 1810 1235 caducariam
1830 1205 1850 1242 ,·
1881 1188 1937 1233 (9⁴
1980 1190 2028 1232 de
2055 1188 2276 1244 vicesimis.
2310 1236 2313 1240 ,

1429 1306 1701 1362 Uperioribus
1727 1305 1826 1359 legis
1852 1305 2053 1361 capitibus
2072 1306 2272 1363 Augustus
2297 1307 2388 1353 urbi

1446 1365 1607 1408 reddere
1633 1364 1781 1408 studuit
1806 1364 2036 1408 absumtam
2065 1364 2181 1407 bellis
2197 1365 2388 1409 multitu-

1346 1418 1488 1464 dinem
1503 1454 1513 1464 .
1547 1422 1705 1464 Eodem
1729 1437 1825 1464 vero
1846 1434 2030 1476 tempore
2052 1421 2098 1464 de
2119 1422 2319 1476 explenda
2333 1438 2386 1465 ae-

1347 1478 1440 1520 rarii
1467 1478 1613 1522 lacuna
1638 1478 1863 1535 cogitavit.
1887 1478 2146 1522 privatorum
2163 1480 2290 1534 igitur
2315 1480 2386 1522 in·

1345 1535 1521 1578 comodo
1547 1536 1707 1590 publica
1734 1534 1886 1578 levavit
1911 1536 2095 1589 inopiam
2113 1567 2125 1588 ‚
2160 1535 2296 1592 jusque
2313 1552 2388 1591 po-

1347 1591 1446 1645 pulo
1473 1591 1617 1635 tribuit
1646 1592 1688 1634 in
1714 1591 1868 1635 alienas
1889 1591 2154 1634 hereditates:
2187 1593 2232 1636 &
2254 1592 2388 1649 legata

1346 1661 1433 1703 quae
1472 1663 1593 1692 antea
1628 1649 1799 1706 privatis
1832 1660 1991 1704 integra
2033 1650 2231 1706 planeque
2256 1650 2383 1695 libera

1346 1705 1684 1750 dimittebantur.
1731 1705 1853 1755 Unde
1904 1707 1987 1761 post
2029 1709 2386 1752 communicatam

1345 1764 1463 1807 omni
1481 1767 1766 1807 Romanorum
1786 1764 1962 1818 imperio
1976 1765 2188 1809 civitatem
2203 1797 2214 1818 ,
2246 1765 2288 1808 in
2303 1765 2388 1810 irn-

1346 1821 1534 1870 mensum
1561 1821 1644 1865 haec
1672 1821 1782 1864 lucra
1807 1821 1998 1864 aerariiad
2017 1823 2311 1874 commodum,
2334 1833 2382 1865 ut

1348 1879 1462 1921 Dion
1479 1877 1627 1932 refert,
1660 1878 1941 1922 exundarunt.
1976 1880 2032 1922 Et
2056 1879 2191 1933 primo
2206 1878 2381 1935 vessigal

1346 1935 1627 1990 gravissimum
1667 1935 1872 1979 extraneis
1896 1934 2109 1991 heredibus
2139 1939 2258 1987 (non
2280 1936 2384 1980 libe·

1348 1993 1400 2034 ris
1429 1993 1472 2036 &
1496 1993 1755 2048 parentibus,
1784 1993 1864 2044 (i)
1891 2008 1974 2036 non
2001 1992 2177 2049 denique
2194 1992 2382 2048 pauperi-

1347 2049 1449 2101 bus)
1482 2050 1706 2106 imposuit,
1732 2050 2047 2105 vicefimamque
2081 2050 2314 2105 legatorum
2341 2050 2385 2094 δε

1348 2107 1619 2152 hereditatum
1670 2119 1829 2163 partem
1881 2105 2024 2151 inferri
2076 2105 2182 2157 jussit
2236 2109 2253 2158 (
2278 2108 2341 2130 *¹⁵*
2365 2109 2384 2158 )

1348 2163 1390 2207 in
1432 2166 1618 2209 aerarium
1669 2164 1850 2207 militare
1874 2195 1887 2217 ,
1932 2162 2151 2219 populique
2193 2164 2383 2207 offensio-

1347 2237 1445 2266 nem
1494 2222 1576 2274 Jul.
1618 2222 1791 2267 Caesaris
1833 2221 2073 2265 auftoritate
2096 2251 2110 2276 ,
2169 2221 2379 2285 gratiaque

2281 2290 2387 2321 vita-

1855 2356 1959 2364 —-
2068 2353 2384 2364 -n——u———n-

1345 2353 1464 2367 ———--

1345 2399 1383 2429 ge
1409 2391 1498 2432 Julia
1524 2393 1553 2423 &
1584 2392 1681 2431 Papia
1709 2390 1803 2424 auxit
1829 2390 1859 2421 8:
1885 2388 2074 2421 emendavit
2093 2408 2102 2425 ‚
2148 2388 2275 2422 eminet
2298 2387 2377 2421 libri

1343 2435 1470 2468 secundi
1497 2444 1595 2478 caput
1631 2435 1794 2468 decimum
1833 2434 2008 2472 septimum
2035 2434 2065 2466 ἃ
2092 2432 2246 2465 octavum
2263 2454 2272 2471 ‚
2297 2442 2379 2474 quo-

1344 2491 1420 2513 rum
1457 2480 1537 2513 illud
1578 2479 1616 2513 ad
1658 2479 1728 2518 jura
1752 2479 1933 2512 adfinitatis
1959 2479 2047 2511 inter
2073 2477 2233 2510 vitricum
2259 2478 2290 2509 &
2316 2487 2379 2509 no-

1342 2536 1473 2558 vercam
1501 2524 1542 2559 'St
1579 2524 1773 2569 privignos,
1813 2524 1940 2557 soceros
1966 2524 2048 2555 item
2087 2523 2116 2554 δε
2143 2531 2299 2565 generum
2324 2520 2379 2555 vel

1343 2581 1487 2610 nur-im3
1515 2570 1576 2603 hoc
1601 2570 1640 2602 ad
1668 2569 1840 2612 privilegia
1864 2568 2049 2601 absentium
2069 2567 2275 2609 Reipublicae
2289 2566 2377 2599 caus-

1340 2616 1372 2648 sa
1395 2615 1425 2646 &
1449 2615 1692 2659 indulgentiam
1717 2620 1852 2649 Senatus
1879 2613 2041 2655 pertinet·
2076 2654 2083 2660 ι

1384 2661 1438 2700 (ι’)
1465 2660 1590 2693 Pliada
1604 2669 1719 2702 paneg.
1735 2660 1774 2692 <5
1789 2662 1815 2692 t.
1832 2661 1918 2692 unio.
1950 2657 2007 2691 ubi
2023 2661 2136 2696 cuiae.
2167 2656 2203 2689 in
2216 2662 2322 2698 parat.
2341 2656 2379 2687 C.

1339 2706 1377 2738 de
1391 2703 1458 2737 c'ad.
1478 2708 1547 2737 tou.
1568 2707 1666 2738 Dion·
1681 2704 1738 2738 lib.
1760 2713 1810 2743 55.
1832 2716 1884 2736 an·
1902 2713 1978 2746 759.

1385 2750 1496 2791 [⁹⁰⁸²]
1526 2753 1600 2783 Nec·
1634 2758 1747 2782 tamen
1774 2749 1804 2781 id
1829 2749 1897 2790 lege
1924 2747 2022 2789 Papia
2053 2747 2192 2786 Poppaea
2216 2741 2341 2792 fastum
2361 2764 2375 2783 ‚

1337 2802 1372 2828 ut
1398 2795 1531 2828 innuere
1557 2794 1687 2828 videtur
1716 2793 1837 2826 Austor
1855 2815 1866 2832 ‚
1906 2791 1957 2824 sed
1984 2793 2053 2831 lege
2080 2790 2167 2830 Julia
2194 2789 2373 2821 Vicesimu-

1337 2840 1408 2879 ria,
1435 2839 1502 2872 lata
1521 2840 1632 2882 paullo
1645 2847 1722 2872 ante
1738 2838 1844 2877 legem
1862 2836 1995 2876 Papiam
2012 2837 2182 2876 5’oppaeam
2203 2855 2214 2871 ,
2241 2841 2277 2866 ut
2297 2843 2379 2884 .¹¹²¹.'‘

1336 2891 1385 2918 rat
1411 2885 1506 2917 Dion,
1537 2884 1596 2917 lib.
1614 2887 1677 2917 LV.
1694 2886 1806 2924 p.565·
1834 2882 1876 2913 ad
1895 2883 1931 2911 Α.
1948 2883 1980 2913 U
2009 2882 2049 2913 C.
2065 2889 2143 2918 759·
2168 2881 2252 2911 Eam
2282 2878 2377 2918 libris

1333 2929 1460 2964 duobus
1474 2929 1649 2962 illustravit
1664 2928 1811 2961 Amelius
1826 2929 1961 2960 Marcer
1975 2946 1985 2963 ‚
2000 2935 2018 2957 e
2033 2925 2152 2967 quibus
2165 2922 2269 2955 adhuc
2282 2921 2373 2966 frag-

1331 2983 1444 3009 menta
1459 2974 1606 3018 quaedam
1624 2975 1658 3006 in
1677 2971 1845 3005 Pandeffis
1861 2971 2015 3014 leguntur
2031 2991 2038 2999 .
2067 2969 2265 3002 Vicesnnam
2292 2968 2370 3001 dein

1331 3020 1498 3056 Caracalla
1514 3018 1705 3062 duplicavit
1719 3041 1729 3055 ‚
1757 3025 1793 3049 ut
1821 3016 1940 3058 inopiae
1953 3014 2059 3048 aerarii
2082 3012 2242 3046 militaris
2258 3012 2376 3063 consu·⁶

1332 3066 1416 3099 leret
1440 3089 1450 3107 ,
1492 3075 1552 3107 pro
1581 3063 1735 3097 vicefima
1765 3070 1856 3104 parte
1882 3059 2072 3094 hereditatis
2102 3059 2263 3092 decimam
2280 3055 2376 3100 pendi

1332 3110 1436 3149 justit.
1464 3111 1552 3144 Dion
1572 3111 1606 3142 in
1626 3110 1798 3143 Exceroeis
1814 3107 2026 3144 Peirescianir
2041 3102 2367 3152 lib.1.xxt111.·pag.

1329 3156 1616 3199 745.Herodianus
1632 3154 1690 3186 lib.
1707 3155 1763 3184 liz
1795 3159 1862 3194 cap.
1878 3164 1910 3190 7.
1940 3150 2044 3182 donec
2073 3149 2246 3182 Macrinus
2259 3145 2372 3188 νικῆ-

1331 3213 1421 3241 mani
1436 3201 1631 3237 reduceret.
1650 3199 1740 3234 Dion
1760 3201 1839 3234 Exc.
1858 3196 2058 3232 LXXVIII.
2074 3197 2190 3239 3893,
