2596 3479
234 79 307 130 80
731 73 848 126 DE
892 70 1164 126 ORTU
1217 71 1337 125 ET
1396 69 1930 126 PROGRESSU

212 149 529 207 illustrandoque
577 145 765 193 dissoluto
820 148 892 191 illo
942 148 985 191 ἅ
1031 145 1255 201 caliginoso
1303 162 1478 191 ornnem
1510 147 1730 191 transmisit
1758 148 2033 203 posteritatem
2059 177 2069 190 .

215 210 354 267 legum
382 223 550 264 corpore
578 207 758 263 profudit
790 222 800 259 3
846 218 889 248 ut
916 204 1066 248 merito
1094 203 1258 264 lucerna
1468 205 1508 248 C
1549 208 1609 252 ,Α
1674 205 1702 248 P
1763 207 1806 248 U
1868 207 1912 248 T
2001 206 2214 250 CXLtv.

214 268 312 321 juris
337 265 611 324 appellaretur
645 298 653 307 .
704 264 787 319 Qui
820 264 934 306 enim
959 275 1054 305 ante
1080 261 1213 318 ipsum
1248 292 1258 313 ,
1421 263 1486 305 De
1518 264 1650 305 variis
1679 264 1887 307 Irneri'anae
1918 265 2062 307 Schola:
2084 264 2241 308 Sedis.

214 327 343 370 etiam
383 326 425 368 in
452 323 695 368 Bononiensi
727 320 861 364 schola
891 353 904 375 ,
950 319 1259 376 interpreratio-
1414 320 1483 371 Jus
1515 335 1535 362 e
1571 319 1706 364 schola
1730 321 1970 366 celebriores
1999 322 2246 376 interpretes
2266 336 2358 377 pro-

215 400 315 429 nem
339 383 470 427 fuerat
494 380 693 438 aggressus
721 381 823 434 Pepo
843 410 855 433 ‚
890 380 1063 435 probatu
1081 378 1258 434 dignum
1433 377 1640 421 fluxerunt
1671 379 1791 435 usque
1822 379 1871 424 ad
1906 379 2147 424 Accurfium
2180 396 2189 421 τ
2225 396 2247 423 a
2274 395 2356 436 quo

215 441 368 487 extulit
399 440 535 485 nihil.
570 438 852 495 Qamobrem
889 436 959 479 uni
1006 437 1163 479 Irnerio
1190 435 1260 486 Ju-
1308 434 1468 489 plenior
1497 433 1594 487 juris
1625 438 1751 490 coepit
1782 436 2007 494 explicatio
2028 438 2160 494 ‘usque
2186 437 2234 480 ad
2260 437 2360 480 Bar-

216 500 465 544 stinianeum
497 496 861 551 ius'·.integtitatem
885 495 995 538 suam
1024 526 1036 548 ‚
1078 494 1121 536 ἃ
1145 492 1256 545 juris·
1308 491 1474 536 tolum:
1507 507 1529 535 a
1562 509 1641 549 quo
1678 494 1822 538 latiora
1853 496 2154 539 commentaria
2182 495 2362 538 inunda-

216 559 433 615 prudentia
458 556 589 599 vitam
612 566 822 610 acceptam
851 552 973 596 refert
1001 585 1008 593 .
1046 553 1080 594 Is
1106 567 1220 594 enim
1241 565 1262 593 e

184 616 346 660 ⁷'’rariis
369 614 574 659 codicibus
607 645 620 666 ‚
662 624 705 655 ut
730 611 900 656 credere
934 611 989 654 est
1021 642 1032 663 ,
1084 608 1260 664 undique

219 674 396 726 mauis,
429 672 471 715 &
499 670 612 714 simul
642 669 831 723 collatis,
863 681 982 725 atque
1012 667 1192 722 p'uribus
1210 681 1260 729 ex

216 730 465 786 fragmentis
491 728 666 781 judicio,
703 727 745 771 ἃ
768 727 961 770 acumine
987 725 1052 767 suo
1068 722 1261 768 commis·

220 789 293 844 sis,
327 788 453 844 sparsa
480 785 578 839 juris
605 787 789 829 membra
811 783 981 839 collegit
1015 799 1023 823 τ
1059 796 1262 838 quemque

218 852 337 892 nunc'
367 846 565 889 habemus
602 842 870 887 voluminum
905 840 1093 884 ordinem
1121 840 1165 881 in
1202 855 1262 881 re-

218 905 363 961 giones
384 936 396 958 ,
428 902 640 959 aetatesque
668 916 813 945 omnes
844 933 856 953 ‚
889 897 1033 941 additis
1056 897 1263 941 obscurio-

1310 562 1405 593 runt
1430 582 1441 604 ,
1493 565 1578 605 non
1611 551 1733 596 modo
1766 552 1811 596 in
1844 552 1951 607 leges
1983 585 1996 605 ,
2047 553 2108 596 sed
2153 554 2283 597 etiam
2315 552 2360 595 in

1309 607 1410 662 ipsas
1454 608 1635 652 Accurfii
1672 642 1684 662 ‚
1742 608 1785 653 ὃς
1828 623 2013 653 veterum
2056 610 2357 663 explicationes

1311 665 1430 722 longe
1453 667 1760 710 verecundiores
1784 667 1913 710 textui
1938 666 2238 721 circumdatas,
2258 683 2356 723 quas

1309 738 1441 777 graeco
1475 724 1673 768 vocabulo
1705 724 1864 768 Glossas
1899 739 2119 768 vocamus:
2157 726 2262 781 quod
2291 740 2362 781 per

1308 797 1374 825 eas
1415 814 1426 834 ,
1478 783 1610 825 veluti
1657 797 1727 839 per
1770 782 1931 838 linguas
1976 781 2115 838 legum
2150 782 2360 826 sententiae

1308 838 1494 896 alioquin
1526 840 1702 884 obscurae
1736 842 1966 896 pandantur
1994 872 2004 882 .
2039 840 2190 883 Bartoli
2221 838 2363 894 profu-

1309 897 1345 940 sa
1387 899 1698 941 commentandi
1744 898 1872 942 libido
1921 897 2155 954 posteriores
2205 899 2363 942 incessit

218 979 312 1006 rum
347 962 532 1005 locorum
560 957 968 1014 interpretationibus
1007 987 1019 1008 ‚
1064 951 1551 1011 implora-{interpretes
1595 957 1715 1012 usque
1758 956 1805 998 ad
1843 955 2091 999 Alciatum:
2142 956 2211 1012 qui
2247 956 2365 999 novis

219 1033 340 1077 taque
370 1017 635 1075 Imperatoris
649 1016 886 1059 austoritate
902 1012 1146 1056 transmisit.
1170 1016 1261 1056 Stu-
1284 1013 1537 1057 fluminibus
1567 1029 1616 1057 ex
1649 1029 1804 1068 graeca,
1836 1013 1879 1056 ὃς
1914 1017 2104 1056 Romana
2135 1014 2367 1070 antiquita-

219 1078 424 1121 diosorum
451 1087 588 1119 autem
616 1075 798 1117 laborem
827 1073 978 1115 levavit
999 1070 1263 1114 laudabilisa-
1285 1062 1347 1127 lte
1377 1103 1389 1126 ‚
1433 1070 1686 1126 abstrusaque
1721 1070 1873 1126 linguae
1906 1070 2043 1113 latinae
2076 1072 2225 1114 notitia
2257 1103 2270 1125 ‚
2317 1071 2362 1114 &

218 1151 270 1178 ne
295 1150 415 1190 opera
438 1167 449 1187 ,
484 1131 652 1177 redaffis
680 1146 826 1187 nempe
852 1131 894 1172 in
920 1129 1133 1183 epitomen
1168 1128 1384 1185 sale-{ope
1426 1129 1525 1172 artis
1557 1127 1710 1173 criticae
1743 1128 1876 1174 secum
1911 1127 2190 1172 reviviscentis
2218 1159 2231 1181 ‚
2279 1127 2365 1183 pri-

221 1192 342 1236 brosis
374 1225 385 1245 ‚
437 1204 556 1247 atque
589 1189 763 1247 garrulis
789 1187 1004 1240 Justiniani
1032 1186 1259 1230 Novellis:
1311 1187 1418 1231 scam
1472 1187 1516 1230 ὃς
1557 1201 1800 1243 germanam
1842 1184 2168 1241 jurisprudentiae
2209 1185 2361 1230 faciem

218 1266 391 1306 quarum
444 1250 620 1292 summas
664 1247 888 1303 perspicuas
934 1245 1047 1288 simul
1086 1277 1098 1299 ,
1143 1256 1262 1300 atque
1310 1244 1519 1288 disclusit:
1566 1244 1760 1287 barbariae
1791 1259 1888 1286 vero
1923 1243 2170 1300 squallorem
2203 1243 2361 1297 prorsus

220 1310 359 1351 breves
392 1323 461 1362 per
492 1305 660 1349 Codicis
693 1304 835 1348 titulos
867 1302 1092 1358 dispertivit
1118 1335 1129 1356 ‚
1159 1316 1260 1346 atte-
1308 1318 1492 1346 omnem>
1513 1302 1687 1345 detraxit
1720 1300 1913 1352 Cujacius
1944 1334 1957 1356 ,
1989 1302 2057 1357 qui
2093 1300 2361 1346 memorabile

218 1365 390 1420 §ruitque
423 1363 578 1420 legibus
612 1363 662 1405 iis
685 1394 695 1413 ‚
728 1377 815 1417 quae
848 1360 1022 1403 novellis
1055 1373 1123 1403 aut
1145 1362 1262 1403 abro-
1311 1361 1352 1403 in
1387 1375 1519 1403 aevuzn
1556 1359 1710 1402 Alciati
1742 1374 1925 1414 coeptum
1958 1359 2132 1402 absolvit
2157 1391 2169 1411 ‚
2212 1375 2258 1403 ea
2294 1359 2359 1402 in-

218 1425 420 1479 gabantur
447 1454 459 1475 ‚
492 1433 562 1464 aut
593 1419 843 1463 detraffione
877 1451 888 1471 ,
942 1418 1003 1461 vel
1037 1417 1263 1461 adiectione

218 1482 487 1522 mutabantur
518 1496 527 1520 :
584 1494 680 1534 quas
719 1476 992 1520 Authenticas
1022 1476 1166 1531 vulgus
1191 1492 1262 1530 ap·

217 1537 343 1594 pellat
377 1570 385 1580 .
432 1536 555 1579 Unde
582 1551 649 1590 per
676 1535 881 1577 Irnerium
911 1549 989 1577 una
1019 1534 1115 1576 serie
1142 1565 1153 1584 ,
1198 1549 1264 1576 ea·

215 1596 389 1650 demque
436 1593 610 1638 leS‘tione
642 1625 653 1645 ‚
700 1592 867 1635 Codicis
908 1591 951 1633 ἅ.
987 1590 1262 1634 Novellarum

215 1652 371 1695 sensum
401 1651 495 1696 licet
519 1651 726 1705 arripere.
760 1649 1007 1692 Cavendum
1042 1661 1182 1691 tamen
1215 1651 1264 1690 ab

217 1711 445 1763 erroribus,
479 1724 579 1765 quos
613 1708 654 1750 in
688 1708 735 1751 iis
758 1706 1111 1761 deprehenderunt
1132 1707 1262 1749 erudi·

218 1767 280 1810 ti:
316 1768 386 1824 qui
419 1782 503 1810 non
538 1781 684 1822 paucas
716 1781 855 1808 earum
890 1763 1224 1807 authenticarum
1250 1796 1262 1815 ,

218 1837 288 1868 aut
311 1824 417 1868 male
450 1823 647 1867 Novellis
668 1823 951 1878 respondentes
977 1854 988 1874 ‚
1021 1834 1089 1864 aut
1111 1837 1194 1864 non
1216 1822 1262 1863 ad

218 1884 305 1926 suos
338 1882 478 1925 titulos
511 1881 654 1924 relatas
682 1913 694 1934 ,
733 1880 1001 1924 observarunt
1030 1911 1038 1920 .
1073 1881 1261 1935 Quorum

214 1956 399 1984 errorum
448 1939 584 1982 seriem
621 1938 794 1994 pertexit
828 1938 999 1989 Jaco'fius
1034 1938 1261 1979 Viss'emba-

215 1998 334 2042 chius
373 2015 381 2039 ε
427 2012 599 2052 eamque
642 1996 768 2038 adsuit
808 1992 1072 2050 dissertationi
1107 1995 1186 2047 suae
1217 1995 1263 2037 de

213 2069 346 2097 mutuo
379 2087 387 2096 .
421 2058 524 2097 Sunt
556 2053 623 2109 qui
658 2054 738 2096 sero
774 2052 974 2096 Novellas
1009 2053 1168 2095 Irnerio
1201 2052 1263 2095 in-

218 2112 391 2156 notuisse
424 2111 587 2155 tradunt
614 2128 622 2152 τ
657 2111 888 2166 adduntque
916 2143 927 2163 ‚
962 2109 1082 2153 illum
1109 2142 1121 2164 ,
1164 2111 1262 2153 dum

213 2172 349 2214 causas
370 2182 500 2213 oraret
527 2201 538 2221 ‚
569 2168 842 2212 Novellarum
865 2168 1102 2211 auffioritate
1118 2167 1261 2211 confu-

215 2241 346 2271 tatum
368 2260 380 2281 ,
415 2227 570 2283 negasse
604 2242 850 2283 germanum
883 2241 947 2268 eas
977 2225 1051 2269 effe
1080 2227 1260 2280 Impera-

213 2290 315 2329 toris
349 2298 508 2339 parturn
538 2316 548 2337 ,
601 2285 659 2327 sed
694 2283 910 2326 nebulonis
942 2282 1112 2334 alicujus
1145 2299 1255 2326 com-

211 2355 404 2387 mentum
438 2374 449 2395 ‚
492 2342 598 2397 quod
641 2341 730 2384 vim
764 2341 829 2384 fibi
868 2341 970 2397 legis
1003 2341 1213 2396 adrogaret
1250 2373 1258 2382 .

212 2401 301 2456 Ipse
336 2417 430 2443 vero
465 2399 671 2451 Irnerius,
705 2415 800 2443 cum
838 2401 1049 2442 Ravenna?
1079 2412 1187 2441 artes
1211 2398 1250 2442 liv

211 2457 365 2502 berales
397 2458 583 2510 doceret,
618 2458 851 2499 Bononiam
885 2470 1053 2499 vocatus
1079 2488 1090 2509 ,
1122 2455 1183 2508 jus
1203 2455 1238 2500 ci

211 2516 296 2559 vile
332 2516 499 2571 suscepit
532 2516 826 2569 explicandum
861 2513 1022 2567 publice
1052 2531 1060 2554 :
1095 2530 1141 2557 ac
1175 2514 1254 2568 pri-

212 2574 345 2616 vatim
371 2574 480 2616 domi
508 2573 690 2616 mercede
717 2573 766 2615 ab
792 2572 1043 2615 auditoribus
1067 2584 1256 2628 accepta,

210 2632 350 2686 paucis
374 2644 467 2673 ante
492 2632 609 2673 annis
635 2663 646 2684 ,
679 2647 804 2685 quam
834 2629 895 2681 jus
920 2629 1041 2672 civile
1072 2631 1255 2683 Impera·

210 2688 311 2731 toris
335 2688 480 2730 Edicto
507 2689 804 2742 publicaretur:
839 2701 881 2730 ut
908 2686 1153 2742 suspicantur
1177 2688 1235 2730 Bo

208 2745 425 2788 nonienses
468 2746 593 2787 Cives
627 2746 668 2788 in
707 2744 872 2799 epistola
909 2745 956 2786 ad
994 2743 1252 2796 Neuhusium

206 2802 353 2858 scripta
383 2819 390 2844 :
428 2817 549 2859 quam
580 2817 741 2844 mecum
766 2801 873 2844 inter
900 2801 978 2843 alia
1013 2800 1215 2844 selecWiora
1241 2836 1252 2857 ‚

205 2860 250 2904 &
288 2861 436 2903 rariora
474 2858 663 2915 opuscula
697 2891 708 2911 ,
748 2874 923 2914 quorum
957 2858 1248 2903 bibliothecam

204 2919 315 2962 suam
342 2918 461 2960 habet
484 2917 782 2961 refertissimam
801 2948 812 2968 ,
834 2916 1123 2958 humanissime
1137 2933 1250 2961 corn-

204 2975 439 3020 municavit
479 2976 695 3017 Marcellus
727 2974 952 3016 Severollus
981 3004 989 3014 .
1042 2975 1105 3016 Eo
1133 2975 1247 3028 pafto

204 3035 388 3077 Irnerius
430 3033 564 3076 lucem
597 3065 608 3086 ,
662 3047 785 3087 quam
839 3030 1246 3084 interpretationibus

204 3092 283 3138 suis
306 3091 446 3136 attulit
473 3089 794 3147 jurisprudentiae
822 3121 832 3143 ,
867 3105 934 3144 per
958 3087 1174 3143 discipulos
1197 3091 1243 3134 acl

1311 1417 1614 1472 terpretationis
1638 1417 1860 1470 felicitate,
1894 1432 2018 1473 eaque
2042 1417 2247 1473 elegantia
2267 1448 2279 1469 ,
2312 1416 2358 1461 ὃς

1314 1476 1483 1519 veritate
1516 1474 1659 1527 majori
1693 1507 1703 1525 ,
1748 1488 1794 1517 ut
1841 1490 1942 1518 unus
1985 1473 2183 1526 Cujacius
2215 1474 2361 1530 dignus

1314 1533 1359 1576 sit
1395 1565 1407 1586 ‚
1451 1533 1516 1576 cui
1543 1565 1555 1585 ‚
1605 1531 1674 1575 etsi
1708 1545 1892 1587 tempore
1924 1563 1935 1585 ‚
1980 1545 2100 1588 atque
2147 1532 2245 1576 ausu
2277 1546 2362 1574 non

1314 1590 1450 1646 primo
1475 1623 1487 1644 ,
1522 1602 1606 1632 tota
1638 1589 1961 1644 jurisprudentiae
1995 1589 2191 1633 restitutio
2219 1619 2232 1643 ‚
2266 1605 2365 1645 pro-

1315 1662 1401 1705 pter
1446 1648 1720 1703 praestantiam
1763 1646 1846 1699 ejus
1891 1647 2005 1702 supra
2048 1660 2202 1691 ceteros
2235 1647 2363 1692 inter-

1314 1718 1444 1762 pretes
1466 1738 1478 1759 ‚
1520 1705 1765 1749 adscribatur
1792 1737 1802 1748 .
1853 1706 1966 1749 Hinc
1998 1721 2020 1748 a
2054 1705 2171 1749 nobis
2204 1704 2356 1750 fincera

1312 1764 1449 1807 omnis
1475 1796 1486 1817 ‚
1527 1763 1572 1806 ὅ(
1613 1763 1769 1807 erudita
1810 1762 2100 1817 interpretatio
2132 1762 2360 1814 Cujaciana

1314 1820 1624 1876 jurisprudentia
1687 1832 1994 1876 nuncupatur:
2051 1821 2244 1875 exemplo
2294 1836 2364 1864 ve-

1314 1894 1451 1923 terum
1479 1912 1490 1932 ,
1521 1879 1589 1934 qui
1620 1878 1674 1920 ob
1709 1878 1892 1922 nominis
1924 1876 2210 1922 celebritatem
2238 1910 2249 1931 ,
2284 1878 2360 1932 Py-

1313 1937 1530 1993 thagoreos
1584 1934 1843 1991 appellarunt
1897 1951 1964 1979 eos
2007 1936 2134 1979 etiam
2183 1935 2363 1990 philoso-

1313 1995 1412 2048 phos
1438 2026 1450 2048 ,
1495 1993 1567 2050 qui
1611 2006 1704 2037 ante
1740 1994 2016 2048 Pythagoram
2048 1993 2093 2036 in
2129 1993 2251 2036 ltalia
2283 1993 2358 2036 flo-

1314 2065 1516 2096 ruerunt.
1581 2050 1715 2107 Igitur
1756 2051 2026 2094 distinffionis
2061 2082 2073 2103 ,
2116 2051 2160 2094 ὃ(
2205 2066 2364 2094 memo-

1315 2112 1380 2153 riae
1425 2108 1557 2164 gratia
1593 2140 1606 2162 ‚
1657 2109 1701 2152 in
1745 2123 1923 2165 quatuor
1965 2110 2110 2166 gradus
2144 2109 2362 2152 nostratem

1312 2167 1668 2224 jurisprudentiam
1722 2167 1951 2211 tribuemus
1978 2199 1988 2210 .
2035 2167 2216 2210 Primam
2261 2165 2362 2210 faci-

1312 2241 1401 2268 mus
1435 2224 1731 2268 Irnerianam:
1779 2225 1990 2269 secundam
2037 2225 2228 2280 ponimus
2274 2225 2357 2266 Ac-

1310 2283 1539 2326 cursianam
1589 2298 1597 2323 τ
1656 2281 1821 2324 tertiam
1875 2282 2159 2325 constituimus
2214 2282 2358 2324 Barto-

1310 2340 1440 2383 linam
1468 2356 1476 2380 ε
1513 2339 1756 2394 postremam
1784 2370 1795 2392 ,
1826 2354 1948 2395 quam
1971 2370 1984 2391 ‚
2018 2338 2076 2381 uti
2111 2352 2354 2392 germanam

1311 2397 1514 2442 vetustatis
1570 2409 1754 2439 mentem
1809 2428 1822 2450 ,
1889 2396 2082 2439 omnibus
2137 2396 2358 2451 anteponi-

1311 2471 1399 2499 mus
1426 2488 1438 2510 ,
1467 2453 1739 2506 Cujacianam
1778 2485 1788 2496 .
1833 2454 1900 2497 Ab
1934 2454 2091 2496 Irnerio
2123 2468 2260 2497 autem
2295 2454 2357 2496 us-

1307 2530 1385 2569 que
1440 2513 1488 2555 ad
1533 2511 1749 2554 Alciatum
1787 2543 1799 2556 ,
1852 2528 1875 2555 a
1917 2527 1996 2568 qua
2041 2510 2356 2565 jurisprudentia

1308 2570 1533 2622 Cujaciana
1564 2569 1680 2612 duxit
1714 2568 1881 2626 initium
1911 2601 1922 2622 ,
1967 2568 2111 2623 hyems
2155 2570 2354 2626 quodam·

1307 2630 1428 2671 modo
1480 2626 1804 2681 jurisprudentiae
1857 2625 1985 2670 fuit:
2049 2627 2179 2670 adhuc
2234 2626 2351 2670 enim

1306 2685 1487 2729 barbarie
1529 2685 1828 2740 premebatur,
1871 2685 2111 2740 carebatque
2158 2699 2254 2738 pura
2300 2684 2351 2726 il-

1304 2743 1341 2786 la
1375 2743 1463 2787 luce
1501 2743 1648 2785 veteris
1679 2743 1918 2786 eruditionis
1943 2773 1954 2795 ‚
1989 2740 2225 2796 sinuosisque
2261 2740 2350 2784 sub-

1303 2800 1520 2844 tilitatibus
1555 2830 1567 2852 ‚
1609 2814 1659 2841 ex
1713 2800 1898 2842 Arabicae
1930 2798 2198 2853 philosophae
2232 2798 2345 2841 scho-

1301 2859 1349 2902 lis
1375 2891 1386 2911 ‚
1421 2874 1442 2900 a
1474 2855 1641 2900 Bartolo
1674 2856 1857 2899 maxime
1879 2887 1891 2909 ‚
1946 2856 1993 2898 ad
2044 2855 2218 2899 studium
2252 2855 2347 2907 juris

1299 2915 1491 2959 traduE’tis
1544 2912 1832 2969 implicabatur
1880 2943 1893 2967 ,
1946 2928 2101 2970 opeque
2161 2914 2346 2958 destituta

1296 2986 1471 3030 cognata
1515 2971 1586 3016 fibi
1637 2970 1854 3014 latinitatis
1891 3002 1903 3024 ‚
1959 2971 2002 3014 ὃς
2059 2971 2300 3015 eruditionis
2332 3003 2344 3026 ‚

1294 3044 1470 3087 aptoque
1518 3027 1745 3073 ministerio
1801 3028 1957 3084 privata
1989 3061 2001 3082 ‚

2055 3028 2244 3073 evolvere
2289 3029 2344 3073 se-

1308 3090 1342 3134 se
1370 3087 1582 3132 nesciebat
1608 3103 1616 3130 :
1670 3085 1774 3130 unde
1806 3086 1963 3142 rigebat
1994 3084 2066 3131 illa
2090 3119 2102 3142 ‚
2145 3100 2345 3189 ιειέεμιειηι

2225 3158 2344 3198 yeme
