2596 3479
649 95 795 150 ET
872 93 998 145 XII.
1075 91 1916 153 TABULARUM.

301 171 596 248 Arguitor)
652 189 759 234 nihil
810 200 963 232 temere
1013 187 1259 230 mutandum

223 263 270 298 ut
301 251 361 294 illi
395 251 549 294 faciunt
569 281 580 300 ‚
612 249 679 304 qui
714 247 856 288 dicitor
876 277 889 298 ,
931 245 1128 287 addicitor
1154 277 1167 298 ,
1201 261 1262 287 re-

223 320 388 364 ponunt
414 340 422 350 .
455 307 597 349 Sensus
626 304 738 347 enim
774 304 929 356 optime
951 303 1134 354 constat,
1165 317 1260 345 cum

223 366 398 422 arguitor
430 364 626 420 significet
660 372 849 416 arguatur
880 361 1010 403 virtus
1036 391 1049 412 ‚
1092 360 1259 402 declare-

223 434 289 466 tur
309 454 318 465 .
351 423 462 465 Tota
497 435 590 461 vero
624 418 706 460 haec
734 416 797 460 lex
828 417 882 459 ita
910 418 1043 460 verbis
1072 432 1260 460 commu-

221 479 344 522 nibus
377 476 592 522 cornmode
615 507 627 528 ,
660 486 778 530 atque
812 473 966 516 usitatis
996 487 1258 527 exponetur:

280 536 367 588 Qui
407 548 582 576 coronam
628 531 811 573 meruerit
861 532 903 572 in
946 532 1109 573 ludicris
1133 564 1145 584 ,
1172 529 1261 584 five

222 593 304 648 ipfi·
324 623 335 644 ‚
355 589 445 643 five
474 590 584 642 fervi
613 590 698 640 eius
729 620 742 642 ,
792 588 935 643 equive
977 589 1018 630 in
1043 586 1181 642 funere
1216 588 1261 629 ob

222 651 411 693 virtutem
441 649 622 690 laudator
649 662 664 686 .·
699 645 848 701 ipsique
880 658 1023 687 mortuo
1048 677 1061 698 ,
1093 646 1147 688 ἔγ
1178 646 1263 698 ejus

216 706 474 763 parentibus,
506 703 562 748 (9³
592 704 786 758 quamdiu
815 703 924 746 domi
937 713 1005 757 per
1025 718 1161 745 novem
1178 703 1263 744 dies

220 764 446 805 collocatum
489 761 539 817 est
570 761 742 803 cadaver
767 792 778 813 ,
824 758 880 804 (9⁴
922 775 1007 803 cum
1050 758 1213 816 effertur
1245 791 1257 813 ,

223 836 402 863 coronam
436 821 544 861 ‚vllam
579 818 726 873 imponi
759 818 824 871 jus
852 816 951 872 esto,

281 879 355 919 Sed
404 876 488 927 jam
519 875 836 930 disputationem
872 874 1049 917 nostram
1079 874 1125 918 de
1155 876 1260 919 XII.

221 934 348 979 tabul.
387 934 463 989 leg.
501 931 792 976 concludamus
813 964 825 985 ,
858 933 1118 987 pervenimus
1148 931 1261 975 enim

223 991 273 1034 ad
307 992 551 1045 postremam
585 989 629 1032 in
661 989 805 1033 ordine
836 1005 857 1032 a
890 989 1006 1032 nobis
1040 989 1224 1032 instituto
1251 1006 1260 1030 ε

223 1048 356 1104 estque
394 1047 456 1090 lex
491 1047 562 1090 illa
584 1078 595 1095 ,
628 1062 715 1101 quae
737 1046 907 1103 spatium
928 1047 1125 1102 praefinit,
1157 1045 1263 1101 quod

223 1105 333 1148 inter
381 1105 481 1147 aedes
525 1104 679 1147 alienas
712 1136 723 1156 ,
766 1104 810 1147 &
843 1105 999 1147 bustum
1033 1118 1257 1159 rogumque

223 1163 366 1205 debeat
401 1162 645 1219 intercedere
686 1193 698 1214 ,
745 1162 835 1212 (ιτ)
868 1162 972 1216 quod
996 1163 1082 1204 LX.
1118 1160 1262 1216 pedum

224 1220 415 1262 statuitur
445 1235 453 1258 τ
509 1235 558 1261 ne
592 1234 689 1272 rogo
725 1218 888 1274 propius
918 1218 1082 1260 admoto
1107 1250 1119 1269 ,
1167 1216 1266 1259 aedes

221 1275 373 1320 viti;›ae
403 1276 604 1318 volitante
631 1276 798 1317 flamma
831 1275 1086 1330 conflagrent
1116 1290 1126 1314 :
1162 1289 1264 1315 neve

221 1349 273 1377 ex
321 1333 531 1375 vicinitate
580 1332 704 1373 foetor
749 1332 951 1375 cadaveris
996 1330 1267 1385 proximiores

219 1388 373 1434 insiliat
396 1419 407 1430 .
440 1390 505 1431 Ex
527 1405 605 1444 qua
628 1388 741 1442 spatii
762 1387 1035 1442 amplitudine
1057 1386 1238 1442 arguitur
1253 1416 1265 1439 ,

220 1446 353 1502 legem
389 1447 495 1489 hanc
531 1445 730 1500 pertinere
764 1446 811 1487 ad
843 1444 943 1487 ‘aedes
969 1445 1131 1488 rusticas
1151 1457 1266 1487 extra

221 1503 462 1561 pomaerium
490 1520 498 1544 :
539 1518 634 1545 nam
668 1502 775 1545 urbis
807 1503 986 1557 angustia
1013 1535 1024 1555 ,
1057 1501 1099 1544 δε
1131 1502 1266 1557 proxi-

223 1561 346 1604 mitas
391 1564 643 1603 urbanorum
676 1560 942 1603 aedificiorum
975 1559 1085 1602 hunc
1113 1559 1266 1602 sensum

223 1618 316 1661 satis
348 1617 569 1661 excludont
603 1648 613 1658 .
660 1619 715 1659 Et
765 1617 963 1672 quoniam
1001 1617 1064 1659 lex
1099 1616 1269 1671 privatis

223 1688 368 1728 cavet,
403 1687 445 1717 ut
478 1674 720 1718 incendium
754 1674 804 1716 ab
835 1689 976 1716 eorum
998 1674 1188 1717 domibus
1207 1689 1268 1716 ar-

224 1745 339 1784 ceat,
371 1746 491 1788 atque
510 1730 729 1784 foetorem3
764 1731 969 1786 sequitur,
989 1731 1159 1774 domino
1182 1747 1269 1786 per-

224 1791 451 1842 mittente,
482 1791 629 1831 aedium
664 1797 718 1831 ias
750 1789 823 1831 esse
858 1790 1019 1844 propius
1042 1804 1184 1844 rogum
1200 1804 1268 1831 ex-

225 1860 396 1890 truere:
442 1847 540 1889 adeo
584 1859 628 1888 ut
676 1858 853 1900 nequeat
894 1843 1270 1901 postea⁰prohibere

225 1904 418 1947 dominus
443 1935 454 1956 ,
502 1919 550 1945 ne
595 1903 698 1945 alius
732 1916 916 1946 mortuus
946 1903 1088 1946 eodem
1121 1903 1272 1947 infera—

228 1974 315 2005 tur.
350 1964 444 2015 Quo
479 1960 688 2015 pertinent
721 1960 939 2014 Pomponii
972 1961 1092 2004 verba
1126 1962 1169 2004 in
1202 1959 1273 2013 l.fi

225 2019 387 2074 propius
415 2015 462 2071 ff.
495 2018 542 2058 de
573 2030 718 2060 mortuo
750 2016 948 2070 inferendo
973 2049 986 2070 ‚
1031 2018 1097 2060 ubi
1141 2019 1272 2073 legiti-

231 2091 338 2118 mum
359 2075 513 2116 modum
538 2074 737 2130 intelligit
759 2075 1074 2125 Jurisconsultus
1097 2074 1270 2129 spatium

230 2134 309 2175 hoc
337 2133 425 2174 LX.
454 2132 598 2183 pedum
624 2148 645 2173 a
672 2134 776 2174 XII.
810 2131 1076 2187 tabul.leg1b.
1100 2133 1271 2185 praescri-

232 2203 380 2245 ptum,
416 2202 456 2230 ut
489 2190 647 2242 optime
684 2192 893 2232 Antonius
928 2189 1179 2244 Augustinus
1211 2190 1274 2231 in-

234 2258 508 2300 terpretatur.
541 2246 732 2288 Tandem
759 2246 1071 2301 progrediuntur
1100 2249 1273 2290 Decem-

231 2303 312 2347 viri
346 2303 392 2344 ad
426 2302 694 2347 muniendam
725 2303 964 2345 auffloritate
990 2304 1090 2359 legis
1111 2304 1273 2360 religio-

233 2376 330 2404 nem
367 2359 673 2413 sepulchrorum
694 2391 706 2412 ,
739 2375 826 2415 quae
861 2361 951 2402 satis
984 2362 1066 2413 ipso
1100 2361 1272 2417 religiosi

235 2417 408 2461 nomine
442 2419 491 2459 ab
525 2416 766 2471 usucapione
798 2418 1086 2461 eximebantur
1115 2434 1129 2470 ,ς
1179 2435 1272 2461 cum

234 2491 319 2518 non
349 2474 466 2515 liceat
494 2488 554 2516 res
583 2474 707 2517 l‘acras
726 2505 737 2525 ‚
773 2474 926 2517 sanetas
945 2506 956 2524 ‚
999 2476 1042 2517 ἃ
1072 2475 1275 2530 religiosas

234 2532 450 2584 usucapere
487 2561 499 2583 ,
548 2544 690 2572 tamen
723 2533 974 2574 nominatim
1006 2534 1053 2575 de
1080 2533 1298 2574 vestibulo-

238 2587 438 2643 sepulchri
465 2602 606 2630 cavere
638 2588 855 2631 voluerunt
886 2604 896 2630 :
949 2603 998 2630 ne
1035 2587 1170 2632 forum
1198 2590 1271 2630 fivi-

237 2645 480 2689 vestibulum
507 2656 702 2700 tanquam
727 2661 749 2687 a
774 2661 813 2688 re
842 2644 1272 2702 religiosaseparatum

239 2706 524 2757 usucaperetur
550 2718 559 2743 t
606 2702 789 2753 jubentes
812 2735 824 2755 ,
857 2716 902 2745 ut
929 2705 1092 2746 accessio
1120 2704 1190 2746 illa
1224 2704 1277 2747 se—

242 2758 411 2817 pulchri
459 2758 635 2811 ejusdem
679 2759 877 2815 sepulchri
920 2759 1005 2811 jure
1037 2760 1281 2815 frueretur,

566 2894 686 2906 ³—-

291 2928 349 2966 (a)
375 2928 441 2961 Cic.
458 2926 514 2959 lib.
535 2937 553 2958 2
581 2928 618 2958 de
631 2927 759 2969 legibur
774 2953 782 2960 .
831 2930 889 2969 (b)
918 2930 1023 2962 Festus
1045 2933 1079 2963 ir:
1092 2929 1186 2964 verbo
1204 2929 1281 2970 buss.

293 2972 349 3009 ς’)
380 2975 415 3002 In
443 2972 559 3013 quibus
595 2973 701 3005 verbis
727 2974 847 3006 ustrina
878 2974 986 3007 focum
1004 2976 1141 3018 potius,
1171 2976 1283 3018 inquo

251 3013 406 3047 cadavera
422 3017 642 3049 exurebantur
657 3040 666 3054 ,
690 3028 788 3060 quam
806 3019 914 3052 locum
933 3020 1111 3062 significare
1131 3021 1261 3054 videtur
1273 3044 1281 3051 .

293 3064 305 3095 t
324 3070 341 3089 c
397 3061 467 3090 Via.
499 3062 611 3101 Popm.
638 3062 675 3092 de
706 3062 778 3106 drff.
795 3063 914 3096 verbor.
934 3065 1022 3098 verb.
1037 3064 1160 3107 busirim
1174 3091 1182 3098 .

296 3103 397 3145 (⁸⁸)
426 3106 499 3137 lmo
528 3105 655 3140 bustum
681 3109 812 3151 proprie
840 3107 964 3146 dicitur
988 3110 1081 3145 locus
1109 3131 1121 3153 ‚
1159 3111 1196 3147 in
1221 3120 1287 3155 quo

1309 181 1427 223 atque
1459 167 1694 219 adjicientes
1725 197 1738 218 ,
1781 180 1831 209 ne
1863 163 2020 207 bustum
2051 163 2266 221 usucapere
2302 163 2354 207 li-

1310 239 1417 269 ceret
1450 256 1458 267 .
1492 224 1613 278 Quod
1644 223 1800 267 bustum
1834 237 1927 265 cum
1962 222 2253 266 Hottomanno
2285 223 2351 266 in-

1312 295 1510 337 terpretor
1542 283 1679 324 locum
1712 312 1724 331 ,
1768 279 1836 324 ubi
1887 279 2055 321 cadaver
2086 277 2216 322 fuerat
2250 296 2350 323 exu-

1312 342 1412 383 stum
1428 371 1440 390 ‚
1462 339 1654 394 siquidem
1675 337 1771 380 alibi
1794 336 2005 380 conditum
2026 334 2184 378 fuisset:
2208 352 2352 389 quam-

1313 398 1371 440 vis
1405 395 1515 438 locus
1546 395 1715 438 ustionis
1758 395 1918 450 proprie
1947 393 2148 436 diceretur
2184 393 2348 437 ustrina.

1309 454 1374 505 (b)
1405 452 1447 494 Si
1479 451 1596 494 enirn
1628 451 1785 494 bustum
1825 467 1897 505 pro
1923 450 2006 504 ipso
2033 449 2243 504 sepulchro
2281 450 2350 494 hie

1309 509 1582 562 accipiemus,
1615 508 1808 551 inutilem
1833 508 1938 550 hanc
1965 508 2175 551 reddemus
2200 506 2351 563 legem.

1309 566 1518 622 Siquidem
1553 565 1761 620 sepulchra
1788 581 1856 620 per
1884 565 1918 607 se
1946 564 2035 607 satis
2065 564 2149 619 ipso
2177 563 2353 620 religiosi

1311 624 1394 677 jure
1414 622 1705 678 usucapionem
1724 622 2017 666 excludebant:
2041 637 2115 666 nec
2129 623 2357 679 quidquam„

1313 681 1563 725 nominatim
1597 696 1703 723 nova
1735 679 1820 736 lege
1842 680 1974 724 caveri
1995 681 2236 735 oportebat.
2270 681 2358 723 Ca-

1313 753 1378 783 vet
1410 752 1550 782 autem
1585 739 1648 782 lex
1675 769 1688 791 ‚
1719 739 1815 793 quia
1848 737 2006 781 bustum
2034 770 2047 791 ,
2080 737 2158 780 five
2191 736 2303 780 locus
2334 769 2348 791 ,

1310 798 1377 841 ubi
1412 796 1580 840 cadaver
1614 807 1774 839 tantum
1807 795 1940 839 suisset
1967 807 2195 839 crematum
2221 809 2354 850 neque

1311 854 1548 910 conseptum
1580 866 1663 897 erat
1694 885 1706 907 ,
1741 869 1870 910 neque
1903 852 2141 909 religiosum
2168 884 2180 904 ,
2211 852 2254 894 δι
2285 852 2351 894 in·-

1313 912 1470 955 terdum
1517 924 1789 955 monumento
1822 909 2179 964 conjungebatur,
2222 908 2355 951 inter-

1311 971 1408 1013 dum
1441 985 1536 1013 vero
1568 968 1761 1024 conjungi
1797 967 2111 1022 prohibebatur,
2143 977 2188 1009 ut
2203 964 2263 1008 hae
2277 981 2355 1010 an-

1313 1029 1434 1083 tiquae
1466 1026 1751 1081 inscriptiones
1783 1026 1998 1069 testantur:

1363 1085 1473 1126 Huic
1513 1095 1755 1126 monumento
1798 1081 1988 1137 ustrinam
2017 1084 2034 1134 (
2059 1083 2080 1105 *
2106 1081 2123 1133 )
2153 1082 2353 1137 adplicare

1312 1155 1387 1183 non
1417 1141 1506 1182 licet
1528 1172 1537 1183 .
1570 1143 1627 1191 (c)
1660 1142 1724 1182 En
1759 1152 1895 1182 autem
1929 1138 2035 1193 leges
2065 1138 2165 1193 ipsas
2197 1153 2246 1182 ex
2272 1139 2351 1181 Ci-

1314 1212 1461 1241 cerone
1494 1209 1696 1252 quantum
1730 1197 1863 1251 potuit
1897 1197 2121 1239 restitutas.

1393 1260 1605 1327 Rogum
1663 1256 1928 1308 bustumve
1983 1273 2178 1308 novum
2230 1252 2353 1308 alie·-

1314 1352 1402 1385 nas
1461 1333 1585 1385 aedes
1642 1332 1851 1403 propius
1882 1333 1994 1384 LX.
2033 1331 2183 1403 pedes
2236 1371 2255 1399 ,
2314 1332 2352 1384 fi

1315 1408 1554 1463 dominus
1598 1406 1740 1461 nolet
1772 1448 1788 1477 ,
1830 1426 1892 1461 ne
1936 1406 2188 1476 adjicito,

1395 1486 1519 1541 Fori
1579 1485 1774 1540 bustive
1837 1501 2024 1539 aeterna
2077 1482 2362 1541 aii&oritas

1291 1563 1421 1618 ·esto
1450 1605 1464 1618 .

1395 1645 1607 1715 ROgUsn
1633 1639 1655 1713 )
1712 1659 1758 1705 de
1813 1659 1877 1706 his
1934 1663 2065 1707 verbis
2108 1661 2192 1707 haec
2235 1663 2358 1708 habet

1316 1716 1480 1761 Servius
1511 1719 1554 1761 in
1588 1718 1829 1774 fragmentis
1858 1750 1866 1760 .
1907 1720 2144 1776 Apparatus
2185 1734 2358 1764 mortuo-

1318 1791 1404 1818 rum
1428 1774 1555 1828 funus
1584 1776 1666 1818 dici
1688 1777 1817 1830 solet:
1852 1779 2036 1821 extruffio
2066 1780 2260 1835 lignorum
2292 1795 2354 1821 ro-

1317 1848 1391 1888 gus
1411 1848 1428 1882 ;
1454 1832 1645 1886 subjefiio
1674 1835 1780 1889 ignis
1806 1846 1908 1890 pyra
1927 1851 1947 1887 ,·
1980 1834 2161 1879 crematio
2187 1838 2362 1879 cadave-

1320 1892 1374 1931 ris
1395 1888 1544 1943 bustum
1566 1906 1585 1941 ,·
1614 1891 1719 1933 locus
1748 1890 1897 1945 ustrina
1917 1908 1936 1943 ,·
1968 1894 2095 1947 operis·
2129 1892 2356 1947 consti-uc‘iio

1313 1946 1560 2001 sepulchrum
1575 1963 1595 1998 ,·
1627 1948 1857 2003 inscriptum
1888 1966 2023 1992 nomen
2049 1967 2069 2002 ,-
2103 1952 2364 2005 memoriaque

1320 2017 1608 2046 monumentum
1642 2037 1650 2046 .
1701 2007 1775 2048 Sed
1809 2021 1893 2048 non
1928 2007 2083 2062 semper
2117 2009 2161 2051 in
2192 2010 2262 2053 usu
2297 2010 2359 2053 lo-

1321 2062 1470 2116 quendi
1501 2063 1722 2105 discrimen
1755 2061 1833 2106 hoc
1866 2062 2050 2119 religiose
2081 2066 2316 2109 observatur
2347 2097 2358 2108 .

1400 2119 1650 2201 Bustlve)
1696 2140 1772 2184 hac
1805 2157 1902 2185 voce
1934 2142 2110 2187 diximus
2143 2145 2210 2188 hic
2242 2144 2365 2201 figni-

1322 2196 1431 2238 ficari
1466 2195 1603 2238 locum
1631 2229 1643 2249 ‚
1675 2199 1741 2240 ubi
1776 2214 1920 2254 corpus
1954 2215 2183 2246 crematum
2211 2203 2291 2256 est,
2323 2215 2366 2248 at

1323 2268 1406 2295 non
1439 2255 1675 2296 conditum:
1711 2257 1833 2308 (⁴²¹³)
1867 2256 1979 2309 cujus
2012 2260 2368 2315 interpretationis

1325 2325 1407 2352 non
1437 2311 1562 2372 modo
1598 2313 1934 2357 Hottomannum
1967 2316 2173 2359 auclorem
2195 2349 2208 2370 ,
2242 2317 2304 2360 sed
2324 2319 2368 2361 Sc

1323 2367 1614 2421 adscriptorem
1647 2370 1847 2423 Poprnam
1880 2373 2074 2416 habemus
2102 2376 2149 2417 de
2170 2372 2369 2431 different.

1324 2425 1473 2466 verbor.
1507 2428 1616 2467 verb.
1650 2427 1806 2469 bullum
1830 2460 1841 2480 ,
1875 2430 1939 2471 ubi
1975 2445 2060 2472 ait:

1383 2484 1585 2524 Interdum
1618 2482 1767 2536 bustum
1798 2488 2019 2539 appellata-f
2049 2490 2153 2530 locus
2173 2520 2185 2540 ,
2218 2491 2260 2531 in
2291 2506 2367 2544 quo

1327 2550 1498 2581 mortuus
1529 2552 1719 2582 crematus
1743 2572 1755 2591 ,
1805 2558 1879 2583 non
1912 2556 2032 2584 etlam
2057 2545 2236 2598 sepultus
2269 2545 2320 2600 est
2353 2578 2368 2600 ‚

1328 2610 1369 2637 ut
1402 2608 1509 2637 notat
1539 2596 1702 2639 Servius
1732 2598 1776 2638 in
1807 2599 1908 2641 illud
1927 2602 2091 2643 AEnwid.
2115 2604 2192 2646 XI.
2219 2604 2375 2657 semiu-

1322 2651 1461 2706 staque
1481 2654 1647 2707 fler-vam
1667 2653 1778 2708 busta
1792 2671 1812 2706 ,·
1843 2656 1886 2698 ἃ
1906 2665 2049 2700 strab)
2069 2660 2128 2702 lib
2166 2675 2201 2714 5.
2236 2662 2375 2705 scribit

1331 2709 1399 2748 τοὶς
1421 2709 1575 2772 xcrurpoe's
1589 2711 1633 2753 id
1655 2710 1706 2765 est
1729 2711 1880 2766 bustum
1901 2712 2198 2771 Augustifuiffe
2212 2719 2253 2760 in
2268 2735 2378 2762 cam-

1326 2776 1377 2822 po
1395 2765 1550 2808 Martio
1566 2799 1578 2821 ,
1611 2766 1730 2810 &ab
1744 2786 1784 2812 eo
1797 2771 2000 2825 detersum
2020 2774 2268 2829 Mausoleum
2284 2809 2299 2831 ,
2329 2780 2376 2820 in

2300 2850 2376 2890 qud)

1561 2904 1682 2918 ‘—

1334 2943 1482 2966 mortuus
1508 2935 1552 2966 est
1581 2937 1765 2970 combustus
1793 2941 1823 2971 Sc
1841 2939 1983 2982 sepultus
2038 2944 2222 2986 diciturque
2247 2946 2312 2976 buit
2329 2954 2373 2976 »tn

1333 2978 1421 3020 quafi
1436 2979 1516 3012 bene
1539 2981 1645 3015 ustum
1658 3006 1667 3013 .
1696 2985 1804 3016 Festus
1826 2985 1858 3016 in
1875 2997 1952 3018 voce
1970 2985 2093 3022 basium
2109 3010 2114 3017 .
2147 2991 2205 3020 Sed
2224 2989 2275 3020 hic
2290 2999 2371 3030 quo-

1334 3033 1395 3065 que
1421 3025 1525 3057 multa
1554 3026 1613 3059 fibi
1641 3027 1715 3060 usus
1732 3031 1852 3062 Praetor
1871 3031 2104 3070 proprietatem
2124 3034 2232 3065 Latini
2250 3033 2375 3066 sermo-

1336 3068 1386 3120 nis
1398 3069 1580 3104 vindzcavit
1596 3095 1603 3102 .
1632 3076 1659 3104 A
1689 3072 1780 3106 busto
1806 3085 1880 3106 aves
1896 3076 2114 3107 ambustoneae
2128 3076 2221 3110 distae
2243 3099 2255 3119 ,
2284 3073 2371 3121 quod

1335 3123 1421 3148 circa
1448 3114 1537 3149 buria
1571 3116 1807 3159 versarentur,
1837 3128 1976 3153 notante
2007 3121 2197 3164 scaligero.
