2524 3479
230 159 299 198 20
616 92 742 190 D'E
805 131 1094 189 ORTU
1157 130 1287 186 ET
1347 134 1958 192 PROGRESSU

228 232 325 264 curn
351 214 458 258 intra
481 212 623 257 urbem
653 228 735 255 non
770 210 934 262 liceret,
955 220 1069 252 extra
1084 207 1244 260 urbem,
1292 226 1380 266 quse
1414 211 1645 268 suffragium
1680 211 1820 257 laturis
1854 211 2228 258 ministrabantur':
2265 212 2313 258 in

230 275 386 319 sublato
410 271 566 316 vexillo
592 303 604 324 ,
654 271 696 313 in
737 267 926 321 Janiculo
952 265 1241 327 collocarunt:
1294 270 1492 312 extremis
1525 285 1620 314 vero
1655 273 1846 323 pontibus
1871 271 1958 314 aliae
1984 268 2113 324 cistae,
2145 271 2191 316 in
2220 272 2311 328 qui-

231 349 318 376 non
346 344 442 374 tam.
460 331 577 372 credo
603 327 650 370 ad
676 327 891 370 arcendam
915 357 927 378 ,
961 337 1002 387 ut
1033 324 1245 386 scriptores
1297 327 1370 369 bus
1392 325 1564 371 serentes
1587 328 1822 385 suffragium
1845 329 2012 373 tabellas
2039 329 2205 386 quisque
2229 329 2315 374 suas

230 391 425 441 tradunt,
459 387 634 430 hostium
664 385 748 428 vim
771 417 783 438 ‚
820 384 846 427 si
871 399 948 439 qua
976 393 1216 425 immineret
1236 412 1248 434 ,
1299 385 1580 439 deponebant.
1613 387 1728 432 Hinc
1744 400 1887 430 natum
1908 421 1919 442 ‚
1944 401 1988 430 ut
2007 385 2319 442 sexagenariide

233 463 361 506 quam
396 447 443 488 ad
480 443 791 499 compescendos
825 442 994 484 armatis
1016 439 1248 495 «paratisque
1302 455 1427 496 ponte
1451 458 1474 485 a
1499 436 1727 494 junioribus
1757 444 2058 496 dejicerentur:
2092 447 2188 501 quia
2221 444 2317 487 nul·

232 505 440 554 militibus
465 502 607 546 civiles
632 515 793 554 motus,
826 499 852 542 fi
877 499 944 555 qui
971 498 1144 542 ferendis
1175 495 1251 539 luf-

235 563 377 618 fragiis
405 593 417 614 ‚
465 572 533 602 aut
559 559 793 602 diffenfione
822 557 1115 600 sententiarum
1138 587 1149 608 ‚
1183 566 1252 618 aut

235 622 419 678 partium
452 618 577 660 studio
603 616 974 659 tumultuarentur.
1008 614 1074 657 Ad
1099 628 1255 656 exerei-

235 694 329 723 tum
353 688 492 719 autem
521 673 674 718 milites
701 690 768 729 per
794 673 1076 717 successionem
1100 670 1182 725 post
1199 669 1251 711 la-

233 750 329 779 tum
356 733 586 787 suffragium
613 732 882 775 accedebant.
917 734 1054 786 Atque
1083 729 1130 771 ad
1148 727 1257 770 usur-

236 793 449 848 pationem
477 789 683 832 vetustatis
709 802 915 843 receptum
942 788 1021 830 fuir
1039 819 1050 839 ‚
1083 786 1252 829 utCon-

237 850 295 894 iul
325 881 337 903 ,
382 847 508 890 veluti
543 850 633 890 Dux
661 847 865 890 exercitu÷
900 863 908 887 :
954 860 1069 889 extra
1094 843 1258 885 Pomoe-

237 909 347 951 rium
379 905 684 948 tabernaculum
708 905 897 947 haberet.
928 905 1013 954 (a)
1047 903 1159 943 Dum
1188 916 1255 942 co-

240 964 363 1009 mitia
393 962 576 1005 maxime
603 962 831 1014 ferverent,
865 960 1167 1003 dirimebantur
1188 958 1255 999 lla-

241 1024 350 1074 tim,
385 1021 410 1063 si
435 1020 592 1062 tonitru
619 1020 907 1070 exaudiretur,
937 1030 1006 1059 aut
1037 1016 1126 1071 quis
1152 1030 1259 1057 mor-

239 1082 291 1123 bo
324 1077 512 1121 berculeo
541 1109 551 1129 ‚
601 1077 670 1132 qui
709 1092 760 1119 ex
790 1092 835 1119 ea
861 1091 899 1118 re
929 1073 1155 1118 comitialis
1179 1072 1260 1115 fuit

239 1135 469 1192 appellatus
498 1166 510 1186 ‚
557 1134 829 1188 corriperetur
855 1150 865 1174 t
913 1149 959 1176 ae
985 1132 1229 1188 prodebatur

239 1195 320 1237 sive
347 1192 657 1247 protrahebatur
683 1191 766 1234 dies
793 1190 1061 1234 comitiorum
1091 1221 1102 1243 ‚
1139 1188 1164 1231 si
1193 1187 1258 1230 ad—

244 1251 399 1295 hibitus
420 1250 465 1292 de
486 1264 600 1292 more
622 1264 749 1303 augur
768 1249 1038 1291 obnunciarer
1054 1279 1066 1299 ,
1098 1247 1176 1289 sive
1192 1245 1258 1288 ad-

240 1310 352 1353 versa
379 1307 634 1351 renuntiaret
662 1306 866 1360 auspicia3
902 1306 925 1348 si
959 1305 1171 1348 Tribunus
1199 1303 1261 1345 in-

242 1367 464 1410 tercederet
499 1395 510 1413 ,
562 1363 587 1406 fi
620 1363 776 1405 Consul
807 1363 1100 1418 supplicatione
1126 1362 1260 1404 decer·

241 1423 407 1475 nenda,
430 1420 732 1475 indicendisque
760 1419 872 1463 feriis
886 1420 1139 1464 comitialem
1155 1419 1263 1460 diem

198 1515 206 1530 .
242 1483 470 1526 eximeret.
503 1478 701 1521 Comitiis
727 1491 864 1521 autem
883 1477 1057 1531 coaffis,
1093 1476 1263 1520 sortitio·

246 1555 298 1582 ne
321 1539 506 1581 tribuum
530 1568 540 1588 ,
573 1536 618 1578 δ(
642 1537 923 1579 centuriarum
951 1535 1054 1578 fass‘ta
1078 1567 1090 1588 ,
1122 1533 1266 1578 confu-

246 1598 306 1640 sus
332 1595 502 1651 populus
531 1593 573 1636 in
598 1592 709 1636 suam
737 1593 925 1649 cuiusque
953 1593 1108 1635 tribum
1141 1624 1153 1644 ,
1204 1607 1265 1634 or-

245 1654 355 1697 dinis
386 1652 526 1702 causa,
559 1652 844 1695 remittebatur
871 1652 920 1693 ab
942 1667 1016 1704 eo,
1047 1651 1117 1707 qui
1134 1649 1267 1703 legem

247 1712 401 1755 ferebat
431 1742 442 1764 ,
475 1709 539 1751 his
567 1707 817 1752 solemnibus
847 1709 978 1752 verbis
1007 1725 1015 1750 τ
1046 1708 1269 1762 Dzsceaite

248 1770 431 1822 ,Quirites
458 1799 467 1809 .
522 1768 660 1821 Atque
689 1768 754 1810 ubi
785 1767 893 1809 suam
919 1766 1085 1822 quisque
1114 1766 1268 1808 tribum

248 1825 493 1882 repetiisset,
525 1822 733 1867 ferebatur
760 1824 992 1880 suffragium
1012 1856 1023 1877 ,
1056 1823 1159 1866 olim
1181 1823 1267 1879 qui-

253 1887 346 1928 dem
370 1897 466 1925 voce
485 1897 496 1934 3
518 1881 600 1936 post
627 1881 885 1926 rabel-lariam
916 1898 1010 1925 vero
1033 1879 1165 1936 legem
1187 1882 1271 1922 duae

253 1939 426 1998 singulis
457 1939 614 1982 civibus
641 1939 798 1982 tabellae
823 1939 1104 1983 diribebantur
1136 1972 1148 1991 ,
1194 1938 1271 1981 five

251 1997 589 2043 distribuebantur
619 2014 641 2039 a
673 1996 980 2051 diribitoribus,
1015 1998 1092 2040 sive
1121 1996 1269 2039 diviso-

253 2057 388 2100 ribus:
422 2069 595 2109 quarum
621 2054 747 2097 altera
773 2071 925 2098 novam
953 2055 1085 2111 legem
1118 2055 1271 2109 impro-

253 2115 372 2158 babat
406 2111 575 2166 antiqua
604 2112 812 2166 probando
835 2146 847 2165 ,
881 2130 926 2156 ac
962 2126 1172 2168 propterea
1208 2112 1271 2154 in-

258 2172 402 2226 scripta
430 2182 513 2212 erat
536 2169 610 2212 hac
631 2183 729 2213 nota
748 2171 861 2214 A.P.
884 2171 962 2214 sive
983 2173 1170 2226 Antiqua
1185 2182 1275 2224 pro-

1304 500 1358 563 Ιο-
1376 499 1459 551 iure
1484 500 1559 545 illi
1591 501 1638 544 ad
1669 518 1841 546 munera
1867 503 2029 560 publica
2050 504 2316 558 cogebantur.

1303 557 1681 621 Hinc-depontani
1729 562 1837 604 senes
1865 593 1877 614 ,
1933 561 2011 603 hoc
2055 561 2108 604 est
2139 576 2160 603 e
2195 572 2318 615 ponte

1302 615 1469 667 deiecti.
1501 617 1701 662 Totidem
1730 633 1868 662 autem
1895 619 2190 662 extruebantur
2218 633 2321 672 pon-

1303 686 1391 727 tes,
1423 687 1523 730 quot
1553 674 1678 718 essent
1712 675 1754 718 in
1788 677 1949 719 tributis
1970 675 2153 720 comitiis
2178 677 2325 728 tribus,

1306 747 1453 787 nempe
1497 734 1685 777 XXXV.
1730 734 1773 777 in
1806 733 2046 777 centuriatis
2079 733 2274 777 centuriae
2308 764 2321 784 ‚

1306 805 1453 844 nempe
1495 792 1709 834 CXCIII.
1767 791 1841 834 Per
1888 807 1956 834 eos
1999 790 2129 846 igitur
2173 803 2324 846 pontes

1308 848 1588 901 transeuntes,
1620 863 1803 904 acceptas
1837 849 1877 890 in
1903 848 2034 900 prima
2057 847 2191 904 pontis
2213 860 2326 903 parte

1309 907 1478 950 tabellas
1513 907 1555 950 in
1587 919 1773 949 extrema
1808 906 2047 949 reddebant:
2085 906 2221 962 itaque
2250 904 2328 948 suf-

1308 962 1485 1020 fragium
1519 963 1722 1007 ferebatur
1749 997 1758 1007 .
1800 965 1888 1015 (b)
1924 964 2062 1020 Igitur
2089 996 2101 1018 ,
2144 965 2212 1007 ubi
2248 963 2327 1007 sors

1311 1021 1621 1076 praerogativam
1657 1022 1862 1064 indicasset
1895 1022 2123 1065 centuriam
2161 1054 2172 1073 ‚
2206 1037 2329 1064 voca-

1311 1080 1377 1121 bat
1409 1094 1502 1122 eam
1537 1093 1665 1133 praeco
1697 1078 1745 1121 ad
1778 1078 2011 1126 suffragium
2051 1111 2061 1121 .
2117 1079 2196 1121 Illa
2230 1094 2325 1122 vero

1313 1136 1483 1179 movens
1516 1135 1762 1178 concedebat
1796 1135 1836 1177 in
1866 1134 2002 1178 locum
2028 1151 2149 1191 prope
2171 1137 2330 1180 Tribu-

1313 1195 1380 1237 nal
1428 1195 1470 1237 in
1513 1194 1679 1236 camno
1711 1192 1871 1236 Martio
1904 1192 2097 1236 cancellis
2132 1193 2286 1241 septum
2320 1225 2335 1246 ,

1313 1252 1420 1307 quod
1453 1251 1563 1294 ovile
1598 1251 1656 1300 (¹⁶)
1686 1249 1918 1293 dicebatur:
1954 1266 2082 1307 eoque
2105 1251 2339 1306 suffragium

1315 1309 1434 1352 laturi
1470 1309 1693 1365 pergebant
1727 1323 1795 1362 per
1830 1321 1973 1363 pontes
2012 1326 2020 1350 :
2081 1309 2124 1352 in
2157 1323 2337 1366 quorum

1315 1366 1516 1421 capitibus
1549 1363 1725 1417 dispositi
1752 1380 1869 1408 erant
1890 1365 2118 1410 diribitores
2140 1399 2151 1417 ,
2184 1367 2254 1422 qui
2278 1378 2340 1409 ta-

1317 1425 1442 1468 bellas
1475 1423 1642 1480 singulis
1677 1423 1905 1466 traderent.
1939 1424 2004 1466 Ad
2037 1425 2158 1466 ovilis
2190 1439 2334 1468 autern

1315 1483 1464 1526 ostium
1507 1483 1663 1524 stabant
1707 1495 1913 1537 rogatores
1955 1497 2048 1524 cum
2082 1483 2188 1524 cistis
2222 1513 2234 1534 ‚
2284 1482 2332 1524 in

1317 1557 1415 1597 quas
1437 1539 1608 1595 populus
1629 1537 1850 1588 conjiceret
1873 1538 2040 1581 tabellas
2063 1553 2198 1581 utram
2221 1538 2339 1595 quis-

1318 1614 1394 1654 que
1428 1598 1575 1641 vellet:
1611 1597 1755 1650 quibus
1780 1596 1973 1647 conjeffis
1998 1613 2019 1638 a
2045 1596 2213 1647 singulis
2245 1610 2344 1639 cen·

1319 1655 1462 1708 turus,
1497 1669 1586 1698 turn
1613 1653 1798 1702 suffragia
1824 1655 2151 1697 numerabantur
2170 1653 2340 1697 acusto-
2393 1663 2397 1669 “

1319 1712 1460 1766 dibus',
1493 1712 1563 1769 qui
1591 1727 1637 1755 ea
1668 1711 1827 1767 punffis
1854 1724 2098 1754 notaverant
2127 1729 2135 1753 ε
2170 1712 2273 1763 (⁴¹⁵)
2299 1722 2345 1755 ut

1318 1788 1364 1815 ea
1396 1772 1522 1814 tribus
1565 1801 1578 1823 ,
1625 1783 1696 1812 aut
1730 1769 1925 1812 centuriae
1961 1769 2158 1813 sententia
2192 1784 2344 1812 renun-

1321 1830 1496 1872 ciaretur
1529 1860 1541 1880 ‚
1590 1826 1632 1870 in
1666 1843 1789 1881 quam
1827 1827 1939 1880 plura
1975 1827 2160 1883 suffragia
2194 1842 2347 1871 conve-

1324 1887 1460 1929 nirent
1494 1901 1505 1939 3
1536 1900 1581 1927 ea
1615 1885 1855 1927 reticeretur
1881 1916 1892 1935 ,
1937 1899 2026 1940 quae
2054 1884 2216 1938 paribus
2246 1883 2344 1929 effet

1321 1943 1504 1987 distra‘cla
1529 1941 1750 1998 suffragiis,
1784 1941 1857 1985 nifi
1882 1941 1929 1985 de
1957 1941 2246 1996 perduellionis
2261 1943 2346 1985 cri-

1325 2002 1436 2045 mine
1452 2013 1662 2056 ageretur.
1695 2002 1753 2052 (c)
1780 2001 1896 2043 Tum
1924 2001 2041 2042 enim
2068 2015 2230 2043 reorum
2251 2015 2346 2043 cau-

1325 2061 1360 2102 sa
1396 2092 1407 2109 ,
1453 2058 1563 2114 paria
1590 2057 1774 2112 suffragia
1796 2057 2060 2100 absolutionis
2091 2057 2340 2101 sententiam

1325 2116 1589 2172 praeferebant
1616 2145 1628 2152 -
1681 2118 1780 2159 Haec
1813 2130 1953 2159 autem
1979 2115 2253 2158 dinumeratio
2286 2126 2348 2159 ta·-

1324 2175 1540 2226 bularum,
1573 2174 1614 2217 δε
1639 2173 1885 2229 punctorum
1912 2173 2098 2227 notatio,
2131 2173 2343 2216 dicebatur

261 2231 335 2281 bo·³
369 2226 514 2269 Altera
541 2226 673 2281 legem
700 2229 893 2282 probabat
920 2245 1100 2280 novam,
1135 2227 1274 2271 inscri-
1323 2249 1484 2289 quoque
1507 2233 1699 2275 diremtio
1728 2231 2037 2288 suffragiorum,
2075 2232 2117 2273 ὅ(
2149 2230 2343 2276 dirimere

262 2298 409 2341 ptaque
433 2296 519 2327 erat
549 2284 624 2327 hac
650 2299 747 2328 nota
773 2287 884 2329 VR.
913 2287 1020 2329 five:
1056 2287 1119 2329 uti
1140 2301 1273 2341 rogas.
1295 2301 1303 2348 i
1326 2290 1510 2344 suffragia
1537 2321 1548 2332 .
1597 2289 1638 2331 Si
1672 2289 1738 2333 lex
1770 2304 1820 2332 ex
1853 2289 2100 2331 diremtione
2136 2287 2346 2343 suffragio-

260 2346 331 2388 Ne
375 2358 453 2398 qua
489 2357 584 2384 vero
623 2342 730 2386 fraus
755 2343 798 2386 in
825 2345 1067 2389 tabellarum
1094 2344 1276 2388 distribu-

259 2401 375 2445 tione
400 2400 569 2453 lateret,
601 2400 753 2455 privati
774 2401 930 2457 aliquot
951 2402 1139 2446 homines
1160 2434 1172 2453 ,
1206 2401 1275 2454 qui

258 2460 306 2503 de
336 2458 421 2513 lege
448 2457 689 2501 laborabant
715 2490 727 2510 ,
764 2472 833 2502 aut
859 2460 1088 2504 diribebant
1116 2492 1127 2513 ,
1160 2459 1231 2514 ipfi
1264 2491 1276 2512 ,

259 2528 332 2560 aut
371 2516 416 2559 de
451 2515 642 2572 pontibus
674 2516 944 2562 diribentibus
978 2518 1237 2574 praefidebam
1268 2549 1276 2558 .

261 2574 576 2618 Extruebantur
597 2574 712 2618 enim
742 2575 783 2618 in
811 2578 975 2631 Campo
1001 2590 1144 2630 pontes
1171 2575 1279 2618 mul-

262 2632 298 2676 ti
326 2662 338 2683 ,
384 2631 461 2674 sive
494 2633 670 2688 angustae
702 2635 884 2688 quaedam
921 2635 1226 2678 substruffiones
1256 2649 1277 2676 e

263 2687 453 2731 tabulatis
498 2689 579 2732 solo
621 2690 735 2733 editae
761 2724 769 2734 .
818 2695 869 2736 In
904 2693 1051 2736 horum
1087 2692 1279 2746 pontium

260 2746 394 2802 capite
427 2746 744 2801 imponebantur
775 2749 1039 2809 cistae-plenae
1078 2749 1236 2794 tabellis
1267 2782 1279 2804 ‚

270 2882 376 2891 ...—

310 2916 371 2955 (a)
398 2916 531 2956 Dionys.
562 2917 618 2950 lib.
641 2929 693 2956 37.

312 2959 373 3000 (b)
400 2962 511 2994 Rofin.
538 2962 586 2994 lib
603 2965 632 2994 8.
654 2971 710 3005 cap
728 2975 757 2995 2.

310 3007 375 3046 ς’)
402 3009 478 3047 Quo
503 3009 684 3046 centuria,
712 3017 870 3058 tanquam
897 3008 1023 3051 septis,
1050 3010 1183 3044 causave
1199 3020 1278 3048 grex
1328 3014 1512 3055 sepiebatur

268 3052 530 3085 continebantur
564 3076 571 3083 .
603 3055 756 3086 Formam
782 3066 852 3091 eius
877 3066 952 3087 cum
979 3056 1134 3089 pontibus
1161 3050 1282 3088 &Tuf-

266 3096 436 3140 fragatore
461 3121 473 3135 ,
505 3107 637 3139 accepta
675 3110 694 3131 a
719 3099 894 3133 diribitore
934 3100 1055 3132 tabella
1093 3101 1280 3141 suff-agium

263 3142 354 3175 suum
383 3143 419 3174 in
442 3143 553 3175 cistam
590 3142 774 3180 coniicente
801 3168 812 3181 ,
851 3145 989 3178 exhibet
1020 3157 1136 3178 numus
1165 3149 1196 3177 Ρ.
1227 3147 1281 3178 Li·

260 3188 340 3220 einii
367 3191 487 3220 Nervae
521 3211 531 3227 ‚
578 3188 663 3231 apud
690 3190 845 3223 Fuiv³um
873 3190 1032 3225 Ursinum
1062 3193 1154 3223 Fam.
1186 3192 1281 3223 Rom.

265 3234 349 3268 edic·
376 3235 490 3270 Parin·
511 3241 593 3278 pag.
617 3244 691 3276 149.
716 3234 808 3271 Adde
836 3236 970 3282 Vignol.
995 3235 1133 3281 Daffert-
1159 3237 1196 3271 de
1221 3237 1280 3273 col.

1326 2365 1417 2392 rum
1450 2363 1472 2390 a
1506 2345 1658 2402 populo
1691 2344 1787 2388 scita
1813 2377 1826 2398 ,
1875 2345 1942 2388 vel
1973 2362 2019 2387 ac
2047 2357 2140 2398 epta
2174 2361 2347 2398 appare-

1326 2419 1425 2450 ret:
1471 2418 1560 2448 tum
1606 2404 1649 2446 in
1695 2418 1823 2446 aeneas
1857 2402 2109 2451 incidebatur
2142 2401 2298 2446 tabulas
2330 2420 2344 2446 τ

1326 2463 1469 2508 deinde
1503 2461 1568 2505 vel
1602 2460 1762 2516 publice
1796 2460 1948 2517 populo
1973 2460 2223 2514 inspicienda
2253 2477 2349 2517 pro-

1329 2522 1580 2577 ponebatur,
1613 2518 1678 2562 vel
1710 2517 1963 2562 deferebatur
1996 2521 2044 2560 ad
2069 2518 2254 2562 aerarium
2277 2519 2349 2562 ad-

1329 2579 1518 2624 servanda
1546 2609 1554 2620 .
1604 2578 1740 2632 Atque
1785 2574 1860 2620 hac
1892 2577 1938 2619 de
1974 2576 2164 2630 potestate
2197 2577 2306 2632 leges
2331 2607 2345 2630 ‚

1326 2639 1368 2682 ἃ
1411 2638 1450 2679 S.
1477 2637 1530 2678 C-
1573 2635 1816 2678 fluxerunt:
1867 2634 2015 2690 istaque
2064 2634 2152 2677 sunt
2186 2634 2346 2678 ratione

1327 2693 1489 2740 condita
1512 2724 1524 2746 ,
1556 2692 1600 2736 δι
1628 2692 1847 2737 constituta
1880 2692 2116 2748 priusquam
2147 2691 2196 2732 ad
2227 2691 2349 2736 unius

1328 2751 1565 2811 potestatem
1595 2749 1739 2794 omnia
1771 2749 2020 2795 devenissent
2043 2780 2052 2790 .
2221 2748 2323 2850 'CA

1550 2884 2022 2898 -Ρ-

1330 2922 1494 2958 Antonini
1513 2921 1570 2953 Pii
1593 2928 1696 2956 cam.
1726 2917 1846 2961 Qiodfi
1865 2918 1932 2950 alio
1948 2918 2021 2950 loco
2038 2917 2184 2950 Comitia
2208 2941 2216 2952 ,
2248 2927 2350 2959 quam

1326 2971 1362 3001 in
1388 2977 1505 3009 campo
1533 2966 1659 2998 Martio
1685 2964 1891 2997 habebantur
1920 2986 1932 3002 ‚
1979 2962 2120 2994 extensis
2163 2963 2189 2994 is
2214 2959 2351 2996 funibus

1544 3033 1553 3048 ,
1591 3020 1691 3052 quem
1717 3007 1979 3051 περισκηίνισμοι
2003 3007 2150 3050 appellat
2177 3007 2350 3050 Appianus

1329 3059 1508 3092 civitJIl,
1527 3058 1682 3097 pag.885.
1699 3056 1781 3087 edit.
1801 3055 1912 3087 Tomi
1929 3077 1937 3085 .
2278 3060 2279 3063 ’

1374 3105 1444 3145 [⁴⁰⁸]
1470 3099 1567 3135 Unde
1596 3099 1714 3140 punita
1746 3098 1829 3132 ferre
1857 3098 1973 3132 Cicero

1330 3157 1472 3192 cap.2z.·
1494 3145 1707 3178 Notiffimum
1734 3143 1820 3177 illud
1846 3144 1976 3178 Horatii
1998 3166 2010 3183 ‚
2272 3165 2276 3172 .

1401 3215 1408 3218 -
1424 3194 1526 3224 Omne
1540 3192 1625 3223 tulit
1641 3189 1793 3226 pianelam
1807 3212 1820 3233 ,
1847 3192 1903 3234 qui
1924 3189 2061 3233 miscuit
2075 3188 2157 3224 utile
2170 3186 2261 3224 dulci

1378 3238 1434 3282 (c)
1459 3235 1594 3277 Dionys.
1618 3234 1716 3272 liba.
1922 3241 1927 3246 ·

2010 3096 2100 3132 dixit
2126 3103 2185 3142 pro
2213 3076 2359 3150 Plancio*
2397 3096 2402 3101 “

2446 3086 2512 3125 ,κί’

2484 3182 2496 3204 Γ
