2524 3479
756 88 1095 169 JURIS
1177 95 1699 150 crvtLrs.

966 172 1055 224 (a)
1099 170 1206 225 Oui-

188 248 346 288 cunque
381 231 451 274 ille
484 229 641 284 fuerit3
673 240 779 272 certe
815 243 1013 284 magnam
1045 228 1089 270 in
1122 227 1206 279 jure

185 290 306 335 civili
359 289 646 332 ευὲὶονίῑειτεῑη
689 286 744 330 est
788 285 1023 329 assecutus:
1073 285 1130 328 ita
1164 299 1206 329 ut

186 346 370 392 extin&o
404 344 607 389 Labeonis
641 344 811 386 nomine
837 376 849 396 ‚
896 342 1030 386 schola
1064 342 1205 408 illum,

184 420 272 461 quae
302 420 372 459 per
402 406 588 447 Nervam
613 403 660 444 ad
689 400 908 444 Proculum
935 401 1205 457 pervenerit,

187 462 530 507 Proculianorum
563 458 866 515 appellaretur.

313 576 354 619 C
415 577 454 619 A
518 575 548 619 P
608 575 652 617 U
714 574 758 615 T
848 574 1079 619 LXXVII.

549 692 615 736 De
646 689 825 747 Pegafh.

186 176 255 223 sub
298 173 466 219 Othone
501 170 692 228 praetorio
726 170 920 226 praefuit.

268 810 383 852 Uarn
405 807 474 851 hic
497 806 642 850 ses‘tam
665 805 828 849 tradidit
851 804 997 860 Pegaso
1024 821 1033 846 :
1081 821 1203 861 quem

288 864 496 918 Juvenalis
523 867 539 917 (
564 866 623 916 ²⁶)
653 864 822 906 obscuro
852 862 942 906 loco
970 875 1113 905 natum
1140 864 1203 906 in-

187 922 282 966 nuit
315 955 327 976 ,
361 923 604 977 propriaque
640 923 788 964 virtute
817 921 996 963 summos
1027 920 1205 963 honores

187 982 382 1034 adeptum
412 1011 421 1022 .
466 980 552 1032 (b)
587 980 702 1022 Nam
732 979 799 1021 sub
827 978 1075 1032 Vespasiano
1108 994 1206 1032 prae-

185 1037 312 1081 festus
340 1038 428 1081 urbi
451 1037 528 1080 fuit
548 1069 559 1089 ‚
591 1037 733 1080 deinde
763 1036 918 1078 Consul
951 1052 1047 1079 cum
1072 1035 1203 1079 Pusio-

185 1111 263 1138 ne.
331 1112 379 1137 uo
408 1095 451 1137 in
478 1093 716 1149 magistratu
743 1093 777 1136 se
802 1093 964 1136 auec’tore
989 1093 1202 1137 conditum

184 1153 292 1196 estS
310 1153 362 1194 C
375 1153 422 1195 de
450 1152 661 1195 retinenda
691 1167 759 1206 per
784 1150 974 1193 heredem
996 1164 1139 1206 quarta
1154 1167 1203 1195 ex

185 1209 352 1265 singulis
387 1211 500 1253 lebus
527 1225 595 1261 per
623 1207 979 1251 fideicommiffum
1007 1208 1159 1250 relie’cis
1191 1240 1204 1260 ‚

185 1243 378 1322 exei'mplo
405 1265 618 1311 Falcidiae:
641 1265 748 1321 quod
775 1265 853 1319 Peg,
835 1263 1039 1306 alianum
1060 1264 1114 1308 est
1133 1281 1203 1320 ap-

189 1325 427 1380 pellatum.

297 1440 340 1482 C
398 1440 440 1482 A
502 1438 532 1481 P
593 1438 636 1480 U
697 1438 741 1480 T
827 1436 1083 1481 LXXVIII.

496 1556 563 1598 ,De
593 1553 709 1608 Celso
739 1555 892 1597 Patre.

304 1671 335 1713 B
360 1669 437 1714 hoc
465 1669 708 1713 Proculiana
733 1666 948 1724 disciplina
976 1665 1168 1711 transiit
1158 1682 1202 1709 in

322 1728 563 1779 Juventium
591 1727 763 1771 Celsum
789 1739 943 1781 patrem
973 1758 984 1780 ‚
1030 1727 1202 1777 indeque

187 1786 235 1829 ad
268 1785 429 1829 filium.
464 1786 581 1829 Pater
606 1785 718 1828 initae
743 1784 1042 1835 conjurationis
1063 1782 1202 1827 au5‘tor

184 1859 207 1887 a
231 1843 477 1908 Domitiano
498 1856 758 1898 compertus,
792 1857 885 1885 cum
912 1840 1052 1884 frustra
1068 1856 1204 1914 nega-

184 1912 244 1943 ret
269 1932 282 1952 ,
323 1902 404 1944 astu
430 1932 442 1953 ‚
474 1901 518 1944 ἃ
546 1900 585 1944 fi
579 1899 804 1944 nulatione
832 1915 999 1955 poenam
1025 1899 1201 1954 effugit.

183 1959 242 2011 (c)
270 1959 458 2001 Promisit
483 1958 595 2001 enim
622 1991 634 2012 ‚
666 1958 775 2002 clam
809 1957 1099 2020 inquisiturum
1134 1956 1168 1998 se
1191 1987 1202 2008 ‚

183 2016 446 2071 criminisque
472 2015 653 2059 conscios
677 2016 936 2067 delaturum,
970 2014 996 2056 fi
1032 2013 1100 2056 libi
1119 2013 1203 2056 vita

185 2074 488 2116 condonaretur
515 2105 524 2115 .
572 2075 795 2115 Annuente
826 2074 1032 2125 Tyranno
1058 2103 1072 2123 ‚
1118 2070 1202 2133 ipse

187 2131 298 2173 aliud
323 2146 371 2173 ex
400 2129 481 2172 alio
507 2130 672 2173 neffiens
697 2162 708 2182 ‚
760 2145 848 2172 rem
875 2130 922 2171 ad
963 2126 1200 2171 Domitiani

185 2199 368 2231 mortem
401 2188 619 2240 extraxit
654 2187 769 2242 seque
793 2203 840 2250 ac
868 2185 993 2229 socios
1019 2184 1202 2241 periculo

183 2245 363 2288 exemit.
399 2245 520 2299 Apud
547 2243 812 2296 Trajanum
803 2259 846 2286 in
870 2258 1018 2298 magna
1032 2242 1198 2286 aestima-

183 2303 298 2346 tione
320 2301 433 2345 fuit.
468 2303 617 2345 Proetor
648 2315 803 2345 creatus
832 2301 1042 2344 Licinium
1076 2315 1199 2355 nepo-

184 2371 298 2413 tem,
331 2359 701 2416 (d)quiambitus‚
733 2358 1111 2414 &repetundarum
1127 2373 1202 2401 reis

187 2392 430 2460 facultatem
468 2418 629 2461 testium
667 2420 848 2460 Romam
892 2416 1199 2472 evocandorum

186 2474 276 2519 fieri
303 2473 467 2518 volebat
493 2507 505 2529 ,
555 2475 653 2519 adeo
676 2474 824 2518 acriter
851 2472 1084 2529 objurgavit
1111 2488 1124 2526 3
1159 2485 1201 2515 ut

181 2604 293 2617 1-
298 2605 529 2617 --“

184 2640 332 2670 XXVII.
357 2635 431 2674 ΟΜ.
450 2639 503 2668 28.
521 2635 581 2668 Sed
599 2644 735 2679 utraque
754 2633 918 2668 scribendi
933 2634 1018 2667 ratio
1032 2631 1111 2665 ferri
1129 2642 1201 2674 pot-

182 2683 225 2714 est
241 2703 250 2713 .
279 2686 341 2714 Pro
364 2681 424 2713 illa
440 2682 524 2713 stant
540 2682 743 2723 Pomponius
774 2681 809 2712 in
823 2683 860 2712 L.
879 2691 907 2712 2.
941 2682 1027 2723 §.47.
1047 2683 1090 2710 D.
1110 2680 1146 2710 O.
1170 2682 1198 2710 I.

182 2735 243 2768 pro
258 2726 318 2761 hac
334 2727 408 2759 sunt
424 2729 441 2770 §
459 2737 476 2758 2
490 2736 515 2765 3.
528 2728 613 2768 J.de
631 2729 704 2759 Rer.
721 2726 824 2766 divis.
839 2726 869 2756 ἃ
885 2724 1192 2768 Ulp.u·t.xl.§.28.

186 2780 249 2803 una
274 2784 350 2805 cum
366 2772 498 2815 Anolog
501 2772 530 2804 ia
562 2782 624 2803 voc
627 2772 653 2803 is
668 2770 920 2804 Grammatica.

233 2818 312 2858 [as
337 2820 444 2851 Tacit
476 2820 549 2850 l.1.
579 2815 651 2857 hist
680 2823 737 2859 cap
767 2820 823 2855 46.

233 2862 280 2901 [⁴‘
293 2863 307 2901 ]
337 2863 394 2896 Vel
424 2863 534 2906 potius
561 2862 752 2895 Scholiastes
777 2860 874 2900 ejus,
899 2860 959 2904 qui
984 2860 1024 2893 ad
1056 2860 1198 2893 versum.

278 2910 426 2949 Pegasus
450 2909 601 2941 attonita
625 2907 745 2948 politus
771 2907 861 2939 moda
887 2918 924 2939 vr
914 2907 1026 2940 inicus
1051 2905 1125 2938 urbi
1141 2927 1152 2944 ‚

187 2950 342 2992 Pegasum
381 2953 595 2991 ‘trierarchi
615 2954 721 2986 filium
758 2951 878 2988 fuisse,
906 2952 983 2991 ait,
1011 2960 1198 2992 nomenque

191 2996 323 3028 traxiffe
350 3007 368 3028 a
397 2997 533 3031 liburnae
561 3007 704 3042 paterna:
723 2998 892 3040 parasemo
907 3020 918 3037 ‚
944 2996 1032 3040 quod
1049 3005 1120 3029 erat
1141 2999 1197 3027 Pe

187 3040 307 3083 gasu53
332 3039 409 3073 dein
437 3042 554 3081 admt,
582 3055 659 3077 eum
688 3044 721 3077 in
751 3044 832 3081 iuris
862 3042 965 3076 studio
982 3050 1112 3075 tantam
1130 3051 1199 3073 me-

191 3085 306 3118 moriae
333 3085 471 3127 gloriam
499 3099 568 3121 me·
572 3089 645 3123 uiffe
661 3111 670 3128 ‚
699 3098 735 3122 ut
752 3089 837 3122 liber
855 3090 981 3130 vulgo,
1012 3099 1079 3121 non
1095 3087 1197 3120 homo

192 3131 378 3164 diceretur.
407 3128 518 3173 AEgid·
534 3134 708 3178 Menagius
728 3135 885 3170 Amaem't.
900 3131 961 3175 jur.
969 3134 1064 3169 civil
1069 3142 1136 3176 cap
1146 3143 1184 3175 17

233 3175 315 3217 [h]
343 3179 451 3217 Satiat-
467 3187 499 3215 4·

1221 723 1224 726 Α
1256 700 1314 731 tre
1347 687 1608 743 distinguitur
1640 719 1649 730 .

2266 114 2286 150 1

1259 170 1433 214 accensis
1481 169 1675 226 utrinque
1723 165 1878 212 animis
1926 169 1974 212 ad
2007 112 2280 216 contumelias

1257 227 1550 272 excurrerint.

1403 344 1442 387 C
1504 345 1543 387 A
1606 343 1636 386 P
1696 344 1741 386 U
1803 344 1846 385 T
1942 344 2143 388 LXXIX,

1579 458 1646 503 De
1677 457 1796 512 Celso
1828 458 1937 501 Filio
1958 492 1966 501 .

1262 570 1488 675 HUnc
1521 572 1683 628 excepit
1715 571 1860 638 Celsus
1892 573 2001 617 filius
2031 604 2045 636 .’
2081 538 2152 630 qui
2186 576 2282 620 ado-

1409 630 1595 674 lescentis
1628 629 1798 673 nornine
1826 631 1868 674 in
1889 631 2037 674 libris
2026 647 2122 682 Jurls
2149 649 2172 676 a
2204 635 2276 678 Pa-

1695 688 1854 731 Consul
1891 688 2073 734 suffeffiis
2100 690 2234 745 primo
2261 724 2276 746 ‚

1254 746 1396 789 deinde
1427 744 1653 790 ordinarius
1685 744 1763 789 fuit
1797 747 1863 789 sub
1899 746 2082 792 Adriano
2116 764 2125 788 :
2179 750 2276 800 (e)

1254 803 1325 859 qui
1358 802 1442 855 ejus
1473 802 1642 846 confilio
1666 803 1720 847 est
1749 804 1837 847 usus
1871 803 1979 847 inter
2012 803 2274 855 jurisconsul-

1254 873 1315 903 tos
1346 873 1500 906 ceteros
1520 893 1531 915 ‚
1563 875 1691 917 quos,
1723 861 1971 916 adprobante
2003 862 2153 906 Senatu
2174 894 2186 915 ‚
2220 862 2272 905 si·-

1255 918 1293 961 bi
1332 918 1550 974 adjungere
1596 919 1861 962 consueverat
1897 952 1906 962 .
1960 921 2009 962 In
2068 922 2266 964 Romano

1254 992 1459 1019 marmore
1482 976 1720 1020 invenimus
1742 977 1912 1022 Celsum
1942 1008 1953 1030 ‚
1997 975 2066 1033 qui
2101 977 2274 1020 Proma«

1252 1033 1369 1089 gister
1390 1033 1538 1078 Scrinii
1569 1033 1808 1078 libellorum
1833 1036 1899 1078 sub
1924 1034 2144 1080 Antonino
2174 1034 2271 1090 fuit

1256 1094 1400 1134 Praeter
1443 1091 1565 1134 libros
1596 1091 1764 1144 triginta
1790 1108 1943 1135 novem
1970 1092 2220 1148 digestorum
2248 1124 2262 1146 ,

1253 1147 1421 1204 reliquit
1462 1149 1589 1191 etiam
1630 1149 1786 1203 aliquos
1828 1149 1874 1193 de
1908 1149 2218 1204 usucapionibus
2250 1166 2262 1190 t

1250 1205 1452 1263 quibusin
1466 1205 1579 1248 libris
1600 1206 1738 1251 crebra
1751 1208 1911 1251 mentio
1931 1207 1985 1252 est
2004 1207 2154 1250 Patris.
2185 1208 2267 1259 (**)

1394 1319 1435 1363 C
1495 1321 1535 1362 A
1598 1320 1628 1362 P
1689 1321 1732 1362 U
1796 1322 1840 1363 T
1947 1323 2123 1366 LXXX.

1511 1436 1579 1483 De
1609 1434 1780 1479 Neratio
1811 1436 1979 1491 Prtsco.

1386 1548 1556 1594 Eratius
1576 1550 1730 1596 Priscus
1750 1552 1952 1597 Labeonis
1976 1551 2171 1597 scholam
2200 1568 2272 1618 per

1404 1608 1575 1652 Celsum
1617 1623 1776 1665 patrem
1818 1612 2040 1666 postremus
2071 1612 2229 1667 accepit
2264 1644 2273 1653 .

1253 1666 1365 1708 Eum
1388 1665 1595 1718 Traianus
1623 1680 1736 1711 tanta
1764 1667 2052 1712 benevolentia
2084 1700 2096 1722 ,
2127 1669 2171 1712 ἃ
2200 1668 2275 1712 ho-

1253 1737 1352 1766 nore
1379 1724 1756 1779 complefiebatur,
1790 1739 1834 1769 ut
1869 1727 2100 1770 multorum
2121 1725 2273 1778 judicio

1251 1781 1382 1824 eidem
1410 1783 1665 1826 traditurus
1656 1784 1879 1838 imperium
1905 1784 2110 1827 videretur
2130 1815 2140 1826 .
2189 1783 2277 1827 Cui

1251 1838 1295 1881 &
1321 1839 1552 1893 provincias
1582 1842 1874 1885 commendare
1902 1841 2031 1885 fuerat
2061 1840 2223 1884 auditus
2258 1872 2271 1894 ,

1253 1896 1319 1938 ubi
1335 1895 1456 1941 fatale
1471 1897 1625 1955 aliquid
1643 1898 1711 1941 fibi
1728 1899 1998 1950 contioiffet.
2036 1897 2115 1952 (f)
2135 1900 2276 1953 Quam

1253 1953 1429 1996 Neratio
1457 1955 1566 2009 spem
1594 1956 1759 2001 abstulit
1788 1957 2028 2009 Adrianus,
2063 1956 2194 1999 forsan
2216 1955 2276 1998 fa-

1253 2026 1348 2054 vore
1376 2011 1550 2055 Plotinae
1584 2028 1593 2053 ε
1650 2026 1693 2055 ut
1739 2014 1798 2057 sat
1837 2015 1971 2057 noster
2003 2013 2190 2057 habuerit
2223 2012 2274 2054 ab

1251 2068 1436 2112 Adriano
1481 2069 1524 2112 in
1565 2069 1782 2114 confilium
1830 2071 2015 2114 adhiberi
2053 2101 2064 2113 .
2114 2069 2272 2114 Consul

1253 2125 1358 2181 fuit,
1392 2138 1437 2170 ut
1465 2127 1644 2171 creditur
1675 2159 1686 2182 ‚
1723 2128 1792 2172 sub
1817 2129 1883 2172 Μ.
1914 2127 2115 2172 Aurelio.

1394 2242 1436 2286 C
1496 2244 1535 2286 A
1599 2244 1629 2286 P
1689 2245 1734 2287 U
1796 2245 1840 2287 T
1930 2243 2134 2289 LXXXI.

1517 2332 1585 2376 De
1615 2331 1803 2387 Masurio
1834 2331 1987 2374 Sabino
2006 2364 2016 2374 .

1354 2415 1427 2458 Ost
1453 2432 1576 2472 quam
1606 2429 1737 2462 totam
1766 2418 1846 2470 jam
1864 2402 2059 2461 scholam
2079 2415 2279 2460 Labeonis

1369 2475 1671 2531 percurrimus,
1705 2477 1980 2520 remeabimus
2012 2475 2059 2517 ad
2081 2472 2272 2573 Attejgm

2237 2547 2279 2572 a..

1843 2534 1883 2576 G
1949 2547 1972 2574 2

1769 2631 2275 2678 [d]1³1in.1ib.6.epist.3.

1482 2601 1715 2617 -ι--ι--.

1297 2633 1369 2671 [c]
1398 2633 1497 2665 Dion.
1536 2633 1592 2666 lib.
1615 2638 1670 2676 67.

1297 2680 1342 2718 [e
1327 2677 1370 2715 e]
1399 2681 1507 2719 Spart·
1529 2680 1564 2711 in
1585 2681 1662 2712 AEl
1684 2681 1829 2712 Adrian-

1295 2722 1392 2764 [³‘⁴‘]
1421 2727 1470 2756 De
1500 2724 1603 2757 Cellis
1630 2726 1663 2757 in
1690 2726 1758 2766 fine,
1764 2725 1846 2757 ulari
1863 2723 2088 2758 dissertatione
2114 2722 2184 2765 egit
2205 2726 2272 2756 ΠΙ.

1250 2768 1475 2808 Heineccius‚
1504 2780 1544 2801 ex
1576 2780 1638 2812 qua
1667 2771 1731 2803 tria
1763 2770 1825 2804 hoc
1851 2770 1926 2803 loco
1952 2770 2130 2812 repetimus
2146 2793 2152 2798 ,.
2202 2769 2274 2801 Pri-

1249 2824 1329 2852 mo,
1368 2824 1439 2856 quae
1478 2813 1518 2847 de
1558 2815 1679 2855 Celso,
1713 2824 1806 2858 patre
1826 2838 1836 2855 ,
1863 2827 1881 2848 a
1911 2815 2054 2848 Gravina
2084 2814 2241 2846 dicuntur
2263 2834 2274 2852 ‚

1250 2858 1404 2901 pleraque
1452 2858 1565 2892 omnia
1595 2860 1635 2893 ad
1665 2860 1771 2894 filium
1805 2861 1943 2903 pertine
1937 2872 1995 2900 re,·
2035 2868 2110 2892 tum
2141 2862 2275 2891 Prema-

1249 2905 1382 2947 gistrum
1411 2903 1633 2945 scriniorum,
1665 2907 1719 2949 qui
1754 2907 1869 2940 libello
1897 2905 1936 2938 de
1964 2904 2088 2938 feretro
2122 2903 2277 2937 faciendo

1247 2949 1431 2992 subscripsit
1448 2972 1460 2989 ‚
1503 2951 1563 2983 esse
1603 2961 1785 2993 nepotem:
1827 2953 1857 2984 ἃ
1883 2950 2017 2984 tandem
2044 2951 2076 2982 fi.
2083 2950 2114 2982 io
2161 2960 2277 2991 perpe-

1248 3005 1317 3028 ram
1358 2994 1461 3028 tribui
1500 2995 1621 3029 librum
1648 2997 1687 3029 de
1715 2997 1969 3039 usucapionibus
2007 2996 2061 3039 qui
2089 3007 2107 3026 a
2134 2994 2265 3027 nemine

1249 3048 1404 3073 veterum
1429 3042 1646 3083 appellatur,
1675 3051 1809 3076 tantum
1834 3043 1919 3076 abest
1940 3063 1950 3081 ‚
1977 3050 2013 3075 ut
2040 3040 2153 3075 Celsus
2180 3039 2213 3071 in
2237 3049 2276 3072 eo

1247 3093 1375 3128 patrem
1401 3085 1514 3129 saepius
1554 3087 1664 3121 laudet
1682 3107 1693 3128 ‚-
1741 3089 1797 3131 qui
1823 3096 1968 3123 rarenter
2008 3088 2110 3131 plane
2141 3085 2176 3119 in
2193 3087 2274 3117 Pan-

1245 3129 1351 3164 dee'tis
1380 3132 1605 3166 nominatur.

1302 3176 1377 3220 [f]
1409 3179 1522 3220 Spart.
1549 3179 1585 3212 in
1620 3179 1700 3214 AEl
1717 3179 1859 3213 Adrian

1258 2603 1368 2612 -ι
