2596 3479
256 124 359 174 260

236 199 264 240 ii
307 197 397 240 LX.
440 193 560 239 annis
603 195 745 241 minor
777 194 940 251 nuptias
971 198 1236 244 contraxisset
1269 233 1279 244 .

233 253 349 298 Hinc
370 254 456 306 jure
475 271 498 298 a
518 255 671 308 Jacobo
692 252 951 297 Gothofredo
970 254 1036 306 (a)
1061 257 1277 312 reprehen-

232 312 386 356 duntur
419 313 446 357 ii
479 345 493 367 ,
524 311 593 368 qui
625 314 865 366 abrogatum
898 310 1011 355 fuisse
1045 329 1067 356 a
1099 314 1279 360 Claudio

231 382 354 427 caput
387 369 487 427 legis
520 370 651 423 Papiae
681 369 962 412 arbitranturt
997 386 1093 414 cum
1115 373 1277 418 Tiberii

228 428 368 490 potius
398 427 619 483 explicatio
651 425 815 485 explosa
840 426 966 472 fuerit
985 459 998 483 ,
1029 427 1190 487 ejusque
1209 432 1278 475 ad-

230 485 333 537 ιεέἶο
367 486 516 531 sublata
538 517 548 529 .

373 604 415 646 c
475 604 515 647 A
576 603 715 647 Pu
774 584 1129 650 T'XXXDc.

491 721 558 764 De
586 720 631 762 S.
663 722 715 763 C.
747 716 1009 772 Calvifianoz

309 837 329 879 1
363 851 460 880 vero
491 835 625 888 major
656 834 1008 891 quinquagenaria
1036 834 1189 878 minori
1219 834 1268 879 se-

322 894 544 950 xagenario
579 893 798 950 nupsisset,
832 906 1030 948 tanquam
1063 908 1112 936 ex
1140 894 1267 947 impa-

225 952 259 994 ri
307 952 577 995 matrimonio
618 952 662 994 δε
710 949 828 993 omni
867 949 991 1003 prolis
1021 950 1082 1004 spe
1110 950 1269 994 destitu-

225 1020 317 1052 tuto
338 1041 350 1063 ,
381 1011 450 1052 dos
472 1010 620 1052 caduca
644 1020 731 1050 erat
749 1039 761 1061 ,
795 1007 839 1050 δι
864 1007 958 1049 fisco
981 1008 1170 1061 cedebat,
1195 1009 1271 1050 mi-

225 1068 421 1122 nimeque
462 1066 730 1121 proficiebant
766 1063 828 1106 hae
854 1065 1006 1119 nuptiae
1033 1066 1079 1107 ad
1105 1065 1271 1120 capien-

222 1125 290 1166 das
312 1123 553 1167 hereditates
573 1156 585 1174 ,
617 1123 660 1166 ἃ
683 1123 835 1178 legatas
856 1123 967 1165 dotes
989 1155 996 1163 .
1033 1124 1151 1177 and
1176 1140 1265 1169 cau-

222 1194 311 1224 tum
339 1180 416 1224 fuit
441 1183 479 1223 S.
507 1182 558 1223 C.
587 1179 831 1224 Calvitiano
852 1211 864 1233 ‚
896 1179 962 1222 vel
996 1181 1236 1227 Caluisiano
1257 1216 1268 1232 ,

220 1238 333 1289 cujus
359 1241 462 1296 apud
490 1238 723 1293 Ulpianum
749 1238 803 1281 est
833 1237 992 1280 mentio
1016 1254 1025 1278 t
1079 1240 1166 1291 (h)
1198 1243 1266 1285 ubi

220 1296 381 1341 videtur
404 1296 601 1349 Cujacius
627 1294 752 1340 malle
777 1293 1058 1338 Claudianum
1081 1328 1090 1338 .

428 1412 469 1455 C
528 1413 570 1456 A
631 1413 662 1455 P
721 1412 765 1453 U
826 1411 870 1451 T
968 1405 1073 1454 XL(

480 1529 548 1572 De
576 1529 620 1570 S.
652 1530 703 1571 C.
736 1525 975 1570 Perniciano
995 1555 1005 1567 .

324 1647 432 1688 Orro
473 1642 542 1699 qui
569 1654 703 1686 aetates
734 1641 849 1685 hasce
881 1639 937 1684 ita
969 1640 1185 1695 praefinitas
1219 1641 1263 1685 si-

339 1719 388 1746 ne
423 1701 578 1758 nuptiis
610 1700 886 1752 transiissent,
924 1698 1184 1741 solvebantur
1206 1699 1258 1742 le-

219 1760 335 1816 gibus
374 1792 386 1813 ,
435 1761 514 1811 (c)
545 1759 589 1802 δί
612 1758 659 1801 ad
692 1757 825 1813 priscae
848 1755 1047 1799 libertatis
1076 1761 1255 1800 'comm-n.

218 1819 316 1860 dum
345 1817 682 1861 revertebantur.
706 1818 865 1858 Verum
892 1829 942 1857 ne
969 1813 1056 1856 ullo
1082 1830 1260 1869 unquam

219 1886 406 1930 tempore
438 1873 652 1917 coelibatus
685 1872 898 1928 proficeret
918 1902 930 1923 ,
961 1870 1116 1913 obstitit
1149 1873 1187 1914 S.
1209 1874 1259 1914 C.

218 1932 509 1975 Pernicianum
534 1963 546 1984 ,
579 1930 685 1986 quod
709 1927 914 1985 perpetuis
939 1928 1154 1972 coelibatus
1176 1945 1256 1984 pce

217 1990 284 2033 nis
315 1988 537 2032 obstrinxit
566 2003 631 2031 eos
653 2020 666 2041 ,
691 1987 765 2043 ‹qui
792 1997 926 2028 aetates
951 1985 1104 2037 legibus
1135 1988 1255 2040 praesi-

214 2049 326 2090 nitas
358 2047 438 2090 fine
470 2047 623 2101 nuptiis
659 2045 702 2088 &
733 2043 869 2087 liberis
892 2044 1168 2086 excessissent.
1196 2046 1262 2097 (A)

213 2107 276 2149 At
319 2104 569 2156 Justinianus
607 2103 773 2157 pristina
804 2101 1041 2156 nuptiarum
1075 2101 1260 2145 libertate.

213 2162 394 2206 restituta
427 2194 438 2213 ‚
489 2161 695 2205 invidiam
738 2159 884 2204 hatum
926 2157 1063 2215 legum
1103 2161 1262 2215 prorsus

215 2225 377 2264 amovit
403 2252 412 2262 .
446 2221 526 2272 (e)
1202 2228 1205 2229 ’

401 2335 848 2379 CAPUT
954 2335 1068 2378 XLI.

546 2450 615 2496 De
636 2448 899 2509 ‘spadonibus
918 2481 927 2492 .

214 2569 433 2673 HUic
475 2567 599 2626 capiti
644 2566 818 2620 Jacobus
860 2565 1139 2610 Gothofredus
1172 2567 1286 2610 sub-1

367 2626 499 2671 texuit
531 2625 633 2670 illud
664 2626 710 2668 de
744 2623 1011 2681 spadonibus:
1058 2640 1157 2679 quos
1188 2641 1257 2668 ve-

212 2701 260 2730 ro
292 2685 422 2728 simile
454 2685 508 2728 est
540 2684 628 2740 lege
661 2682 784 2735 Papia
813 2680 922 2725 fuisse
945 2682 1099 2737 nuptiis
1119 2683 1258 2737 prohi-

216 2744 322 2788 bitos
343 2775 356 2798 ,
386 2742 468 2795 (³⁹)
499 2754 639 2797 utpote
673 2755 767 2784 cum
799 2740 1056 2796 generationi
1078 2755 1161 2784 non
1183 2740 1260 2784 sint

221 2877 1255 2891 ——--——-———--——-—-—-——-
1315 2867 2221 2888 ——n———fi—--———n—-

262 2916 314 2958 [a]
342 2917 417 2950 Tit.
437 2919 489 2949 16.
516 2915 606 2948 Brisl'.
633 2915 672 2947 de
696 2914 768 2954 iure
794 2914 926 2948 cannah.
953 2925 1026 2955 ¹59·
1052 2916 1165 2958 Jacob.
1187 2921 1256 2952 Go-

220 2961 322 2997 thosr.
349 2964 412 2995 bit.
509 2960 559 3002 [b]
609 2960 744 3003 Ulpian.
773 2961 903 2994 tit-16.
930 2962 959 3003 §.
978 2971 1009 2998 3.

271 3009 324 3048 (ε)
348 3009 429 3051 Ulp.
448 3008 516 3040 eod.
532 3008 591 3039 tit«
608 3006 648 3038 C‘f
662 3008 692 3049 §.

270 3056 322 3095 [d]
349 3054 432 3095 Ulp.
458 3063 497 3085 ur
516 3054 591 3094 sup.
609 3054 637 3095 §.
655 3063 680 3092 3,
709 3049 865 3085 Gothofr.
886 3050 929 3083 ad
955 3052 1009 3083 hoc
1023 3057 1089 3088 cat.
1106 3051 1196 3086 Briff.
1220 3055 1260 3087 de

225 3095 295 3137 iure
320 3097 454 3132 cannah.
478 3105 553 3141 pag.
575 3102 647 3138 158.
673 3097 868 3132 'rettuli-in
880 3098 1007 3140 apolog.
1026 3101 1113 3140 Aug.
1130 3109 1160 3137 3.
1186 3113 1260 3134 con-

220 3152 275 3176 tra
293 3146 435 3187 Julian.

271 3195 318 3234 (el
346 3194 384 3224 1..
397 3189 561 3230 sancimus
577 3192 612 3220 C.
629 3190 666 3222 cle
681 3196 776 3230 nupt.
794 3192 832 3221 L.
853 3199 904 3223 12.
934 3193 968 3222 c.
987 3188 1024 3219 de
1043 3190 1136 3231 legit.
1155 3193 1257 3225 hered.

269 3239 347 3283 ς’)
375 3240 455 3270 lmo
492 3234 655 3279 spadones
691 3235 790 3269 soluti
829 3236 964 3279 quidem
988 3245 1048 3278 per
1072 3238 1180 3280 legem
1207 3242 1267 3272 Pa-

908 121 1053 175 DE
1134 97 1732 203 ιὲσιΒυε,

1328 200 1482 248 habiles
1507 236 1517 248 .
1549 207 1664 252 Hinc
1695 224 1745 253 ex
1779 206 2108 267 inscriptionibus
2126 213 2303 272 Ulpiani
2325 216 2375 263 ad

1331 259 1462 322 legem
1507 263 1664 328 Juliam
1705 267 1748 310 δε
1795 268 1964 324 Papiam
2001 270 2184 316 videmus
2213 305 2225 328 ,
2276 291 2378 319 con-

1328 319 1494 382 iunstas-
1528 320 1640 365 fuisse
1680 339 1776 383 cum
1808 325 1954 370 harum
1991 327 2130 384 legum
2162 333 2379 377 metatio-

1329 390 1379 418 ne
1411 376 1704 440 disputationes
1734 383 1781 426 de
1815 383 2053 439 spadonibus
2079 417 2087 427 .
2122 385 2202 440 (f)
2235 390 2290 432 Et
2317 391 2375 433 sa-

1329 447 1378 476 ne
1411 449 1482 498 qui
1515 441 1712 481 convenit
1733 472 1745 495 ,
1778 453 1824 484 ut
1857 441 1920 485 lex
1956 443 2076 495 Papia
2102 475 2114 498 ,
2147 460 2235 500 quae
2269 447 2378 490 sexa-

1327 506 1516 547 genarios
1550 496 1727 551 repulit,
1762 498 1902 542 tulerit
1936 501 2158 556 spadonum
2193 504 2373 558 nuptias,

1327 564 1415 604 quae
1458 565 1568 607 aeque
1598 554 1741 597 absunt
1772 556 1821 598 ab
1852 561 1968 600 omni
2005 558 2066 613 spe
2103 558 2323 604 liberorum
2358 577 2372 615 3

1325 607 1431 671 quod
1475 624 1603 653 unum
1646 628 1692 655 ac
1737 613 1942 657 summum
1989 614 2068 659 fuit
2103 616 2204 669 legis
2239 619 2372 672 Papiae

1326 664 1543 731 studium..)
1578 669 1727 712 Nescio
1759 670 1888 725 igitur
1921 703 1933 724 ‚
1966 688 2037 715 cur
2071 673 2256 728 Hispano
2289 675 2372 729 illi,

1324 723 1409 778 (g)
1441 740 1510 786 qui
1543 726 1747 770 immanes
1780 729 2103 771 commentarios
2134 730 2181 772 ad
2216 731 2286 774 has
2313 732 2376 776 le-

1324 794 1390 834 ges
1421 783 1550 825 edidit
1577 816 1588 836 ,
1622 784 1665 826 in
1699 797 1885 827 mentem
1921 786 2079 828 venerit
2112 786 2273 836 rejicere
2308 805 2377 831 ca-

1324 837 1505 901 put-hoc
1535 841 1581 884 de
1616 841 1853 896 spadonibus
1886 858 1907 884 a
1938 843 2083 886 ceteris
2111 842 2211 899 legis
2241 845 2374 899 Papiae

1323 897 1526 949 capitibus
1560 929 1572 951 ,
1621 899 1766 953 quibus
1798 900 1975 942 attexuit
2007 900 2049 943 ὅ(
2081 899 2161 943 alia
2195 901 2372 946 minime

1321 967 1516 1005 germana
1542 986 1550 995 .
1584 956 1782 998 Ceterum
1819 955 2001 1011 spadonis
2032 958 2282 1002 vocabulum
2313 958 2376 1002 la-

1322 1021 1360 1052 te
1393 1009 1427 1053 se
1462 1011 1595 1055 fundit
1620 1044 1632 1066 ,
1665 1013 2031 1069 compleffiiturque
2054 1026 2142 1058 tum
2164 1031 2232 1059 eos
2251 1048 2262 1067 ‚
2294 1016 2368 1072 qui

1324 1082 1466 1130 natura
1501 1069 1633 1112 vitiati
1671 1070 1759 1112 sunt
1781 1103 1792 1124 ,
1829 1084 1918 1114 tum
1950 1070 2045 1114 illos
2066 1104 2078 1124 ‚
2112 1072 2180 1128 qui
2215 1072 2284 1116 fibi
2307 1074 2376 1116 vi-

1322 1125 1415 1167 rilia
1449 1127 1716 1181 praeciderunt
1742 1160 1754 1181 ,
1786 1142 1855 1172 aut
1888 1129 2202 1182 contorserunt,
2235 1131 2277 1172 ἃ
2298 1146 2372 1184 op·

1323 1182 1542 1235 presserunt
1573 1217 1582 1226 .
1614 1188 1774 1243 *Atque
1807 1187 1870 1229 his
1905 1187 1993 1230 sane
2028 1188 2234 1243 postremis
2269 1203 2373 1241 prae-

1319 1240 1472 1284 clusam
1513 1241 1587 1286 esse
1631 1244 1871 1289 crediderim
1903 1261 1925 1288 a
1960 1245 2044 1299 lege
2080 1247 2199 1299 Papia
2234 1244 2367 1288 facul-

1319 1309 1448 1341 tatem
1482 1301 1720 1353 nuptiarum
1743 1334 1755 1356 ,
1789 1319 1873 1346 non
1906 1316 2044 1346 autem
2069 1302 2364 1356 superioribus,

1321 1370 1467 1410 nempe
1502 1357 1583 1400 illis
1613 1391 1624 1409 ‚
1667 1376 1842 1416 quorum
1887 1361 2027 1403 virilia
2062 1374 2204 1402 natura
2238 1391 2249 1411 ,
2300 1359 2366 1403 vel

1320 1411 1402 1455 fato
1435 1413 1523 1476 sunt
1557 1417 1698 1459 vitiata
1731 1450 1741 1470 ,
1785 1419 2011 1461 dummodo
2043 1417 2263 1472 generandi
2298 1416 2366 1459 vis

1317 1474 1510 1534 eo-vitio
1557 1488 1739 1527 peremta
1772 1491 1855 1518 non
1892 1474 2012 1517 fuerit
2054 1506 2062 1515 .
2112 1475 2217 1516 Sunt
2249 1473 2367 1516 enim

1323 1544 1390 1582 qui
1424 1528 1599 1572 aiterum
1641 1563 1654 1585 ,
1696 1531 1760 1575 vel
1793 1533 1936 1575 ambos
1968 1532 2082 1574 testes
2116 1531 2267 1573 habent
2301 1531 2367 1573 in-

1318 1584 1487 1648 trorsum
1523 1588 1707 1630 conditos
1732 1621 1744 1641 ,
1788 1590 1831 1632 ὃς
1865 1590 1906 1631 bi
1943 1589 2164 1643 spadonum
2197 1603 2364 1642 quoque

1319 1657 1491 1706 nomine
1535 1646 1749 1688 veniunt:
1796 1644 2053 1701 generationi
2097 1658 2237 1688 tamen
2272 1645 2364 1687 sunt

1318 1699 1480 1750 idonei,
1515 1703 1619 1745 unde
1653 1702 1740 1758 lege
1775 1703 1887 1747 nulla
1919 1714 2111 1746 arcentur
2135 1719 2157 1744 a
2185 1702 2364 1756 nuptiis:

1314 1773 1359 1799 ac
1391 1758 1433 1800 in
1467 1757 1530 1800 his
1561 1760 1698 1803 dotem
1725 1793 1736 1813 ,
1768 1761 1811 1804 δε
1842 1760 2161 1804 matrimonium
2185 1791 2197 1813 ,
2229 1760 2271 1802 ἃ
2293 1760 2368 1802 do-

1316 1814 1366 1856 tis
1399 1814 1604 1859 aftionem
1636 1817 1710 1860 esse
1731 1849 1743 1869 ‚
1776 1817 1984 1871 Ulpianus
2004 1818 2067 1868 (h)
2090 1817 2238 1869 tradit,
2273 1831 2360 1859 non

1314 1884 1450 1914 autem
1483 1873 1525 1914 in
1559 1874 1735 1917 castratis
1760 1906 1769 1916 .
1804 1876 1895 1917 Nec
1930 1875 2091 1916 minum
2129 1904 2140 1925 ,
2176 1873 2200 1915 si
2235 1873 2362 1916 nullis

1313 1929 1589 1973 eminentibus
1622 1931 1782 1975 testibus
1808 1964 1820 1985 ,
1854 1931 2012 1982 integra
2044 1945 2186 1973 tamen
2220 1929 2265 1972 fit
2287 1945 2366 1985 ge-

1315 1988 1480 2029 nerandi
1513 1986 1684 2031 facultas
1717 2005 1725 2029 :
1775 2005 1870 2031 nam
1905 1988 1929 2030 si
1964 1988 2076 2031 testes
2111 1986 2245 2030 refesti
2281 1987 2362 2030 sint

1314 2043 1502 2099 imperite
1542 2079 1553 2099 ,
1597 2059 1644 2090 ut
1694 2045 1831 2089 reliffia
1882 2045 1929 2088 fit
1975 2045 2219 2101 epididymis
2262 2059 2360 2088 cum

1314 2102 1523 2158 segmento
1567 2103 1778 2148 colentum
1816 2136 1827 2157 ,
1883 2119 1957 2147 nec
2009 2101 2223 2146 seminalia
2269 2102 2361 2145 vasa

1314 2162 1466 2218 prorsus
1498 2163 1618 2206 effusa
1650 2162 1840 2219 fuerint:
1877 2161 1924 2205 iis
1957 2160 2077 2214 periti
2113 2175 2249 2203 rerum
2282 2174 2358 2202 na-

1312 2220 1508 2263 turalium
1542 2220 1650 2273 spem
1679 2221 1803 2275 prolis
1825 2219 2000 2263 minime
2021 2217 2239 2270 adimunt3
2272 2229 2359 2259 ete-

1313 2278 1402 2320 nim
1444 2293 1494 2320 ex
1527 2277 1645 2333 gallis
1695 2277 1861 2332 aliisque
1886 2275 2135 2319 animalibus
2157 2273 2265 2315 male
2285 2289 2356 2315 ca-

1314 2334 1443 2377 stratis
1477 2348 1642 2377 enatam
1674 2334 1748 2378 esse
1782 2333 1939 2389 prolem
1966 2363 1977 2383 ,
2027 2330 2220 2373 Thomas
2249 2330 2360 2372 Cor-

1312 2392 1443 2435 nelius
1475 2392 1756 2435 Consentinus
1784 2422 1796 2444 ,
1829 2387 2097 2446 philosophus
2129 2399 2246 2430 aetate
2280 2402 2359 2430 no·-

1312 2450 1385 2492 stra
1417 2449 1585 2506 insignis
1615 2447 1871 2494 observavit:
1907 2446 2081 2498 ejusdem
2113 2445 2233 2488 enim
2267 2457 2359 2488 tex-

1310 2521 1408 2551 turae
1439 2506 1597 2550 faciunt
1628 2505 1887 2563 epidfflyma,
1918 2504 1961 2547 δί
1994 2503 2134 2555 testes,
2165 2518 2211 2545 ac
2237 2501 2356 2557 glan-

1309 2566 1413 2608 dulis
1444 2565 1656 2621 oppletam
1689 2563 1830 2611 iisdem
1855 2595 1867 2617 ,
1899 2577 1998 2618 quas
2031 2559 2278 2616 permeando
2300 2559 2356 2622 se-

1310 2639 1405 2666 men
1449 2624 1496 2666 ad
1541 2622 1852 2675 generationem
1894 2620 2106 2663 exacuitur
2136 2650 2145 2660 .
2199 2617 2356 2659 Omnis

1310 2695 1448 2725 tamen
1505 2679 1589 2723 haec
1633 2680 1871 2736 nuptiarum
1921 2675 2147 2730 prohibitio
2195 2673 2354 2716 remitti

1310 2755 1380 2798 per
1413 2738 1610 2795 populum
1642 2749 1803 2797 poterat
1835 2767 1849 2791 ,
1891 2733 2051 2791 ejusque
2081 2730 2235 2784 jamdiu
2266 2743 2354 2830 egat

2242 2803 2286 2831 ar
2317 2802 2354 2830 1-

1311 2914 1398 2957 piam
1438 2922 1533 2947 erant
1558 2912 1741 2945 necessitate
1767 2908 1903 2943 ineundi
1930 2904 2142 2940 matrimonii
2172 2927 2189 2956 '.
2228 2903 2269 2937 ab
2294 2915 2353 2936 eo-

1307 2960 1383 2993 dem
1407 2968 1520 2992 autem
1547 2958 1735 2991 nullatenus
1760 2955 1958 2988 arcebantur
1987 2976 1994 2983 .
2034 2950 2207 2990 contingat
2237 2949 2270 2982 id
2293 2950 2355 2984 de-

1309 3016 1401 3040 mum
1425 3027 1436 3043 ,
1466 3012 1502 3038 ut
1529 3003 1623 3046 supra
1649 3001 1813 3035 monitum
1839 2999 1904 3032 fuit
1921 3023 1928 3034 .
1958 2995 2243 3031 senatusconsulto
2269 2999 2353 3028 Per-

1307 3051 1430 3085 siciano
1445 3073 1453 3082 .
1484 3053 1559 3083 Imo
1585 3059 1625 3082 ne
1651 3047 1713 3081 hoc
1737 3045 1872 3090 quidem
1896 3043 2077 3088 spadonum
2101 3041 2225 3086 nuptiae
2241 3040 2351 3076 rescis-

1306 3098 1345 3131 [ι
1370 3095 1503 3129 fuerunt
1526 3117 1530 3121 -

1354 3142 1426 3183 [f]
1457 3143 1490 3173 L.
1515 3143 1588 3174 128·
1617 3139 1708 3183 ffde
1737 3139 1824 3170 Vs.

1355 3187 1433 3229 [g]
1465 3191 1589 3220 Ramez
1615 3186 1668 3218 dil
1695 3188 1867 3217 Manzano
1880 3183 1922 3215 ad
1937 3181 2053 3224 1.Jul.
2069 3178 2213 3220 &Papa

1355 3234 1437 3276 [h]
1466 3236 1571 3276 L.19·
1614 3256 1622 3265 .
1646 3243 1672 3266 ι.
1688 3228 1728 3278 ff·
1745 3233 1781 3267 de
1795 3229 1859 3271 iur-
1874 3229 1944 3263 dot.
