2596 3479
318 123 426 174 310

970 104 1112 157 DE
1192 103 1791 174 LEGIBUS,

293 183 388 235 Quo
402 189 540 223 autem
554 178 750 235 supplicio
764 178 829 224 lex
846 177 953 231 Julia
968 178 1128 222 crimen
1144 178 1221 222 hoc
1237 179 1335 223 affe·
1386 177 1524 223 scribit
1551 180 1790 224 Marcianus
1841 178 1926 233 [e]
1963 179 2030 223 Ex
2053 194 2133 236 quo
2164 180 2378 248 colligitur
2401 214 2415 239 ‚

291 238 402 283 ciiset
446 269 460 291 ,
521 237 762 293 interpretes
805 237 1023 291 ambigunt
1067 268 1075 278 .
1134 236 1333 288 Justinia-

291 312 369 340 nus
411 295 455 339 in
489 295 820 338 Institutionibus
851 293 988 350 gladio
1022 294 1157 337 scribit
1185 294 1228 337 in
1254 293 1333 337 ho-

293 355 353 398 sce
396 369 482 398 reos
512 352 950 396 animadvertendum.
982 353 1046 404 (a)
1094 352 1217 408 Quod
1248 351 1330 395 for-

291 410 359 456 san
413 411 740 455 additamentum
798 409 876 453 fuit
922 408 1104 453 aliorum
1178 409 1331 464 princi-

291 485 390 526 pum
415 471 501 522 (⁴)
533 469 580 510 ad
614 466 746 523 legem
794 467 946 519 Juliam
969 499 978 508 .
1011 467 1099 520 (b)
1121 467 1245 509 Unde
1280 482 1329 509 ne

290 527 565 571 variationem
623 540 836 579 poenarum
870 524 1116 567 discentium
1175 524 1330 566 fastidio

289 584 526 628 describeret
560 614 572 635 ‚
634 582 767 625 voluit
807 581 1092 624 Tribonianus
1143 594 1329 636 tempora

290 640 535 699 conjungere
555 671 566 692 ,
599 655 644 682 ac
679 640 884 693 suppressis
915 639 1005 682 aliis
1039 639 1173 694 poenis
1203 671 1214 692 ‚
1240 651 1323 680 tan-

289 711 378 741 tum
417 713 536 749 eam,
567 711 654 752 quae
688 696 751 739 sua
785 709 899 740 aetate
946 696 1134 751 vigebat,
1181 696 1229 738 ad
1261 697 1332 747 Ju-

290 755 391 798 liam
437 753 572 808 legem
615 753 793 797 attexuit
821 786 834 808 ‚
877 765 921 796 ut
967 753 1226 808 supervacuis
1271 753 1331 795 di-

290 811 553 856 scriminibus
603 810 771 856 leStores
833 811 1023 854 liberaret
1071 840 1081 849 .
1131 811 1329 852 Ceterum

288 870 406 926 plura
448 869 492 913 in
549 869 755 911 veteribus
809 867 1098 911 munumentiS
1140 867 1330 922 exempla

289 926 502 983 supersunt
550 941 680 981 poenae
728 925 892 969 levioris
921 957 932 977 ‚
969 938 1066 980 puta
1110 924 1328 980 relegatio-

290 985 382 1037 nis,
425 996 494 1028 aut
536 982 829 1038 deportationis
855 1015 864 1025 .
921 982 1009 1038 Ipse
1065 981 1180 1025 enim
1225 980 1329 1037 legis

291 1041 412 1093 hujus
455 1041 560 1085 lator
609 1040 810 1096 Augustus
854 1039 988 1083 filiam
1067 1054 1114 1082 ac
1162 1050 1329 1092 neptem

289 1098 478 1146 adulterii
529 1113 613 1142 reas
656 1096 853 1153 relegavit
879 1128 891 1151 ‚
932 1097 991 1149 (c)
1033 1107 1157 1152 utque
1188 1096 1227 1139 id
1261 1111 1329 1151 pa·

290 1171 418 1202 ternae
466 1155 624 1199 caritati
668 1155 951 1207 adscribatur3
993 1153 1089 1210 quid
1132 1153 1179 1197 de
1223 1152 1331 1195 Ovi-

290 1217 357 1260 dio
410 1214 590 1257 dicemus
627 1244 639 1265 ‚
685 1211 795 1266 cujus
838 1226 1000 1267 quoque
1046 1210 1144 1253 vitae
1189 1225 1330 1265 peper-

292 1275 376 1327 cit,
401 1273 503 1324 (*⁸)
539 1269 728 1328 quamvis
770 1285 863 1313 eam
891 1268 924 1313 se
956 1267 1194 1311 amissurum
1233 1267 1326 1310 fuis-

295 1332 332 1376 se
366 1330 534 1382 scribat,
568 1327 641 1370 nisi
660 1327 799 1383 aliqua
828 1341 878 1370 ex
911 1337 1004 1381 pate
1043 1325 1238 1369 delietum
1258 1340 1329 1368 ex-

295 1387 546 1433 cusationem
591 1385 817 1428 meruisset:

413 1475 471 1517 Et
503 1470 577 1526 nist
606 1472 739 1515 delic’ii
754 1482 851 1526 pars
874 1468 1114 1521 excusabilis
1141 1466 1256 1523 effer,

410 1532 554 1574 Parva
586 1530 746 1586 relegati
771 1539 886 1583 poena
910 1525 1052 1581 futura
1077 1523 1163 1579 fuit
1192 1556 1201 1567 .

297 1618 421 1663 Unde
463 1616 656 1668 Cujacius
699 1613 901 1657 leniorem
943 1610 990 1654 in
1032 1610 1205 1654 crimine
1252 1610 1328 1655 hoc

295 1675 525 1732 Augustum
552 1673 770 1716 arbitratur
797 1702 809 1724 ,
851 1685 974 1726 quam
1021 1668 1148 1720 poetis
1191 1668 1324 1722 perhi-

296 1735 441 1778 betur.
484 1733 571 1784 (d)
609 1731 693 1785 Qui
724 1745 822 1772 vero
854 1726 1103 1770 adulterium
1139 1741 1232 1769 cum
1266 1728 1329 1769 in-

296 1791 400 1836 cestu
441 1788 677 1834 cumulasset
709 1819 721 1840 ,
774 1786 818 1828 ὃς
862 1784 1157 1838 cognationem
1219 1782 1328 1827 suam

296 1847 459 1905 proprio
491 1860 659 1903 corpore
696 1841 929 1901 polluisset,
978 1839 1276 1897 deportandum
1317 1873 1330 1895 ,

1381 236 1560 280 demeto
1615 238 1803 292 incestu,
1853 241 1924 293 qui
1982 252 2151 292 poenam
2205 253 2322 284 auxit
2364 244 2414 285 ad

1381 294 1705 349 deportationem
1745 327 1757 348 ,
1812 311 1883 350 pro
1945 296 2146 339 adulterio
2201 298 2418 354 relegatio-

1381 366 1477 394 nem
1523 351 1735 407 superelse.
1774 354 1883 396 Item
1929 354 1971 396 in
2004 353 2187 396 militem
2211 386 2224 407 ,
2254 356 2323 410 qui
2359 357 2413 399 se·

1380 408 1527 452 veriori
1570 409 1791 464 disciplinae
1821 409 2026 465 obligatur
2053 443 2064 464 ,
2114 411 2138 453 fi
2188 414 2418 465 comperia-

1380 478 1445 509 tur
1470 465 1630 529 adulter
1655 498 1668 520 ,
1711 467 1940 522 deportatio
1984 468 2195 521 statuitur,
2228 467 2305 521 [f]
2338 484 2417 513 un-

1378 523 1424 566 de
1469 538 1510 566 in
1555 539 1759 579 paganum
1787 557 1798 577 ,
1832 526 1999 581 quicum
2056 525 2186 568 lenius
2218 527 2353 581 agitur
2394 556 2408 580 ,

1380 580 1674 636 relegationem
1716 594 1880 624 tantum
1926 583 2065 626 cadere
2108 595 2307 636 oportet,
2352 582 2417 626 uti

1380 653 1544 693 poenam
1588 639 1823 681 mitiorem:
1872 651 1915 681 ut
1948 655 2031 681 non
2066 640 2218 682 mirum
2242 671 2253 692 ,
2287 640 2313 682 si
2346 655 2416 684 ve-

1380 707 1481 738 teres
1541 694 1783 750 interpretes
1840 695 2078 738 tradiderint
2133 696 2251 746 hujus
2313 697 2412 751 legis

1381 767 1547 806 poenam
1602 752 1904 807 antiquioribus
1961 767 2044 793 non
2094 751 2205 795 fuisse
2262 754 2417 807 capita-

1380 808 1492 863 lem,
1527 821 1570 852 ut
1613 808 1806 859 Cujacius
1845 809 2159 861 observationum
2213 811 2280 851 18.
2323 810 2414 852 libr.

1382 882 1445 908 20.
1490 866 1756 909 observavit:
1808 866 1914 920 quod
1963 867 2286 920 comprobatur,
2318 866 2413 921 quia

1379 923 1564 979 capitalis
1607 922 1743 965 delic⁰ti
1805 937 1892 965 reus
1946 923 2083 965 absens
2114 923 2272 966 defendi
2339 939 2416 978 po-

1380 981 1473 1023 test:
1508 981 1606 1036 (g)
1645 995 1742 1022 nam
1804 980 1929 1034 potest
1981 980 2106 1023 etiam
2157 981 2296 1023 absens
2344 981 2418 1023 da·

1379 1037 1557 1080 mnari:
1607 1037 1756 1080 mulier
1805 1051 1902 1079 vero
1953 1037 2134 1080 adultera
2196 1037 2414 1091 minime,

1379 1097 1481 1138 cur?
1527 1093 1602 1138 nisi
1633 1093 1730 1149 quia
1761 1092 1957 1138 delifi'tum
2003 1093 2177 1149 capitale
2227 1110 2310 1137 non
2342 1093 2416 1139 ha-

1380 1152 1529 1205 betur,
1583 1151 1669 1204 [h]
1718 1162 1925 1206 utcunque
1978 1150 2074 1194 faeti
2116 1152 2307 1195 atrocitas
2338 1151 2416 1195 ali-

1379 1209 1540 1265 quando
1584 1208 1787 1263 principes
1849 1208 2108 1262 exasperasset
2174 1210 2217 1252 &
2259 1208 2414 1263 capita-

1381 1266 1462 1310 lem
1527 1266 1770 1310 sententiam
1821 1267 1870 1308 ab
1901 1265 1951 1308 iis
1982 1265 2220 1322 expressisset
2255 1283 2264 1308 :
2309 1269 2326 1318 (
2354 1266 2413 1317 i)

1379 1340 1424 1367 ac
1478 1322 1705 1380 *recentiori
1748 1334 1862 1367 aetate
1904 1338 2071 1367 morum
2119 1323 2321 1367 dissolutio
2368 1323 2412 1366 in

1381 1395 1618 1435 perpetuam
1653 1380 1788 1435 legem
1819 1381 1858 1422 id
1891 1380 2100 1424 vertiffet:
2152 1396 2207 1423 ex
2244 1396 2322 1436 qua
2362 1380 2411 1422 in

1379 1437 1713 1480 Theodofianum
1747 1436 1949 1480 codicem
1976 1468 1988 1488 ,
2033 1437 2077 1480 δι
2107 1437 2150 1480 in
2182 1437 2241 1487 jus
2292 1436 2415 1488 Justi-

1381 1496 1578 1538 nianeum
1639 1492 1828 1549 capitalis
1882 1493 2070 1538 adulterii
2114 1509 2236 1549 poena
2290 1494 2413 1537 deve-

1383 1553 1488 1594 nit.
1533 1553 1783 1594 Extremum
1847 1551 2091 1604 supplicium
2148 1549 2411 1606 consequi-tur

1382 1608 1511 1652 multa
1545 1608 1785 1650 bonorum:
1821 1607 2008 1650 adulterii
2045 1607 2199 1650 etenim
2240 1607 2416 1650 damna-

1381 1679 1430 1709 tae
1461 1666 1532 1708 dos
1560 1664 1733 1721 eripitur
1776 1663 1890 1708 lucro
1935 1663 2102 1718 mariti,
2135 1664 2258 1718 [¹⁶⁸]
2301 1664 2411 1719 quod

1379 1737 1475 1767 ante
1509 1721 1642 1778 legem
1671 1720 1824 1773 Juliam
1855 1721 2115 1775 inoleverat,
2151 1736 2196 1766 ut
2227 1723 2274 1765 de
2307 1720 2414 1772 Caio

1380 1780 1547 1823 Titinio
1579 1780 1903 1825 Minturnae-,vac
1948 1778 2031 1830 ejus
2079 1794 2204 1823 uxore
2253 1779 2412 1822 Fannia

1383 1848 1582 1883 memorat
1614 1836 1807 1880 Valerius
1839 1867 1852 1890 ‚
1892 1835 1936 1879 δι
1967 1837 2193 1891 Horatius,
2234 1835 2414 1935 crui-illius

2369 1908 2416 1934 αἰ·

298 1971 1329 1994 --—-——————-—·⁶————-—,——-
1383 1967 2419 1984 ——-———————————————--——-·-—-

343 2018 400 2057 (a)
426 2015 533 2057 Infiit.
553 2016 589 2047 de
604 2014 691 2057 publ.
707 2013 807 2052 judic.

344 2065 363 2103 ζ
386 2064 404 2081 ⁴¹
429 2062 446 2100 >
475 2064 547 2094 Iino
572 2060 670 2102 gladii
696 2069 828 2102 poenam
863 2055 1078 2090 constantino
1102 2054 1211 2088 deberi
1239 2074 1250 2093 ‚
1274 2054 1327 2097 qui

299 2119 372 2141 eam
398 2117 437 2139 ex
463 2106 532 2149 lege
562 2105 707 2138 Mosaica
732 2102 907 2136 dif‘taverit
933 2099 1089 2133 adulteris
1114 2100 1148 2132 in
1169 2104 1264 2139 L-30.
1292 2103 1327 2131 C.

299 2154 341 2185 ad
367 2152 584 2193 leg.Ju1i.=m
622 2151 658 2182 de
697 2150 813 2182 Adule.
854 2145 950 2180 hodie
986 2146 1074 2178 inter
1113 2155 1229 2177 omnes
1253 2154 1330 2177 cor-.-

298 2199 358 2230 stat
375 2219 386 2236 ,
413 2196 507 2238 idque
532 2206 570 2228 eo
608 2194 816 2228 verisimilius
842 2193 886 2224 est
913 2212 924 2231 ‚
962 2200 1028 2234 quo
1052 2201 1091 2223 ex
1120 2189 1224 2223 mulli
1258 2190 1326 2229 sen-

300 2242 416 2274 tem-‘is
446 2244 515 2273 l.2.
535 2242 650 2273 rie-26.
678 2240 705 2279 §.
733 2249 781 2277 ¹4·
807 2238 845 2269 (5
876 2245 926 2274 ις·
965 2234 1170 2277 temporibus
1211 2234 1309 2267 Briffo

299 2287 345 2319 nii
368 2307 378 2326 ,
417 2296 481 2329 quo
506 2284 638 2318 austere
673 2284 791 2316 Noster
826 2282 982 2314 utebatur
1007 2302 1018 2319 ,
1060 2279 1207 2312 nondum
1244 2280 1326 2311 inte-

296 2332 364 2374 gris
377 2329 475 2363 editis
491 2352 501 2369 ,
520 2329 618 2362 hodie
643 2328 760 2361 scimus
780 2350 790 2366 ,
831 2337 961 2368 poenam
998 2324 1153 2371 adulterii
1179 2346 1189 2361 ,
1233 2323 1324 2356 Paul-

297 2378 321 2409 li
347 2376 449 2409 etiam
476 2374 708 2416 temporibus,
747 2373 782 2405 in
816 2371 1010 2404 mulieribus
1047 2369 1137 2402 tuisse
1181 2368 1329 2410 publica-

298 2421 427 2455 tionem
453 2419 599 2453 dimidiae
636 2418 740 2461 partis
775 2416 863 2449 dotis
887 2437 899 2455 ,
944 2414 1050 2448 tertiae
1090 2414 1193 2456 partis
1229 2413 1322 2445 bono-

299 2477 372 2500 rum
389 2488 401 2506 ‚
427 2475 464 2498 ac
490 2463 700 2508 relegationis
725 2463 758 2495 in
785 2460 923 2494 insulam
949 2472 959 2500 ς
1003 2458 1159 2491 adulteris
1186 2469 1264 2490 vero
1279 2458 1322 2491 vi-

298 2511 343 2545 ris
363 2511 398 2544 in
413 2510 483 2553 pari
518 2510 716 2552 relegatione
741 2507 776 2540 in
802 2505 942 2540 insulam
964 2503 1139 2537 dimidiam
1168 2504 1331 2537 bonorum

303 2564 432 2599 partem
456 2555 602 2589 ablatam
627 2553 718 2586 fuisse
733 2574 743 2583 .

345 2600 404 2640 (b)
432 2604 528 2639 L.30.
554 2602 590 2632 c.
619 2598 671 2631 boc
696 2599 753 2631 tir.

347 2645 404 2685 (c)
428 2649 562 2679 Sveton.
595 2645 632 2676 in
661 2648 749 2686 Aug.
774 2643 898 2684 cap.63·
933 2643 1061 2673 Patere.
1080 2638 1182 2680 histor.
1198 2639 1273 2672 libr.
1301 2648 1333 2670 2.

301 2689 403 2723 Dion.
427 2690 542 2728 lib.55.
559 2689 694 2722 Briffon.
711 2688 752 2720 ad
774 2688 852 2720 hanc
864 2689 888 2720 l.
906 2688 935 2730 §.
953 2687 1009 2729 qui
1021 2683 1166 2726 stuprum
1182 2695 1211 2715 2.

347 2736 445 2775 (⁴²⁴¹)
474 2738 545 2768 lmo
575 2733 744 2771 Ovidius,
771 2743 837 2765 non
874 2738 910 2764 ut
951 2729 1103 2763 adulterii
1130 2740 1228 2766 reus,
1256 2728 1334 2762 rele-

300 2787 395 2823 gatus
431 2781 476 2812 est
493 2802 504 2819 ,
531 2778 581 2812 sed
607 2786 740 2820 propter
767 2787 839 2809 eam
875 2776 1034 2819 praecipue
1064 2774 1219 2807 offensam
1238 2795 1249 2814 ,
1273 2784 1337 2816 qua

303 2825 474 2868 Augusto,
501 2824 554 2857 vel
580 2823 615 2855 in
638 2822 758 2854 incestu
798 2832 872 2854 cum
909 2830 1006 2863 nepte
1048 2820 1159 2858 julia,
1189 2826 1227 2851 ut
1269 2819 1337 2860 ple-

301 2870 394 2912 rique
438 2869 581 2905 volunt‚
620 2867 673 2900 vel
713 2867 748 2898 in
773 2866 838 2898 alia
863 2876 895 2897 re
919 2865 1008 2907 turpi
1035 2865 1065 2896 δι
1107 2864 1250 2906 Augusto
1275 2874 1327 2905 pu·

302 2915 410 2948 denda
435 2915 644 2957 importunus
682 2910 829 2943 adfuerat
870 2909 1030 2952 spectator
1055 2931 1063 2940 .
1105 2908 1175 2950 lpse
1201 2909 1336 2943 causam

301 2958 399 2994 dieat.
419 2959 477 2994 lib.
495 2961 544 2992 ΙΙ.
565 2955 664 2997 Trist.

396 3010 462 3039 Cur
485 3004 615 3048 aliquid
628 3002 703 3036 vidi
718 3001 738 3035 ‚7
751 3010 804 3034 cur
816 3001 912 3033 noxia
931 3000 1145 3041 luminafecit
1159 2996 1179 3031 .⁹

440 3053 503 3083 eur
518 3049 718 3092 imprudenti
732 3047 862 3087 cognita
879 3047 973 3085 culpa
988 3046 1069 3076 mihi
1084 3042 1124 3083 est
1142 3041 1162 3077 ἒ

392 3096 520 3137 Inscius
533 3094 658 3128 Αἱῐιοη
676 3093 769 3126 vidie
778 3091 846 3132 sine
863 3088 949 3131 veste
966 3091 1132 3122 Dran-im.

441 3140 552 3176 Praeda
561 3142 634 3185 {uin
658 3139 791 3175 canibus
810 3148 873 3171 non
891 3136 998 3170 minus
1014 3135 1073 3171 me
1086 3135 1161 3178 suis
1173 3157 1183 3168 .

309 3188 339 3221 δε
357 3186 433 3221 dein
524 3183 536 3196 “

1476 2007 1684 2040 Perdiderint
1698 2017 1768 2038 cum
1782 2017 1831 2037 me
1844 2006 1906 2038 duo
1919 2007 2055 2037 crimina
2072 2013 2197 2037 carmen
2209 2003 2249 2036 (θ’
2263 2013 2346 2036 error

1522 2052 1668 2085 Alterius
1688 2050 1773 2092 fasti
1797 2053 1891 2093 culpa
1910 2050 2037 2091 silenda
2061 2050 2143 2081 mihi
2158 2072 2166 2080 .

1443 2108 1446 2112 ·
1473 2098 1564 2130 Nam
1578 2108 1640 2128 mm
1651 2096 1724 2136 sum
1741 2099 1830 2129 tanti
1844 2118 1853 2135 ,
1871 2103 1908 2128 ut
1921 2106 2069 2129 renovem
2084 2105 2142 2128 rua
2161 2095 2298 2128 vulnera
2310 2114 2323 2132 ‚

1520 2145 1569 2173 Cae
1586 2151 1621 2172 ar
1633 2162 1645 2178 ,

1472 2142 1696 2228 ,demsnimio
1710 2186 1784 2225 plus
1798 2183 1839 2225 es!
1853 2183 2025 2228 indoluiffe
2033 2185 2135 2225 fimet
2147 2205 2157 2216 ·

1428 2231 1489 2270 (d)
1515 2233 1556 2263 In
1575 2238 1681 2271 parat.
1696 2230 1738 2261 ad
1753 2232 1834 2262 hanc
1850 2231 1905 2263 eit.
1918 2229 1955 2274 ff
1975 2253 1984 2261 .
2000 2251 2009 2261 .
2160 2243 2163 2247 ·

1424 2276 1478 2316 (ε)
1505 2278 1540 2307 L.
1554 2275 1582 2315 [ἱ
1598 2276 1670 2317 quis
1685 2276 1821 2306 viduam
1832 2273 1870 2317 ff
1890 2276 1926 2307 de
1942 2285 2004 2317 qua
2018 2271 2061 2314 est
2073 2296 2082 2305 .

1424 2321 1505 2362 (f)
1530 2321 1566 2351 L.
1583 2320 1678 2351 miles
1691 2317 1725 2361 ff.
1742 2320 1785 2351 ad
1796 2322 1818 2352 1.
1828 2320 1954 2361 jul-de
1968 2319 2074 2350 adule-

1425 2367 1477 2405 (g
1495 2364 1514 2403 )
1537 2362 1647 2401 Cuiac.
1663 2364 1786 2404 obfiao.
1804 2364 1921 2396 [ἥκω.
1937 2363 1975 2394 (9·
1989 2362 2106 2402 lib.19.
2123 2362 2254 2403 cap-18.

1426 2410 1484 2450 (b)
1511 2413 1548 2441 L.
1565 2409 1656 2440 miles
1675 2410 1704 2451 §.
1719 2418 1757 2441 ea
1770 2419 1836 2449 que
1852 2409 1893 2440 ad
1908 2410 1930 2440 1.
1940 2409 2021 2449 Jul.
2036 2408 2075 2440 de
2088 2407 2198 2440 adult.

1426 2454 1503 2496 (i)
1529 2457 1564 2487 L.
1583 2451 1730 2493 castitati
1744 2455 1801 2491 l.3.
1823 2457 1856 2485 C.
1873 2454 1941 2486 eod·

1425 2499 1532 2540 (ρι’)
1569 2497 1792 2532 confunditur
1816 2497 1998 2530 divortium
2039 2504 2176 2539 propter
2208 2503 2316 2528 mores
2340 2503 2415 2538 gra-

1382 2545 1515 2583 viores,
1545 2544 1594 2577 seu
1617 2542 1814 2575 adulterium
1833 2566 1843 2582 ,
1870 2554 1946 2575 cum
1970 2541 2039 2583 ipso
2065 2540 2188 2579 judicio
2217 2539 2374 2573 adulterii
2404 2560 2415 2570 .

1385 2590 1502 2622 Libera
1529 2589 1713 2630 Republica
1738 2587 1886 2621 mulieris
1906 2598 2038 2630 propter
2054 2597 2169 2629 graves
2186 2596 2295 2618 mores
2319 2594 2414 2625 repu-

1381 2634 1479 2667 diatae
1504 2634 1561 2666 dos
1578 2642 1648 2666 tota
1665 2644 1761 2674 penes
1789 2633 1946 2665 maritum
1980 2632 2134 2664 manebat
2149 2653 2161 2670 ,
2199 2638 2235 2663 ut
2260 2636 2349 2672 patet
2373 2637 2416 2659 ex

1385 2679 1492 2712 Plinio
1508 2677 1624 2720 Hister.
1643 2681 1726 2711 Nan.
1743 2680 1861 2711 LXIV.
1878 2689 1900 2710 c.
1912 2687 1957 2716 13.
1993 2678 2022 2709 δ(
2039 2674 2214 2710 plutarcho
2230 2674 2264 2706 in
2304 2672 2418 2703 Mario

1383 2732 1504 2767 p.274-
1536 2727 1618 2766 Lege
1657 2733 1766 2756 autem
1792 2724 1881 2765 Julia
1913 2724 1943 2755 ει
1973 2720 2092 2763 θερίε,
2122 2721 2144 2752 fi
2172 2717 2344 2761 repudiata
2370 2715 2411 2748 sit

1385 2780 1467 2802 uxor
1493 2778 1627 2811 propter
1653 2779 1760 2801 mores
1787 2778 1901 2811 graves
1929 2790 1939 2806 ,
1964 2768 2095 2799 sextam
2120 2787 2132 2802 ,
2158 2764 2180 2796 fi
2208 2770 2345 2805 propter
2370 2761 2423 2795 le-

1384 2815 1490 2848 viores
1515 2813 1665 2845 estavam
1693 2821 1819 2855 partem
1843 2812 1932 2844 dotis
1956 2810 2132 2843 amittebat
2166 2831 2174 2840 .
2200 2807 2338 2849 Ulpian.
2357 2806 2415 2837 tir.

1386 2864 1419 2892 6.
1460 2860 1486 2902 §.
1508 2869 1558 2890 22.
1596 2856 1694 2891 Aliud
1721 2857 1755 2889 in
1779 2856 1944 2889 damnatis
1979 2853 2215 2887 observabatur
2242 2873 2252 2887 ,
2279 2860 2418 2894 quarum

1385 2903 1496 2937 dotem
1527 2913 1584 2945 pro
1608 2900 1746 2934 dimidia
1772 2910 1862 2943 parte
1888 2899 2096 2942 publicatam
2122 2897 2220 2930 modo
2245 2897 2415 2934 vidimus,

1385 2960 1456 2992 quae
1479 2947 1612 2991 quidem
1631 2946 1817 2978 publicatio
1843 2956 1908 2978 non
1932 2953 2121 2977 extremum
2151 2942 2346 2985 supplicium
2364 2938 2420 2972 sed

1391 2993 1632 3030 relegationem
1649 2991 1682 3022 in
1701 2990 1838 3024 insulam
1864 2989 2213 3032 consequebatur.1·:rat
2235 2995 2347 3019 autem
2374 2985 2410 3017 in

1389 3039 1526 3072 arbitrio
1551 3037 1612 3069 viri
1642 3057 1652 3072 ,
1681 3046 1746 3068 non
1772 3058 1782 3075 ,
1808 3044 1843 3069 ut
1883 3034 2004 3068 Auctor
2040 3031 2168 3072 tradit,
2208 3042 2274 3075 quo
2298 3029 2421 3068 iudicio

1391 3084 1437 3117 uti
1464 3083 1562 3115 vellet
1582 3104 1593 3122 ,
1619 3080 1669 3113 sed
1695 3089 1806 3115 utrum
1822 3089 1964 3121 uxorem
1986 3077 2141 3113 adulterii
2180 3077 2352 3117 accusare,
2375 3083 2421 3109 an

1394 3128 1565 3173 repudiare
1590 3126 1705 3162 mallet
1721 3148 1731 3160 .
