2524 3479
201 133 389 174 XXXIV

613 112 1930 175 CONSIDERATIONES

206 196 250 240 in
282 189 515 238 dominam
547 190 810 244 Aristotelis,
843 191 889 235 de
924 188 1116 233 servitute
1137 201 1255 233 natu·
1303 201 1386 254 ξαρ..
1419 194 1487 254 69.
1513 191 1570 235 <J
1592 193 1695 257 qlibi
1713 193 1853 250 paffim
1878 225 1891 249 ‚
1936 193 1972 238 se
2001 209 2168 251 operam
2199 194 2342 242 dicasse

201 269 245 297 ra
276 285 288 307 ,
325 251 402 296 ‚sed
446 248 553 294 male
586 248 812 293 adhibitam
849 280 860 302 ,
909 247 1088 300 incidit,
1136 245 1180 290 ὃς
1212 245 1256 288 in

205 314 495 355 Romanorum
532 307 677 351 scitum
710 306 809 349 illud
833 337 847 360 ,
877 321 958 362 quo
987 320 1132 348 omnes
1156 319 1256 361 gen-

201 382 262 414 tes
288 400 301 422 ,
332 382 420 425 quae
453 381 536 411 non
570 364 720 408 foedere
753 375 825 408 aut
856 362 1041 407 amicitia
1075 362 1253 418 ipsorum

201 427 421 471 utebantur
453 457 465 480 ‚
494 423 760 467 barbarorum
806 420 976 464 nomine
1021 419 1252 463 foedebant.

198 485 326 528 Plane
359 499 405 526 ea
440 515 452 537 ,
496 496 583 538 quae
617 481 650 535 ᾗ.
674 485 740 523 16.
774 479 960 525 Gravina
986 478 1134 531 tradit,
1169 493 1251 520 non

196 555 432 598 congruunt
455 573 466 593 ,
500 539 633 582 saltim
670 553 754 581 non
787 537 831 580 in
866 536 1127 589 universum,
1161 534 1252 588 his,

197 600 271 657 qui
316 601 363 643 de
411 597 560 651 justitia
589 611 799 640 armorum
837 597 1124 637 Romanorum
1160 594 1249 636 scri·

203 658 372 714 pserunt
407 689 415 698 .
451 654 561 709 Quid
592 655 705 697 enirn
723 653 770 696 ad
786 655 996 695 Romanos
1021 683 1033 704 ,
1064 651 1248 706 gentium

198 717 381 759 aliarum
408 728 543 757 mores
569 715 581 756 2
630 710 789 767 Utique
815 709 875 752 illi
904 723 953 752 ne
984 708 1138 752 Graecis
1163 709 1251 763 qui-

196 773 289 818 dem
323 781 590 828 pepercerunt
622 784 633 820 3
665 785 687 811 a
712 767 856 824 quibus
883 777 1021 809 tamen
1045 765 1249 821 potiffima

193 832 249 875 rei
290 825 640 874 literariae&“1m0
671 824 777 881 Leges
806 826 889 867 suas
915 823 1142 886 maximam
1159 838 1249 878 par-

196 900 281 932 tem
315 887 544 943 petierunt.
579 885 728 939 Estque
755 881 941 943 omnino·
964 881 1190 933 injurium,
1223 880 1248 922 fi

199 948 416 990 Romanos
450 943 549 987 solos
581 941 729 985 eleetos
755 972 767 994 ,
797 951 839 982 at
872 937 1048 994 reliquos
1079 936 1250 993 populos

196 1018 343 1047 ornnes
375 1003 589 1053 barbaros,
623 999 869 1042 habeamus.
1028 1050 1037 1058 ·

249 1063 378 1104 Nunc
410 1072 547 1103 autem
573 1058 607 1110 ᾗ.
640 1053 776 1110 17.&
807 1057 870 1096 18.
909 1052 1247 1102 Gravtnarursus

197 1118 313 1175 paSta
346 1132 441 1160 cum
473 1115 627 1171 legibus
648 1111 894 1164 confundit,
925 1126 971 1154 ac
985 1110 1246 1154 voluntatem

195 1188 465 1219 communem
493 1173 536 1216 &
561 1171 769 1228 publicam
796 1184 891 1211 curn
908 1168 1063 1211 summa
1078 1169 1248 1224 potesta-

187 1246 259 1277 ·te:
297 1247 370 1276 nec
403 1243 541 1274 tamen
577 1229 682 1283 pa&i
709 1225 880 1279 diversi,
914 1225 960 1268 ad
986 1223 1247 1269 formandum

198 1289 422 1345 imperium
451 1286 700 1343 perfeSmm,
734 1284 797 1327 seu
822 1282 1247 1338 majestaticum,me-

195 1347 325 1391 minit
358 1362 370 1399 3
402 1345 513 1397 cujus
539 1343 618 1387 alia
647 1343 767 1398 plane
800 1355 945 1383 natura
972 1339 1015 1382 ὃς
1040 1341 1144 1383 ratio
1168 1341 1247 1384 est.

198 1403 406 1448 Similiter
444 1404 588 1445 statum
617 1400 686 1443 ille
711 1397 928 1443 confundit
953 1428 965 1451 ,
998 1413 1091 1440 curn
1117 1398 1247 1442 admi-

196 1460 438 1506 nistratione
477 1457 711 1515 reipublicae
742 1488 751 1499 .
797 1455 945 1510 Estque
979 1453 1130 1498 lubrica
1156 1455 1248 1499 satis

196 1519 383 1564 doctrina
411 1517 494 1570 ejus
522 1549 534 1570 ,
566 1515 672 1571 quod
699 1547 710 1568 ,
742 1512 794 1557 ob
819 1512 983 1556 abusum
1018 1512 1246 1567 potestatis,

203 1577 353 1621 civi-tas
384 1575 428 1619 in
457 1577 596 1618 rudem
625 1574 770 1616 statum
795 1569 1035 1613 devolvatur
1054 1600 1063 1611 .
1097 1571 1246 1627 Neque

192 1632 328 1679 ‘etiarn
347 1665 357 1687 ,
373 1648 495 1690 quam
514 1632 548 1686 §.
570 1645 630 1684 19-
647 1629 703 1673 &⁹
728 1643 794 1671 20.
820 1626 1244 1682 instituit,c0mpara-

202 1693 262 1737 tio
294 1684 921 1735 viciffitudinis&converfionis
950 1716 962 1738 ,
991 1685 1244 1729 naturalium

197 1764 334 1795 rerum
353 1780 365 1803 ,
393 1763 488 1792 cum
516 1743 744 1789 variatione
760 1758 895 1786 rerum
912 1742 1186 1786 humanarum
1201 1743 1244 1787 ὃς

197 1806 392 1852 civilium
408 1837 420 1858 ,
453 1804 545 1848 satis
558 1815 651 1858 apta
666 1802 824 1844 videtur
838 1832 850 1854 ,
865 1815 936 1843 ceu
952 1815 1026 1842 nec
1040 1799 1118 1843 istae
1131 1816 1241 1844 com—

195 1863 452 1909 mutationes
480 1860 603 1906 causis
629 1858 713 1903 illis
731 1890 742 1912 ‚
774 1872 871 1914 quas
895 1856 1042 1910 refert,
1067 1858 1243 1902 omnino

196 1921 411 1974 constant,
425 1920 526 1976 quin
540 1917 832 1962 &innumeras
847 1914 1000 1958 habent
1013 1914 1128 1968 alias,
1144 1931 1242 1972 quas

189 1977 449 2036 Septalius&
467 1974 626 2030 generis
638 1973 726 2026 ejus
742 1973 874 2029 plures
888 2003 901 2026 ‚
922 1971 1119 2026 persecuti
1136 1973 1240 2016 sunt.

248 2036 322 2081 Sed
355 2035 440 2078 haec
472 2033 554 2078 fere
583 2031 727 2076 omnia
759 2031 848 2074 sunt
879 2028 1042 2082 aliena,
1072 2029 1115 2073 ἃ
1135 2044 1239 2086 prae-

192 2106 254 2138 tet
301 2091 496 2137 Gravinae
539 2090 769 2133 institutum
795 2119 808 2142 ,
851 2086 921 2144 qui
956 2086 1090 2130 fontes
1122 2087 1239 2131 nobis

190 2151 329 2208 legum
356 2152 643 2194 Romanarum
671 2146 858 2201 proprius
885 2144 1108 2188 ostensurus
1131 2156 1240 2188 erat.

190 2209 309 2252 Nam
331 2206 376 2250 ἃ
404 2206 452 2250 de
477 2204 706 2248 austoribus
731 2202 870 2259 legum
899 2201 1073 2245 aliarum
1102 2201 1139 2255 §.
1167 2217 1215 2245 21
1232 2232 1241 2244 .

138 2262 145 2267 ’
189 2267 283 2314 Lib.
328 2280 362 2308 1.
398 2262 611 2319 peregrina
661 2260 784 2303 habet
822 2275 835 2312 ς
888 2259 932 2302 δι
970 2258 1065 2300 trita
1100 2271 1240 2302 tamen

191 2339 239 2369 ac
287 2319 468 2365 sabulosa
496 2350 505 2362 .
549 2317 616 2362 Ad
651 2317 860 2360 historiam
895 2331 1056 2373 quoque
1085 2316 1241 2359 Mosai-

193 2395 286 2426 cam
325 2411 337 2434 ,
380 2393 459 2435 qua
484 2391 534 2420 eo
560 2374 630 2419 ista
659 2374 820 2430 respicit
852 2405 865 2427 ,
907 2374 957 2417 ab
979 2373 1070 2416 aliis
1096 2373 1241 2416 omnia

193 2437 353 2494 plenius
389 2433 546 2479 excussa
574 2432 663 2476 sunt
695 2447 707 2486 3
748 2430 933 2474 maxime
958 2431 1161 2487 quousque
1193 2446 1241 2476 ea

191 2495 333 2538 similis
355 2494 408 2537 est
432 2490 720 2547 antiquissimis
746 2489 934 2545 gentium
952 2488 1244 2544 scriptoribus,

193 2553 318 2607 hique
364 2552 453 2594 sunt
496 2547 656 2592 traditis
685 2545 881 2591 Mosaicis
908 2576 918 2589 .
965 2545 1047 2589 Hic
1071 2561 1168 2590 vero
1192 2546 1240 2589 de

196 2609 352 2665 legibus
396 2608 436 2651 in
465 2604 674 2661 republica
702 2607 893 2647 Romana
918 2601 1016 2646 latis
1039 2603 1240 2659 agendum

198 2667 330 2712 fuerat
357 2696 366 2707 .
410 2666 466 2707 Et
497 2677 637 2707 tamen
664 2663 776 2704 varia
802 2661 872 2704 ille
898 2659 1121 2711 interjicit.
1152 2660 1242 2704 Ubi

195 2724 426 2781 priusquam
451 2720 500 2764 ad
525 2735 598 2774 ea,
629 2733 717 2775 quae
742 2720 785 2762 in
811 2718 904 2762 serie
927 2717 1065 2774 aliqua
1080 2717 1242 2762 metho-

193 2782 234 2826 di
259 2781 380 2824 habet
396 2812 407 2829 ,
440 2778 732 2834 procedamus;
750 2775 958 2820 observare
975 2774 1098 2819 liceat
1115 2807 1126 2829 ‚
1145 2776 1245 2819 dum

194 2838 268 2887 ille
290 2836 428 2892 dicit,
459 2838 476 2889 (
502 2833 618 2878 velut
647 2834 691 2878 in
714 2834 757 2876 S.
777 2833 831 2877 C.
856 2832 1021 2876 Maced.
1045 2834 1137 2876 Lib.
1164 2835 1244 2878 ΙΙΙ.

416 2963 654 2977 —00—
1007 2961 1134 2974 ——n

237 2998 322 3040 (⁴¹)
350 2999 448 3037 1mo,
477 2995 647 3039 publicum
660 2992 724 3045 jus
750 2992 888 3026 Auctori
913 2968 1038 3043 dicitur
1057 3015 1068 3033 ,
1093 2993 1181 3034 quod
1206 2991 1246 3025 ad

193 3044 313 3078 statum
351 3042 500 3086 pertinet
526 3038 717 3083 reipublicae
743 3042 901 3072 Romanae
931 3060 943 3078 ,
980 3044 1145 3081 privatum
1177 3060 1188 3077 ‚
1213 3038 1248 3071 in

188 3098 258 3132 quo
281 3087 391 3134 agitur
419 3087 461 3121 de
486 3085 558 3126 iure
583 3083 788 3129 singulorum
806 3106 814 3116 .
841 3081 931 3118 mud
956 3083 992 3117 in
1015 3083 1103 3116 libro
1126 3081 1165 3116 de
1180 3083 1244 3114 Im·

1303 263 1380 297 ruri
1414 246 1527 292 civili
1560 263 1815 306 privatorum
1849 269 1858 294 :
1893 251 1998 309 quod
2033 253 2122 297 sane
2153 269 2238 297 non
2270 253 2341 298 ille

1305 316 1468 368 tantum
1512 310 1673 361 privato
1700 340 1712 363 ,
1756 309 1815 352 sed
1847 309 1890 352 δι
1924 309 2087 365 publico
2118 311 2204 362 Juri
2237 313 2254 363 (
2280 311 2341 363 *)

1303 374 1478 425 parlter,
1508 378 1698 419 operatus
1728 365 1801 420 fit,
1834 366 1982 422 quippe
2006 367 2112 424 quod
2136 366 2197 419 jus
2220 367 2341 419 Justi-

1302 434 1500 483 maneum
1532 436 1618 465 non
1641 434 1805 486 tantum
1833 423 1877 486 lit
1900 424 2103 478 privatum
2123 457 2135 479 ,
2170 440 2244 469 nec
2256 425 2342 481 pri-

1301 489 1444 540 vatum
1483 493 1542 529 Jus
1580 495 1700 523 unice
1738 493 1989 534 contineat3
2031 497 2173 525 verum
2215 497 2341 538 quam

1301 533 1517 590 plurimae,
1547 537 1697 593 quas&
1711 538 1896 581 Gravina
1910 538 2110 594 exponit,
2137 538 2242 596 leges
2257 541 2340 582 Ro-

1301 606 1464 645 manae,
1497 605 1591 637 totae
1625 594 1708 646 jure
1741 596 1924 639 constent
1943 595 2132 650 publico:
2167 598 2338 653 ipsaeque

1299 648 1347 692 de
1379 650 1549 703 privatis
1578 663 1784 709 conceptae
1815 652 1946 707 leges,
1977 653 2138 708 quando
2162 654 2339 709 personis

1301 706 1491 770 rebusque
1525 708 1700 764 publicis
1736 709 2022 765 applicantur,
2054 709 2132 753 hoc
2163 710 2246 766 ipso
2265 726 2339 767 pu-

1300 762 1415 806 bltcae
1436 765 1564 809 fiant:
1599 768 1625 810 s.
1656 768 1761 823 quod
1782 783 1825 810 ea
1847 765 2008 822 publica
2027 767 2178 810 eximie
2198 767 2339 812 dican-

1299 834 1390 874 tur,
1421 838 1509 878 quae
1539 839 1752 881 nunquam
1784 824 1901 877 aliis,
1933 839 2057 878 quam
2075 825 2339 880 personarum

1299 894 1515 936 rerumque
1538 881 1790 937 publicarum
1807 881 1962 934 usibus,
1995 881 2141 925 idonea
2162 882 2252 925 sunt
2271 914 2281 925 .

1356 938 1419 981 De
1452 940 1582 993 patria
1614 939 1757 983 deinde
1790 939 2011 996 potestate,
2045 939 2338 994 §.25.Lib.1I.

1296 995 1427 1051 quoad
1469 995 1529 1047 jus
1571 996 1833 1052 personarum
1860 1029 1872 1049 ,
1906 996 2045 1039 minus
2078 997 2182 1041 reete
2213 1013 2340 1054 expo-

1298 1052 1397 1105 nit,
1439 1068 1518 1108 qua
1568 1054 1727 1097 ratione
1775 1054 1818 1097 in
1850 1053 1932 1105 jure
1965 1056 2158 1098 Romano
2190 1071 2235 1098 ea
2268 1055 2340 1098 tri-

1298 1110 1442 1153 buatur
1473 1110 1655 1155 moribus
1681 1142 1690 1152 .
1724 1112 1782 1153 Et
1814 1111 1920 1166 quod
1941 1141 1952 1163 ,
1984 1113 2025 1153 in
2058 1112 2088 1164 ξ.
2127 1115 2192 1155 26.
2226 1113 2339 1167 vult,

1296 1165 1356 1218 jus
1398 1168 1536 1223 pattiae
1579 1167 1786 1224 potestatis
1830 1183 1914 1211 non
1946 1168 2098 1212 ceffaffe
2129 1185 2199 1224 per
2231 1186 2342 1213 mor·

1298 1237 1380 1268 tem
1425 1225 1581 1281 patris,
1624 1226 1661 1269 id
1706 1225 1814 1270 male
1863 1225 2006 1281 probat
2052 1241 2123 1281 per
2163 1227 2340 1270 tutelam

1298 1281 1422 1338 patris
1464 1282 1810 1326 testamentariam
1838 1315 1850 1336 ,
1893 1294 1935 1325 ut
1977 1283 2022 1326 &
2054 1299 2123 1339 per
2154 1284 2342 1328 substitu-

1300 1341 1456 1384 tionem
1489 1340 1736 1397 pupillarem
1764 1372 1773 1383 .
1821 1340 2027 1396 Nunquid
2058 1340 2173 1384 enim
2209 1342 2343 1397 super-

1297 1398 1368 1441 stes
1412 1396 1486 1441 esse
1519 1413 1605 1442 non
1637 1397 1982 1453 potestieffeuus?
2013 1398 2213 1442 efficiente
2245 1415 2340 1443 cau-

1300 1455 1336 1498 sa
1366 1455 1518 1500 dudum
1549 1455 1753 1500 extiffla.
1787 1455 1931 1510 Quoad
1960 1453 2021 1506 jus
2051 1470 2217 1510 rerum,
2238 1456 2343 1500 mal-

1298 1512 1382 1556 lem
1414 1513 1678 1567 Gravinarn,
1710 1514 1752 1555 in
1784 1519 1817 1564 t.
1851 1516 1917 1567 85.
1952 1512 2180 1556 testamenti
2217 1514 2341 1557 ratio-

1296 1585 1392 1614 nem
1425 1601 1438 1621 ‚
1483 1586 1553 1626 per
1582 1569 1937 1625 mancipationem
1971 1601 1983 1623 ,
2028 1570 2222 1626 peculiari
2249 1573 2290 1626 §.
2320 1587 2344 1615 a

1300 1627 1502 1684 speciebus
1533 1628 1854 1682 mancipationis
1875 1626 2068 1683 reliquis,
2098 1628 2342 1672 distinxisse.

1298 1685 1489 1743 Denique
1519 1686 1568 1729 ad
1599 1684 1751 1737 judicia
1780 1684 1889 1741 quod
1920 1683 2071 1728 attinet
2098 1716 2111 1739 ,
2154 1685 2225 1729 ille
2254 1685 2345 1742 qui·

1292 1743 1384 1786 dem
1426 1743 1466 1798 §.
1502 1745 1569 1786 80.
1593 1742 1771 1786 afiliones
1802 1741 1903 1798 legis
1929 1742 1973 1785 &
1997 1740 2109 1785 afi’tus
2136 1741 2346 1799 legitimos

1296 1800 1401 1844 re&e
1426 1801 1543 1844 docet
1568 1831 1580 1854 ,
1625 1800 1808 1844 differre:
1843 1799 2013 1843 debebat
2045 1815 2143 1843 vero
2169 1799 2346 1844 rationes

1295 1873 1456 1915 quoque
1481 1857 1719 1901 differentiae
1744 1856 1943 1901 adduxisse
1968 1872 1980 1910 ς
2025 1856 2134 1912 quod
2159 1857 2346 1902 maximo

1294 1916 1343 1959 ad
1374 1915 1610 1960 institutum
1641 1913 1725 1967 ejus
1756 1914 1838 1958 usui
1872 1913 1945 1958 effe
1979 1925 2163 1969 potuerat
2184 1946 2193 1958 .

1365 1975 1458 2026 Jam
1502 1988 1598 2016 vero
1650 1971 1975 2028 Legislationem
2023 1970 2151 2027 ipsam
2195 1974 2334 2017 Roma

1289 2047 1387 2076 nam
1430 2031 1538 2088 quod
1578 2029 1829 2084 concernit,
1871 2044 1953 2085 quo
1992 2044 2087 2073 cura
2128 2030 2349 2075 Gravinae·

1292 2088 1495 2146 praecipua
1525 2088 1730 2146 pertinet:
1767 2087 1854 2144 Ipse
1884 2101 2026 2142 operas
2058 2089 2225 2143 Regum
2259 2090 2345 2133 Ro-

1291 2151 1511 2190 manorum
1544 2146 1636 2189 Lib.
1669 2148 1703 2190 I.
1737 2145 1771 2200 §.
1807 2160 1877 2189 21.
1906 2143 2045 2188 minus
2078 2146 2184 2190 reete
2204 2144 2346 2188 distin-

1290 2205 1354 2248 xit
1384 2219 1394 2244 :
1441 2218 1537 2246 cum
1583 2218 1732 2247 omnes
1760 2202 1810 2246 ad
1841 2200 1903 2254 jus
1935 2201 2121 2246 naturale
2154 2202 2343 2259 gentium

1288 2261 1331 2304 &
1382 2259 1503 2302 civile
1552 2257 1808 2302 intenderint
1834 2289 1844 2301 .
1893 2260 1975 2302 Eas
2006 2271 2145 2303 autem
2177 2258 2344 2304 studiose

1294 2316 1505 2373 quondam
1553 2315 1722 2359 Fulvius
1766 2314 1942 2358 Urfinus
1986 2315 2156 2373 collegit
2201 2332 2214 2370 3
2268 2331 2344 2363 nec

1295 2389 1381 2418 non
1442 2388 1557 2418 curas
1613 2372 1694 2416 illis
1754 2372 1912 2427 legibus
1967 2372 2088 2428 regiis
2141 2373 2345 2430 impendit

1293 2432 1514 2476 Vinandus
1568 2430 1739 2487 Pighius
1774 2461 1788 2483 ‚
1845 2430 1888 2472 δι
1949 2428 2094 2473 Paulus
2137 2430 2305 2475 Merula
2330 2447 2343 2485 3

1293 2504 1396 2546 quos
1454 2487 1662 2545 plerosque
1710 2486 1955 2543 compilavit
1997 2487 2041 2530 in
2082 2487 2344 2544 antiquitati-

1294 2548 1366 2591 bus
1403 2545 1580 2590 Rofinus
1607 2577 1617 2588 .
1668 2546 1833 2588 Statum
1865 2560 1961 2588 vero
1994 2545 2232 2600 popularem
2253 2576 2267 2599 ‚
2299 2546 2344 2589 in

1292 2605 1384 2648 Lib.
1417 2605 1497 2647 ΙΙΙ.
1530 2614 1617 2659 cap.
1653 2611 1721 2646 16.
1756 2603 1818 2646 seu
1837 2601 2191 2655 democraticum,
2222 2603 2342 2647 unice

1294 2661 1398 2705 vitio
1439 2660 1666 2714 adscribit3
1711 2659 1737 2703 fi
1779 2658 1893 2716 plebs
1937 2658 2090 2704 scilieet
2121 2658 2343 2716 optimates

1294 2717 1515 2764 insolentes
1560 2717 1742 2773 subjuget
1766 2749 1775 2759 .
1829 2715 1915 2760 Ubi
1949 2716 1992 2760 8<
2019 2748 2031 2770 ,
2073 2732 2152 2773 qua
2184 2717 2344 2761 ratione

1298 2774 1408 2821 mala
1439 2773 1523 2827 ejus
1553 2775 1761 2819 emendari
1795 2775 1945 2829 possint
1966 2804 1979 2826 ,
2009 2773 2212 2829 exponit.
2242 2775 2346 2830 Quae

1298 2834 1464 2892 quidem
1490 2863 1503 2887 ,
1544 2832 1751 2889 quomodo
1783 2831 1826 2875 in
1858 2830 2155 2887 rempublicam
2187 2833 2348 2875 Rorna-

2244 2903 2345 2933 nam

1299 2993 1391 3036 perio
1415 2995 1569 3026 Romano
1593 2989 1772 3033 exposuit,·
1801 2989 1864 3023 hoc
1889 2990 1923 3023 in
1947 2991 2201 3024 eommentariis
2224 2990 2266 3024 ad
2285 2994 2349 3025 be·

1299 3048 1356 3081 ges
1385 3038 1415 3069 8<
1441 3036 1528 3071 scta
1552 3057 1562 3067 .
1591 3036 1644 3069 Sic
1667 3035 1697 3068 se
1723 3036 1893 3078 publicum
1913 3057 1925 3074 ‚
1949 3036 1993 3068 fic
2017 3035 2189 3078 privatum
2214 3036 2265 3078 ius
2287 3043 2350 3070 nu-

1298 3084 1426 3117 minare
1442 3104 1453 3124 ,
1476 3081 1544 3126 ipse
1567 3080 1672 3116 tradit
1695 3080 1730 3114 in
1752 3082 1818 3116 fine
1843 3078 2051 3124 praefationis
2071 3102 2083 3114 .
