2596 3479
802 90 1170 166 JURIS
1252 89 1810 144 CtVtLts.

251 173 386 213 centes
417 164 602 219 vidisset,
635 166 888 221 admiratus,
919 165 966 211 ad
1002 166 1171 222 Pyleum
1198 181 1292 210 con-

251 225 383 268 versus
412 225 467 270 est
485 257 497 273 ,
529 224 757 282 silentiique
790 225 950 269 causam
978 226 1167 281 rogavit:
1201 239 1293 268 tum

247 281 395 334 ‘Pyleus
415 315 427 337 ,
460 283 555 340 quia
587 283 692 330 muti
727 283 816 326 sunt
849 314 861 335 ,
909 282 1045 339 inquit
1068 315 1077 327 .
1110 283 1175 325 Ad
1209 282 1292 325 haec

248 341 455 384 accusator
486 340 746 384 mendacium
772 340 1021 396 exprobrans
1043 372 1054 394 ‚
1085 339 1291 384 exclama-

249 395 342 439 vit:
376 398 463 442 imo
496 397 631 442 audivi
664 414 731 441 eos
764 397 1034 441 vociferantes
1055 429 1067 451 ,
1098 414 1144 441 ac
1176 412 1290 440 tran-

249 451 458 499 seuntibus
489 456 667 499 dicentes
698 487 711 509 ‚
756 467 890 498 cavete
922 487 931 497 .
963 457 1080 499 Turn
1117 455 1287 510 Pyleus:

247 510 355 569 Ergo
385 512 644 568 absolvantur
675 545 688 567 ,
723 512 893 570 inquit,
919 524 1156 568 praemonens
1186 515 1290 556 enim

249 569 299 614 de
328 571 471 614 damno
502 588 578 614 non
608 583 787 614 tenetur.
818 571 885 624 (a)
921 572 1064 627 Itaque
1096 571 1290 626 impetra-

249 629 317 671 vit
354 660 367 683 ,
418 640 462 672 ut
496 630 552 672 eis
589 645 612 672 a
651 629 822 672 Praet'ore
849 644 955 671 noxa
981 627 1256 671 remitteretur
1280 660 1289 670 .

249 686 410 730 Uxoris
434 687 721 731 testamentum
750 718 761 740 ‚
794 701 873 742 quo
902 686 1090 729 heredem
1114 686 1289 729 instituit

250 760 348 789 eum
369 776 382 798 ‚
413 745 460 789 de
485 760 566 801 quo
593 743 722 787 fuerat
748 745 997 799 interrogata
1029 776 1041 796 ,
1085 743 1288 797 defendit,

251 817 339 846 non
364 802 445 845 sine
471 801 612 846 multis
637 801 932 856 oppositoribus
963 834 972 844 .
1005 802 1087 853 (¹⁶)
1123 801 1288 844 Librum

253 859 405 915 scripsit
434 860 481 903 de
506 858 648 902 ordine
670 858 914 910 judiciorum
953 891 965 913 ,
1006 859 1050 902 δι
1081 858 1216 914 aliqua
1247 860 1289 901 in

250 917 481 961 Feudorum
507 916 621 959 libris
651 916 868 959 annotavit
897 949 906 959 .
943 916 1009 959 Ab
1032 916 1111 960 hoc
1139 948 1151 969 ‚
1183 917 1289 973 quod

252 973 421 1030 fingulis
451 974 614 1018 Saturni
654 973 793 1017 diebus
822 975 866 1017 in
893 987 1108 1031 utramque
1132 988 1289 1029 partem

250 1031 540 1087 disputationes
563 1031 811 1075 haberentur
830 1064 842 1086 ,
874 1045 1012 1075 ortum
1037 1032 1090 1074 est
1116 1031 1290 1075 sabbati-

252 1104 401 1133 narum
440 1090 703 1145 quaestionum
742 1105 895 1132 nomen
929 1091 979 1132 ab
1003 1089 1087 1143 ipso
1110 1089 1287 1132 conscri-

252 1159 416 1203 ptarum
430 1178 440 1189 .
463 1149 526 1190 Ex
547 1163 624 1203 qua
644 1147 935 1191 exercitatione
953 1146 1170 1203 processere
1192 1148 1287 1189 Bro-

252 1203 415 1248 cardica
436 1237 448 1258 ‚
481 1204 558 1247 five
582 1205 801 1247 enunciata
825 1204 897 1247 illa
919 1236 931 1256 ‚
963 1219 1052 1260 quae
1076 1204 1191 1247 usum
1217 1204 1289 1247 ha·

253 1261 351 1304 bent
370 1261 620 1317 ancipitem,
651 1262 731 1313 (**)
758 1262 801 1304 ἃ
829 1262 872 1303 in
899 1274 1113 1315 utramque
1132 1274 1288 1314 partem

251 1318 448 1375 fleetunt,
479 1319 672 1375 peculiari
697 1318 802 1361 libro
827 1319 876 1361 ab
901 1333 949 1362 eo
969 1317 1264 1375 comprehensa
1280 1351 1289 1363 .

435 1435 476 1479 C
535 1435 577 1477 A
638 1434 668 1477 P
728 1435 773 1477 U
833 1434 878 1476 T
993 1434 1033 1478 C
1054 1435 1099 1478 L.

459 1523 526 1566 De
556 1521 740 1565 Alberico
762 1553 774 1576 ‚
808 1518 865 1565 (θ’
887 1521 1071 1575 Ioanne.

311 1610 421 1653 Nter
465 1607 629 1664 Bulgari
672 1607 890 1664 discipulos
922 1607 1092 1664 ponitur
1124 1606 1289 1652 Alberi-

329 1681 399 1710 cus
428 1681 450 1708 a
483 1666 602 1708 Porta
634 1668 876 1710 Ravennate
908 1666 1094 1709 doctrina
1126 1666 1258 1722 potius
1279 1698 1291 1720 ,

251 1740 374 1781 quarn
410 1724 591 1767 moribus
622 1755 635 1777 ,
686 1724 877 1778 magistro
909 1724 1053 1767 similis
1087 1739 1098 1766 ε
1141 1724 1291 1780 quippe

251 1782 503 1825 temulentus
535 1813 548 1834 ,
587 1781 631 1824 ἃ
663 1781 803 1824 helluo
835 1814 847 1834 ,
879 1782 1120 1838 egregieque
1153 1782 1287 1836 impu-

251 1840 380 1884 dens:
417 1854 511 1882 cum
545 1854 629 1882 non
663 1840 814 1882 veritus
846 1839 892 1882 sit
923 1871 935 1893 ‚
981 1852 1144 1894 propter
1177 1853 1292 1894 turpe

251 1896 413 1941 lucrum
433 1929 445 1950 ,
477 1896 596 1940 fidem
632 1896 704 1939 sure
735 1897 926 1953 abrogare
945 1897 1160 1940 doetrinae.
1194 1899 1291 1940 Ete-

253 1954 344 1998 nim
377 1955 423 1997 de
458 1954 710 1998 restitutione
740 1955 846 1998 dotis
878 1956 960 2009 post
993 1968 1197 2007 mortem,
1233 1954 1289 1997 su>

254 2012 479 2067 perstitibus
512 2012 680 2065 liberis,
712 2011 820 2055 idem
851 2013 958 2068 quod
991 2012 1187 2069 Bulgarus
1207 2028 1291 2054 ma·

254 2069 373 2126 gister
401 2068 446 2111 δε
479 2068 646 2111 senserat
667 2101 680 2122 ,
710 2069 753 2111 δε
777 2070 967 2112 docuerat
990 2086 998 2110 ε
1033 2085 1178 2113 verum
1198 2084 1290 2112 cum

256 2126 364 2169 idern
399 2124 466 2168 sibi
489 2157 502 2178 ,
544 2140 589 2168 ac
622 2125 795 2181 Bulgaro
828 2125 1056 2182 contigisset
1091 2159 1104 2181 ,
1152 2127 1292 2170 dotem

254 2196 416 2239 rogatus
447 2199 469 2225 a
501 2182 635 2226 socero
654 2214 665 2236 ‚
701 2183 950 2227 redditurum
970 2184 1136 2240 negavit
1157 2213 1167 2232 ,
1201 2199 1293 2238 pro-

254 2240 431 2296 priisque
465 2240 617 2294 scriptis
648 2240 883 2295 redargutus
909 2273 921 2294 ,
965 2241 1167 2298 respondit
1199 2257 1294 2284 mu-

255 2300 349 2341 tasse
382 2298 650 2341 sententiam.
684 2300 823 2353 Longe
854 2314 949 2341 vero
978 2298 1123 2342 ceteris
1145 2297 1293 2353 Bulga-

256 2355 292 2399 ri
333 2354 586 2399 auditoribus
628 2355 862 2400 celebritate
896 2355 1081 2400 nominis
1115 2356 1295 2412 praestitit

253 2414 432 2465 Joannes
464 2413 669 2457 Bossianus
683 2413 973 2457 Cremonensis
993 2445 1005 2466 ‚
1037 2414 1106 2470 qui
1134 2412 1273 2456 Novel

259 2470 391 2513 larum
425 2469 548 2513 libros
578 2472 620 2514 in
643 2472 856 2524 epitomen
878 2471 1055 2526 redegit,
1087 2471 1293 2513 arborem-

258 2542 336 2584 que
366 2526 574 2571 actionum
606 2530 726 2581 (**'‘)
760 2529 914 2583 primus
946 2527 1109 2572 invenit
1129 2558 1141 2582 ‚
1172 2527 1295 2570 obiit-

259 2600 336 2642 que
368 2599 478 2628 anno
499 2586 790 2630 MCXCVII.

374 2721 555 2732 ·----—-

1087 2720 1299 2732 —-·....-—

287 2757 382 2832 u[a]
432 2757 524 2790 Bald.
552 2759 593 2790 in
614 2765 702 2800 prax.
734 2759 772 2790 de
798 2757 967 2801 utriusque
993 2756 1056 2796 jur.
1084 2767 1150 2799 reg·
1181 2757 1218 2789 de
1248 2765 1298 2788 ca·

262 2807 285 2830 v
315 2802 337 2832 l.

304 2846 384 2895 1³]
435 2848 614 2882 Affenserat
638 2848 729 2880 enim
753 2847 972 2892 interroganti
987 2846 1209 2880 affirmatione
1224 2847 1297 2879 fim-

265 2887 374 2938 Pllci;
411 2902 485 2925 cum
521 2894 554 2926 in
591 2895 786 2927 testamento
811 2894 1035 2936 nuncupativo
1060 2903 1181 2925 nomen
1207 2892 1297 2925 here-

266 2930 317 2964 drs
340 2945 418 2968 voce
443 2938 607 2972 testatoris
632 2940 812 2982 nuncupari
836 2938 957 2973 debeat
973 2961 981 2970 .
1006 2942 1045 2971 L.
1064 2950 1118 2978 ²9·
1136 2941 1172 2969 C.
1199 2938 1236 2970 de
1252 2947 1296 2969 te-

262 2975 457 3017 flammeis.

315 3024 406 3072 [⁴⁸²]
458 3029 531 3061 Imo
555 3028 747 3062 Brocardica
779 3030 896 3074 regulae
923 3030 996 3063 sunt
1021 3027 1296 3069 omniexceptio-

267 3077 478 3118 rie—maiores
495 3095 505 3110 ‚
533 3083 598 3106 non
620 3073 754 3116 quidem
794 3073 873 3111 iuris
898 3075 1032 3115 civilis,
1073 3072 1125 3107 sed
1166 3072 1296 3115 proprie

267 3121 349 3148 JUHS
373 3116 550 3148 canonici.
577 3117 738 3151 Dicuntur
761 3121 850 3152 enim
874 3121 959 3163 quasi
974 3118 1167 3152 Burcardica
1185 3139 1194 3154 ς
1219 3117 1298 3159 qnia

266 3158 431 3192 Burcardo
454 3159 614 3196 debentur
628 3185 638 3202 ,
668 3165 906 3199 Vvormatienfi
931 3165 1075 3209 Episopo
1089 3186 1099 3206 ,
1126 3163 1215 3204 cujus
1232 3174 1298 3196 ma-

2335 96 2398 165 83

1515 224 1555 268 C
1615 225 1656 268 A
1718 224 1747 268 P
1807 223 1852 267 U
1914 223 1958 267 T
2077 225 2117 268 C
2137 227 2169 270 L
2192 227 2225 269 Ι.

1534 312 1598 357 De
1617 311 1756 354 Amne
1776 343 1788 365 ‚
1821 310 2002 366 Eiusque
2019 311 2162 354 Schola
2178 344 2187 356 .

1379 407 1390 434 '-
1423 397 1664 442 Plendorem
1708 397 1804 441 huic
1848 396 1998 441 addidit
2039 396 2124 448 ejus
2165 398 2381 456 discipulus

1439 459 1532 498 Azo
1564 454 1832 499 Bononiensis
1852 487 1864 508 ,
1896 471 1918 498 a
1950 454 2075 498 Baldo
2107 457 2212 503 haud
2246 463 2386 513 praeci-

1340 513 1432 568 pitis
1463 511 1601 564 judicii
1636 512 1724 555 viro
1751 544 1763 564 ‚
1814 512 1904 554 fons
1939 511 2074 568 legum
2108 514 2335 569 appellatus
2368 549 2380 572 ‚

1337 570 1446 623 cujus
1478 570 1686 625 epitome,
1720 586 1842 625 quam
1868 570 2069 614 summam
2092 586 2268 626 vocant,
2298 587 2391 618 tan-

1338 642 1379 671 to
1412 627 1490 671 fuit
1523 627 1566 670 in
1601 627 1729 682 pretio
1758 644 1769 680 3
1822 639 1864 671 ut
1897 629 2047 672 merito
2078 630 2179 672 alias
2212 643 2305 674 ante
2342 633 2376 676 se

1336 701 1480 730 ornnes
1510 686 1722 730 obruerit.
1756 685 1869 729 Hinc
1904 685 2072 729 traditur
2106 688 2336 732 Mediolani
2366 706 2379 743 ;

1336 742 1378 788 ὃ(
1411 745 1630 787 Cremonae
1664 742 1766 786 nulli
1801 743 1964 798 patuisse
1999 743 2154 788 aditum
2187 746 2233 788 ad
2266 746 2381 798 jutis—

1336 801 1511 844 consulti
1545 816 1695 845 munus
1722 833 1734 854 ,
1775 801 1844 857 qui
1889 817 1935 844 ea
1966 801 2147 856 epitome
2181 817 2334 848 careret
2369 834 2380 844 .

1336 858 1494 902 Azonis
1538 858 1749 903 celebritas
1779 874 1828 903 ex
1862 858 2053 902 omnibus
2088 859 2218 905 Italiae
2252 862 2386 917 regio-

1337 916 1453 959 nibus
1485 917 1686 959 auditores
1717 916 1878 960 excibat
1903 949 1912 959 .
1959 918 2023 960 Ita
2069 930 2112 960 ut
2146 919 2382 964 Emoniam

1334 973 1555 1017 adtraxerit
1586 973 1783 1025 juvenum
1817 973 1899 1017 fere
1931 974 2070 1017 decem
2107 974 2238 1018 millia
2268 1008 2276 1016 .
2308 978 2375 1021 E(

1334 1032 1477 1087 quibus
1509 1047 1604 1074 cum
1638 1031 1893 1087 Longobardi
1920 1062 1934 1085 ‚
1976 1032 2019 1077 &
2052 1032 2213 1076 Etrusci
2248 1033 2383 1077 secum

1334 1089 1553 1132 accerrime
1584 1089 1815 1132 diffiderent
1849 1121 1861 1142 ,
1903 1090 1952 1132 ab
1995 1105 2042 1132 eo
2088 1090 2273 1134 tumultu
2304 1107 2382 1142 ,res

1335 1145 1384 1187 ad
1416 1146 1567 1190 caedem
1600 1162 1722 1202 prope
1754 1147 1918 1190 devenit
1946 1163 1954 1187 ε
1991 1158 2033 1189 ut
2065 1146 2107 1190 Sc
2145 1149 2251 1190 Urbs
2285 1150 2378 1192 uni-

1338 1201 1448 1244 versa
1481 1203 1783 1257 perturbaretur
1804 1235 1813 1245 .
1866 1204 2085 1247 Habebant
2117 1220 2164 1247 eo
2197 1217 2381 1261 tempore

1337 1258 1536 1302 Doctores
1569 1260 1610 1302 in
1641 1261 1842 1302 auditores
1865 1260 1976 1312 suos,
2008 1260 2077 1316 qui
2102 1261 2385 1317 deliquerant,

1336 1315 1733 1360 animadversionem
1765 1317 1808 1360 δι
1839 1316 2158 1370 iurisdiStionern
2194 1320 2236 1361 in
2257 1320 2380 1363 causis
2429 1369 2436 1370 ἶ

1338 1372 1530 1416 civilibus
1562 1390 1571 1415 :
1621 1389 1764 1417 verum
1798 1405 1809 1425 ‚
1842 1386 2000 1417 retanta
2034 1374 2107 1417 hac
2142 1376 2339 1429 postrema
2376 1410 2388 1432 ‚

1340 1429 1518 1485 priorem
1550 1432 1772 1476 amiserant
1793 1463 1805 1486 ,
1839 1444 2000 1487 propter
2032 1432 2290 1475 condonandi
2324 1434 2386 1477 fa-

1340 1488 1540 1531 cilitatem
1571 1521 1583 1543 ,
1632 1505 1756 1545 quam
1809 1490 1941 1544 postea
1983 1489 2383 1536 animadversionem

1341 1559 1619 1603 recuperatam
1653 1546 1784 1590 rursus
1816 1547 2072 1599 amiserunt,
2107 1563 2181 1591 nec
2213 1563 2303 1593 eam
2339 1550 2381 1591 in

1348 1605 1550 1658 posterum
1583 1616 1821 1660 receperunt
1846 1635 1855 1646 .
1889 1604 2074 1649 Henrico
2106 1604 2283 1658 Caesari‚
2316 1607 2387 1663 qui

1342 1662 1495 1704 medius
1529 1663 1636 1705 inter
1668 1678 1763 1706 eum
1790 1694 1801 1715 ,
1833 1662 1876 1704 &
1912 1662 2153 1705 Lotharium
2175 1662 2387 1714 Juriscon-

1343 1719 1491 1762 sultum
1537 1719 1695 1764 Azonis
1736 1717 1933 1764 aemulum
1974 1735 2079 1775 equo
2124 1735 2193 1775 per
2225 1722 2388 1766 Urbem

1341 1776 1554 1821 incedebat
1585 1809 1597 1830 ‚
1640 1777 1947 1832 interroganti,
1993 1777 2104 1828 cujus
2148 1793 2244 1822 nam
2287 1778 2385 1822 esset

1343 1850 1502 1877 merum
1535 1835 1807 1888 imperium?
1849 1835 2066 1878 Lotliarius
2109 1834 2281 1877 Caesaris
2327 1836 2386 1879 so-

1342 1892 1417 1935 lius
1449 1892 1523 1936 esse
1558 1894 1763 1949 respondit
1800 1909 1809 1934 :
1855 1894 1950 1935 Azo
1992 1908 2088 1936 vero
2138 1893 2340 1946 intrepide
2373 1925 2387 1948 ‚

1342 1965 1425 1992 non
1458 1950 1628 1995 Caesaris
1661 1964 1849 2002 tantum,
1890 1949 1950 1993 sed
1982 1948 2265 1995 &Praefidum
2293 1952 2392 1994 Pro-

1342 2006 1573 2050 vinciarum
1606 2008 1775 2051 Gratior
1807 2021 1949 2051 tamen
1986 2007 2163 2065 Principi
2199 2006 2277 2050 fuit
2311 2009 2389 2052 irn-

1342 2066 1517 2120 probitas
1541 2097 1553 2118 ‚
1595 2065 1638 2108 ὃς
1669 2065 1879 2108 assentatio
1912 2063 2100 2109 Lotharii
2124 2096 2135 2117 ,
2180 2065 2249 2121 qui
2281 2082 2387 2121 equo

1341 2138 1362 2164 a
1405 2121 1561 2165 Caesare
1605 2122 1776 2166 donatus
1810 2122 1969 2165 causam
2002 2121 2169 2177 praebuit
2203 2124 2340 2166 Azoni
2375 2154 2388 2175 ,

1343 2192 1386 2221 ut
1417 2195 1512 2224 cum
1540 2180 1682 2223 eodem
1715 2181 1761 2224 de
1787 2193 2034 2236 argumento
2059 2178 2292 2234 dissereret,
2326 2180 2391 2222 in-

1342 2253 1418 2292 que
1452 2237 1516 2280 sua
1550 2237 1749 2281 sententia
1781 2249 2037 2292 permaneret
2063 2269 2075 2290 ,
2109 2237 2304 2290 ambigu)
2339 2237 2397 2280 il-

1344 2296 1383 2337 lo
1415 2294 1570 2338 luderet
1596 2312 1611 2336 .·
1655 2295 1762 2351 quod
1807 2294 1959 2339 scilicet
2004 2294 2084 2349 ipse
2127 2309 2286 2349 aequum
2331 2295 2396 2338 di-

1343 2352 1457 2396 xisset
1482 2384 1494 2405 ,
1538 2368 1690 2408 equum
1723 2368 1820 2396 vero
1853 2352 2074 2395 abduxisset
2119 2353 2339 2396 Loharius
2375 2385 2382 2394 .

1344 2411 1459 2453 Cum
1490 2411 1674 2454 nondum
1708 2414 1800 2453 Azo
1831 2410 2052 2453 admodum
2087 2408 2128 2450 in
2162 2409 2245 2460 jure
2282 2411 2389 2452 Pon-

1345 2467 1471 2509 tificio
1526 2467 1791 2521 profecisset3
1836 2468 2179 2519 contenderetque
2236 2467 2278 2509 in
2324 2466 2391 2509 fo-

1347 2541 1389 2567 ro
1421 2536 1562 2567 contra
1593 2525 1817 2567 Boarinum
1851 2526 2129 2567 Mamuanam
2167 2554 2178 2576 ,
2223 2536 2388 2567 mortuo
2435 2580 2440 2581 ⁷

1345 2594 1439 2626 ante
1495 2581 1612 2626 litem
1655 2582 1923 2625 contestatam
1968 2578 2180 2634 delegante
2217 2613 2229 2635 ‚
2281 2581 2389 2624 dele-

1920 2639 1952 2680 L
2015 2652 2036 2679 z
2301 2639 2389 2695 gari

1826 2719 1925 2731 ..υ-
2292 2717 2394 2726 ——-—

1344 2763 1444 2797 gnum
1487 2763 1643 2785 canonum
1682 2754 1858 2791 volumen,
1895 2753 2019 2785 editum
2054 2752 2189 2787 colonie
2219 2754 2260 2782 A.
2294 2755 2391 2788 1345.

1345 2797 1482 2839 Parifiis
1516 2807 1611 2837 1330.
1639 2804 1741 2830 tantae
1766 2797 1982 2830 Austoritatis
2019 2798 2107 2833 fuit,
2134 2804 2170 2829 ut
2205 2795 2261 2827 suo
2285 2794 2389 2827 adhuc

1346 2853 1496 2885 tempore
1525 2844 1711 2886 Sigebertus
1750 2843 1994 2876 Gamblacenfis
2021 2847 2058 2877 de
2082 2840 2294 2883 scriptoribus
2326 2843 2389 2872 Ec-

1346 2887 1526 2928 clefiassicis
1552 2897 1618 2930 cap.
1644 2900 1715 2927 ¹41·
1748 2889 1892 2921 omnium
1923 2891 2127 2922 conciliorum
2157 2887 2281 2919 decreta
2299 2895 2334 2915 ex
2357 2894 2390 2916 ea

1348 2933 1560 2972 Austorizari
1585 2934 1706 2968 scribat
1722 2956 1730 2965 .
2302 2946 2308 2949 >

1392 2980 1508 3020 [⁴⁸³²]
1560 2980 1634 3013 Sive
1662 2979 1814 3017 schema,
1853 2989 1919 3021 quo
1947 2978 2114 3012 actionum
2155 2974 2382 3007 delineabatur

1343 3024 1539 3066 diversitas,
1579 3024 1712 3068 perinde
1752 3030 1787 3055 ut
1829 3023 2122 3065 consanguinitatis
2149 3022 2178 3052 &
2204 3018 2378 3051 affinitatis

1343 3072 1461 3103 arbore
1505 3072 1768 3113 propinquorum
1810 3070 1838 3100 &
1882 3067 2031 3103 affinium
2057 3069 2209 3102 sistuntur
2234 3063 2351 3106 gradus
2372 3083 2384 3100 υ

1341 3117 1398 3159 qui
1424 3115 1585 3150 scalarum
1623 3118 1653 3150 ὃς
1679 3125 1826 3155 rotarum
1851 3114 1993 3159 itmgine
2019 3126 2038 3148 a
2062 3111 2233 3148 veteribus
2262 3116 2382 3150 reprae-

1349 3162 1566 3197 tentabantur
1578 3183 1588 3194 .
