2596 3479
644 92 691 143 E
735 91 791 142 T
881 88 1031 140 XII.

241 162 543 219 STISSIME‚
577 163 688 216 cujus
719 180 739 207 e
772 162 856 205 vita
890 160 1277 217 merito'posteritas

241 225 478 281 exemplum
510 223 627 266 ducet
655 224 808 277 Legum
844 218 1098 262 divinarum.

296 286 408 326 Cum
435 281 563 338 igitur
584 294 718 334 actm,
752 293 797 320 ac
820 276 1021 319 diuturnae
1042 277 1087 319 de
1113 288 1275 319 natura-

237 342 266 386 li
294 340 380 396 lege
416 338 703 381 contentiones
747 334 854 378 inter
894 334 1161 388 philosophos
1191 333 1273 386 jam

235 398 307 442 diu
333 396 521 440 excitatae
545 394 723 445 fuerint,
756 392 797 435 ὅ(
817 390 941 435 etiam
966 391 1006 434 in
1027 391 1107 435 dies
1131 393 1172 434 in
1199 391 1272 435 hac

235 456 365 499 aetatis
392 455 531 497 nostrae
564 450 708 494 illustri
742 449 1050 493 concertatione
1084 449 1265 504 ingenio-

233 529 329 557 rum
351 511 583 556 excitentur
615 508 657 552 δι·
685 507 868 551 ferveant
896 523 907 561 3
943 507 1033 550 aliis
1061 507 1186 561 ipsam
1204 523 1271 562 ap·

234 570 483 628 petitionem
506 584 579 622 pro
601 566 686 622 lege
710 581 864 609 naturae
893 564 1137 622 ponentibus
1155 582 1166 619 3
1184 565 1273 609 aliis

234 645 327 672 eam
349 626 496 670 rationi
524 623 852 681 subjugantibus:
879 637 984 667 certe
1007 623 1111 666 nihil
1134 624 1175 666 in
1198 623 1274 668 hoc

232 685 482 740 opinionum
500 716 512 736 ,
536 684 576 726 ἃ
602 684 838 726 animorum
863 680 1125 725 fluGtuatione
1150 681 1276 724 Chri-

234 743 363 786 stiano
397 741 567 799 homine
606 740 765 784 felicius
794 740 848 783 est
875 773 886 792 ,
920 752 1038 795 atque
1078 739 1274 795 tranquil-

236 800 315 844 lius
340 801 380 843 in
402 801 498 842 orbe
523 811 720 842 terrarum
738 831 749 851 ,
765 799 832 854 qui
854 797 996 841 divino
1016 799 1186 841 numine
1208 796 1280 839 hos

236 857 375 901 evolat
397 857 585 913 laqueos,
619 856 698 911 ipsa
733 872 779 899 ue
807 871 905 899 voce
936 855 1116 900 veritatis
1140 871 1188 899 ex
1217 856 1277 898 in-

233 916 354 958 finita
378 915 606 957 errantium
650 927 714 956 tur
745 931 766 957 a
798 912 1059 957 detrahitur.
1095 914 1150 956 Iis
1184 929 1279 957 vero

232 972 342 1016 nihil
377 971 556 1026 profe&
583 971 792 1023 miserius,
832 971 939 1014 nihil
977 971 1274 1026 perturbatius,

235 1029 305 1087 qui
326 1030 389 1072 vel
418 1029 512 1071 falsa
534 1061 545 1079 ,
562 1028 625 1071 vel
654 1028 765 1071 nulla
794 1029 990 1085 religione
1012 1029 1188 1082 imbuti,
1210 1041 1279 1071 aut

235 1088 281 1131 in
317 1086 456 1130 fallaci
492 1085 760 1140 Philosophiae
795 1102 944 1142 genere
974 1087 1115 1130 versati
1144 1119 1155 1139 ,
1190 1103 1278 1142 par-

235 1145 313 1187 tim
339 1161 359 1187 a
384 1156 573 1196 corrupta
603 1143 831 1187 divinitatis
864 1144 1034 1187 notione
1065 1143 1149 1195 justi
1174 1176 1185 1196 ,
1219 1156 1276 1186 at-

235 1218 314 1258 que
341 1200 473 1252 injusti
497 1200 678 1253 regulam
705 1212 849 1254 petunt
868 1233 879 1253 ,
907 1201 1074 1244 caducas
1102 1201 1281 1243 affeetio-

233 1275 307 1303 nes
347 1261 436 1301 Deo
477 1257 757 1312 adplicantes,
800 1257 958 1313 ejusque
991 1257 1186 1308 justitiam
1229 1273 1276 1300 ex

231 1316 416 1360 humana
449 1315 535 1369 lege
556 1315 820 1366 definientes3
855 1315 1001 1368 partim
1033 1315 1095 1357 sua
1116 1313 1186 1355 fibi
1218 1314 1276 1356 vi-

231 1374 289 1417 tia
323 1389 393 1427 pro
419 1383 572 1413 naturae
603 1370 758 1423 legibus
796 1371 974 1423 habent,
1006 1370 1063 1413 fas
1091 1370 1277 1426 nefasque

231 1429 408 1487 propriis
434 1428 721 1482 cupiditatibus
741 1428 982 1472 aestimantes
1003 1461 1014 1482 ,
1034 1445 1080 1471 ac
1106 1429 1278 1482 bonum,

233 1488 280 1532 ὅτ,
301 1503 460 1543 aequum
487 1486 679 1529 humanis
709 1485 946 1530 libidinibus
971 1486 1246 1540 expendentes
1269 1518 1277 1527 .

235 1547 350 1600 Quos
372 1576 384 1597 ,
416 1542 566 1602 abies-‚la
588 1543 685 1587 duce
706 1544 945 1588 animorum
967 1543 1125 1586 ratione
1141 1560 1159 1596 5
1186 1559 1274 1599 quae

233 1600 490 1657 singulorum
511 1601 754 1655 cupiditates
777 1634 788 1656 ,
821 1602 908 1653 justi
938 1635 949 1656 ‚
983 1614 1102 1657 atque
1144 1600 1278 1653 injusti

237 1659 412 1703 notione
465 1658 698 1702 moderatur
732 1692 743 1713 ,
794 1660 952 1703 affiduis
1010 1671 1172 1714 oportet
1224 1658 1281 1709 ja-

235 1717 334 1762 83ῑί
368 1715 562 1759 molestiis
594 1748 605 1769 ,
649 1733 743 1759 cum
771 1749 782 1770 ,
833 1717 992 1761 exclusa
1027 1718 1239 1760 curatione
1268 1748 1279 1769 ‚

233 1775 477 1819 morborum
514 1774 691 1818 radicem
720 1775 776 1818 uti
801 1775 973 1831 propriae
1005 1786 1158 1817 naturae
1186 1789 1282 1830 por-

235 1833 396 1876 tionem
432 1830 721 1886 amplexentur
750 1863 758 1875 .
802 1835 941 1888 Atque
987 1831 1029 1875 hi
1061 1848 1160 1875 cum
1207 1847 1282 1875 nu-

234 1889 361 1934 minis
415 1889 656 1932 auetoritate
722 1891 897 1934 minime
960 1889 1226 1944 impellantur
1271 1921 1282 1941 ,

236 1947 401 1990 scientia
447 1947 704 2001 pertrahendi
738 1948 826 1991 sunt
865 1949 911 1991 ad
949 1947 1134 2003 primaevi
1183 1945 1282 1998 juris

235 2003 517 2058 cognitionem
550 2035 562 2057 ,
609 2005 650 2046 &
685 2004 934 2048 naturalibus
978 2004 1205 2046 rationibus
1236 2019 1283 2045 eo

238 2060 513 2115 perducendi:
558 2072 601 2102 ut
633 2076 720 2115 quae
772 2063 876 2104 ratio
907 2077 974 2104 eos
1018 2060 1187 2103 verterit
1236 2059 1308 2103 adi

238 2116 468 2169 justitiam,
500 2117 639 2160 eadem
672 2119 899 2172 expeditius
947 2117 1097 2162 deferat
1143 2118 1191 2159 ad
1225 2132 1283 2160 re-

244 2174 483 2229 ligionem:
532 2174 557 2216 si
593 2174 709 2217 semel
757 2176 994 2220 imbiberint
1027 2209 1039 2230 ,
1091 2175 1195 2218 nihil
1230 2174 1285 2217 es-

241 2232 277 2275 se
321 2231 431 2274 aliud
480 2230 539 2281 jus
586 2233 769 2276 naturale
808 2267 820 2287 ,
863 2249 985 2289 quam
1046 2233 1283 2276 adumbrata

239 2289 421 2346 quaedam
475 2290 516 2331 in
567 2288 804 2334 hominibus
851 2291 999 2334 divinae
1058 2290 1284 2334 lineamen-

243 2360 284 2390 ta
318 2347 417 2401 legis
442 2378 453 2399 ,
496 2346 564 2388 etsi
610 2363 691 2390 non
729 2348 947 2403 perfe&atn
975 2379 988 2402 3
1032 2361 1072 2390 at
1116 2348 1284 2390 inchoa-

245 2417 329 2446 tam
369 2416 540 2457 tamen,
582 2405 846 2461 affefflamque
890 2408 939 2449 ab
981 2406 1152 2459 ipsomet
1195 2405 1282 2447 ani-

246 2477 410 2503 morum
443 2461 608 2503 exordio
658 2462 898 2517 religionem
932 2495 942 2505 .
987 2465 1082 2516 Quo
1126 2461 1287 2514 longius

244 2520 294 2561 ab
325 2533 467 2560 eorum
507 2517 704 2572 opinione
744 2520 993 2572 recedimus,
1033 2518 1100 2575 qui
1140 2534 1188 2561 ex
1223 2518 1285 2560 in-

247 2575 459 2618 stitutione
496 2575 826 2619 Christianorum
872 2577 1049 2621 studium
1085 2574 1242 2630 pellunt
1274 2607 1285 2628 ,

246 2632 548 2688 excluduntque
598 2635 766 2677 moralis
803 2633 1073 2688 Philosophiae
1109 2666 1121 2687 ,
1175 2632 1279 2675 velu-

245 2690 277 2733 ti
313 2690 601 2744 supervacuum
636 2723 648 2743 ,
691 2692 732 2735 ἃ
779 2691 996 2746 profanum
1031 2723 1042 2744 ,
1088 2707 1132 2733 ac
1165 2689 1269 2732 mini

244 2763 311 2791 me
343 2748 513 2802 dignum
541 2780 553 2802 ,
584 2749 689 2804 quod
715 2749 758 2792 in
793 2749 868 2793 hac
901 2761 1192 2804 praeceptorum
1228 2748 1282 2789 di-

244 2804 416 2847 vinitate
467 2805 500 2848 se
533 2806 673 2850 offerat
701 2840 711 2849 .
755 2807 875 2861 Quasi
909 2806 1063 2863 aliquid
1097 2804 1284 2861 religioni

246 2860 482 2904 detrahatur
518 2894 530 2914 ‚
573 2863 599 2906 si
635 2863 895 2916 Philosophia
949 2864 1075 2908 etiam
1117 2863 1285 2906 eandem

250 2916 299 2980 3ιά
329 2919 489 2960 causam
520 2920 735 2964 advocetur
757 2954 765 2964 .
799 2924 861 2964 Ut
893 2922 1007 2965 enim
1052 2938 1097 2964 ea
1135 2920 1286 2975 sapien-

250 2986 316 3014 tiae
347 2974 501 3017 decreta
535 2997 558 3028 ,·
580 2993 667 3032 quae
700 2980 853 3022 nostros
890 2980 1090 3023 excedunt
1124 2978 1252 3020 sensus
1275 3010 1283 3023 ,

202 3039 205 3042 ’
247 3030 299 3073 ab
370 3030 631 3076 auetoritate
681 3035 803 3078 solius
859 3036 1074 3092 religionis
1123 3035 1281 3078 arcella-

248 3102 340 3130 mus
362 3103 405 3150 ,τ’
460 3103 623 3151 morum
672 3104 813 3136 tamen
864 3090 1018 3148 regulas
1050 3125 1062 3146 ,
1112 3108 1284 3149 quarum

248 3155 433 3200 kogmtio
478 3156 604 3190 etiam
657 3147 849 3194 humanae
900 3150 1084 3196 facultati
1127 3162 1237 3207 patet
1271 3180 1307 3205 ,Α

1129 82 1972 139 TABULARUM.

2268 101 2288 138 1
2306 104 2375 154 09

1328 178 1398 205 cur
1414 162 1669 218 segregemus
1690 175 1711 202 a
1726 156 2044 202 consideratione
2066 169 2220 203 naturae
2235 192 2245 214 ,
2260 176 2364 216 quae,

1329 221 1489 263 semotis
1522 218 1723 262 erroribus
1754 214 2055 258 consuetudinis
2079 247 2091 268 ,
2127 217 2205 271 ipsa
2233 233 2302 272 per
2329 219 2362 263 se

1327 276 1457 320 tendit
1488 277 1533 319 ad
1559 275 1837 318 honestatem?
1872 271 2095 316 Attollitur
2125 273 2239 318 enim
2268 275 2364 319 reli..

1326 335 1450 391 gione
1478 333 1660 376 honestas
1683 333 1834 384 altiu33
1866 343 1906 373 at
1933 330 2109 374 minime
2135 329 2315 375 aufertur
2339 351 2363 378 a

1325 391 1540 445 conspeetu
1575 403 1763 433 naturae:
1797 404 1885 445 quae
1923 386 2260 442 philosophorum
2295 391 2364 433 ad-

1323 449 1406 501 juta
1429 448 1593 500 studiis,
1623 446 1786 501 expedit
1817 446 1935 488 nobis
1971 445 2077 488 iter:
2111 445 2167 488 ita
2201 459 2247 489 ut
2273 462 2366 501 pro-s

1325 506 1432 560 prius
1460 503 1713 560 ''adspiremus
1751 504 1797 547 ad
1828 502 2095 547 christianam
2130 503 2327 548 virtutem
2353 536 2366 559 ,

1325 564 1349 608 si
1373 563 1625 608 naturalibus
1648 562 1776 606 etiam
1805 561 2031 605 rationibus
2044 560 2274 605 enitamur.
2301 565 2366 606 Ac

1329 622 1442 666 sicuti
1471 622 1661 666 homines
1682 619 1804 675 longe
1831 620 1877 662 de
1900 635 1940 662 re
1961 619 2176 662 communi
2197 636 2369 676 genero-

1330 681 1426 734 sius,
1447 696 1570 736 quarn
1591 680 1636 722 de
1655 678 1824 722 alterius
1840 677 2122 721 dominatione
2142 677 2369 733 decertant3

1328 739 1422 795 quia
1454 737 1697 794 intelligunt
1728 735 1925 780 inclusam
1950 735 2023 779 esse
2058 735 2103 778 in
2133 736 2274 791 patriae
2308 736 2367 778 sa-

1331 796 1411 840 lute
1432 795 1687 849 libertatem3
1711 794 1768 838 ita
1794 793 1928 837 multo
1942 792 2119 837 alacrius
2136 807 2278 837 contra
2303 793 2367 836 vi-

1329 855 1383 897 tia
1405 871 1476 909 pro
1501 855 1650 898 virtute
1671 851 1945 909 pugnaverint
1969 883 1980 903 ‚
2016 851 2041 893 fi
2062 867 2083 894 a
2106 849 2370 906 Philosophia

1327 911 1567 966 didicerint,
1589 912 1694 956 nihil
1721 911 1829 955 aliud
1855 910 1928 953 esse
1952 909 2120 952 virtutes
2137 941 2149 962 ,
2175 908 2247 952 nisi
2274 924 2368 964 pro*

1328 970 1561 1013 duffionem
1580 1002 1592 1023 ,
1618 971 1813 1026 usumque
1839 967 2008 1023 propriae
2028 966 2199 1010 rationis
2215 998 2227 1016 ,
2248 978 2370 1023 atque

1329 1028 1518 1071 humanae
1543 1028 1796 1072 incrementa
1822 1040 2000 1069 naturae.
2027 1026 2219 1068 Praeterea
2250 1024 2370 1080 spon-

1328 1099 1366 1128 te
1392 1085 1565 1140 suscepta
1594 1086 1784 1130 libentius
1807 1117 1817 1139 ,
1845 1099 1967 1140 quam
1996 1083 2196 1137 imperata
2217 1097 2370 1138 gerun-

1329 1156 1413 1185 tur:
1442 1159 1536 1186 cum
1564 1143 1763 1188 libertatis
1782 1159 1829 1186 ex
1856 1141 1963 1193 illis,
1997 1156 2046 1182 ex
2078 1139 2138 1183 his
2170 1155 2264 1182 vero
2292 1138 2371 1182 ser-

1328 1199 1472 1242 vitutis
1497 1200 1652 1243 oriatur
1671 1201 1838 1255 opiniO.
1861 1200 1940 1241 Pro
1963 1198 2093 1240 libero
2118 1211 2257 1240 autern
2283 1196 2370 1252 agit

1326 1256 1505 1310 quisquis
1533 1258 1683 1300 rationi
1710 1268 1846 1312 paret:
1878 1256 1920 1298 δε
1947 1270 2018 1309 pro
2046 1255 2155 1297 servo
2190 1253 2373 1309 quisquis-

1326 1313 1581 1367 obtemperat
1612 1313 1841 1358 auctoritati
1869 1344 1877 1353 .
1905 1310 2094 1355 Percellit
2130 1311 2246 1353 enim
2277 1322 2370 1352 tan-

1327 1386 1449 1424 quam
1477 1385 1557 1414 vox
1586 1371 1835 1426 Imperantis
1860 1401 1871 1423 ,
1906 1367 2140 1422 animosque
2168 1366 2260 1409 fistit
2297 1381 2373 1409 au·

1326 1427 1491 1470 &oritas
1517 1443 1529 1481 3
1560 1441 1603 1471 at
1632 1429 1736 1472 ratio
1769 1426 1939 1482 ingressa
1966 1436 2124 1468 mentes
2144 1455 2155 1476 ,
2187 1423 2228 1466 &
2261 1423 2371 1467 inte-

1328 1485 1408 1527 rius
1443 1484 1593 1528 leniter
1625 1487 1828 1538 illabens,
1863 1483 1988 1528 fleE'tit
2026 1480 2242 1537 paullatim
2284 1480 2372 1524 sen·

1333 1543 1391 1585 sus
1423 1559 1432 1582 :
1468 1543 1671 1600 vertitque
1705 1542 1878 1595 jucunde
1911 1540 2178 1584 voluntates:
2214 1550 2257 1582 ut
2289 1554 2374 1594 quo

1331 1600 1466 1655 plures
1510 1601 1551 1643 in
1585 1601 1783 1645 comitatu
1825 1600 1891 1643 suo
1937 1598 2112 1642 rationes
2158 1595 2370 1640 adduxerit

1328 1657 1545 1701 au&oritas
1572 1676 1582 1712 3
1626 1675 1674 1702 eo
1718 1658 1878 1714 longius
1927 1657 1979 1699 ab
2024 1654 2136 1698 illius
2179 1653 2370 1696 domina-

1329 1729 1375 1758 tu
1408 1715 1590 1760 videatur
1627 1716 1752 1760 abesse
1787 1714 1982 1759 violentia
2005 1745 2014 1755 .
2047 1711 2238 1754 Tandem
2271 1709 2369 1767 quid·

1329 1772 1605 1829 importunius
1638 1807 1649 1827 ,
1701 1774 1864 1818 obsecro
1894 1804 1906 1826 ‚
1950 1786 2074 1827 quam
2119 1781 2260 1812 euntes
2303 1767 2367 1810 ul-

1329 1843 1391 1873 tro
1424 1831 1546 1875 malle
1579 1831 1783 1875 machinis
1817 1829 1959 1875 tollere
1983 1860 1994 1882 ,
2027 1844 2072 1871 ac
2105 1827 2253 1881 raptim
2296 1824 2368 1867 ab·

1331 1888 1502 1932 strahere
1536 1902 1720 1934 tenentes
1759 1888 1873 1931 viam
1903 1891 1916 1931 ?
1950 1901 2050 1942 quos
2085 1883 2237 1939 alioqui
2274 1898 2367 1937 pro-

1332 1959 1419 2001 pter
1458 1947 1684 1990 christianae
1722 1946 1885 2001 pietatis
1933 1960 2030 1988 cum
2073 1940 2250 1985 naturali
2293 1939 2370 2004 ho-

1333 2003 1489 2046 nestate
1531 2003 1867 2047 convenientiam
1913 2002 2005 2044 satis
2046 1999 2189 2061 religio
2221 1998 2370 2041 incita-

1333 2073 1468 2113 verit,
1515 2060 1671 2103 sublato
1716 2060 1829 2116 signo
1870 2091 1882 2112 ,
1936 2074 2016 2114 quo
2057 2056 2177 2098 fuerit
2229 2055 2371 2097 inten-

1305 2106 1309 2174 Ι
1332 2117 1507 2159 dendum
1532 2150 1540 2159 .
1575 2119 1721 2173 Neque
1757 2132 1821 2159 me
1847 2115 2058 2172 quisquam
2086 2125 2270 2155 veterum
2297 2111 2369 2153 Pa·

1335 2187 1441 2217 trum
1479 2175 1643 2217 vocibus
1690 2173 1942 2217 absterruerit
1979 2188 1988 2213 ε
2034 2179 2206 2229 quorum
2263 2180 2369 2232 cete-

1334 2232 1448 2289 roqui
1504 2232 1789 2275 minoritatem
1820 2263 1832 2284 ,
1889 2247 1934 2274 ac
1979 2243 2131 2271 numen
2178 2240 2376 2269 'maxlme

1336 2307 1405 2345 pro
1428 2306 1475 2332 eo
1506 2307 1551 2332 ac
1570 2291 1718 2342 debeo,
1741 2305 1880 2333 vereor
1902 2300 2220 2343 ,„venerorque.
2256 2285 2372 2326 Nam

1337 2348 1359 2390 si
1404 2347 1623 2402 aliquando
1672 2348 1886 2390 videantur
1942 2343 2004 2388 illi
2057 2356 2197 2387 contra
2246 2340 2370 2384 studia

1337 2404 1670 2459 philosophorum
1733 2404 2035 2454 exardesc'ere3
2087 2416 2170 2442 non
2224 2411 2369 2460 tamen

1336 2462 1560 2503 doetrinam
1604 2461 1844 2504 adoriuntur
1887 2459 2116 2502 universam
2143 2488 2154 2509 ,
2208 2455 2267 2497 sed
2311 2454 2368 2496 il-

1338 2520 1412 2560 lius
1445 2534 1577 2561 mores
1611 2518 1740 2560 aetatis
1767 2550 1779 2570 ,
1831 2519 1872 2560 in
1905 2532 1982 2571 qua
2029 2512 2256 2567 philosophi
2303 2509 2368 2555 vel

1339 2575 1431 2617 falsa
1465 2591 1559 2618 cum
1593 2591 1687 2617 vera
1725 2574 1922 2627 religione
1956 2583 2242 2623 commutata,
2275 2585 2369 2624 pro-

1339 2645 1424 2686 pter
1468 2647 1646 2675 veterem
1700 2645 1838 2675 tamen
1891 2629 2224 2674 consuetudinem
2272 2626 2370 2669 adeo

1340 2689 1482 2743 primis
1528 2689 1611 2732 illis
1665 2690 1950 2744 repetebantur
1984 2718 1998 2739 ,
2047 2699 2166 2742 atque
2212 2700 2371 2726 revoca.

1339 2750 1484 2789 bantur
1525 2747 1662 2791 studiis
1696 2780 1708 2800 ,
1751 2761 1798 2790 ut
1849 2744 2067 2800 aliquando
2119 2742 2373 2786 auferrentur

1339 2805 1503 2860 longius
1531 2821 1542 2858 3
1578 2805 1644 2848 ves
1673 2804 1839 2847 -semotis
1883 2821 1904 2845 a
1938 2818 2074 2845 rerum
2115 2799 2373 2856 gubernatio-

1340 2878 1387 2904 ne
1426 2876 1546 2918 atque
1585 2879 1679 2906 cura
1717 2861 1956 2904 numinibus
1993 2892 2006 2913 ,
2061 2874 2227 2901 morum
2269 2856 2373 2910 regi-

1339 2935 1433 2962 men
1458 2951 1471 2971 ,
1504 2925 1714 2976 artemque
1739 2920 1831 2961 vitae
1857 2933 1939 2960 non
1974 2919 2023 2959 ab
2047 2916 2283 2959 aueloritate
2315 2913 2375 2955 cii-

1339 2978 1432 3018 vina
1459 2993 1470 3030 3
1504 2977 1563 3020 sed
1601 2979 1649 3019 ab
1675 2977 1854 3018 humana
1891 2986 2051 3016 tantum
2091 2973 2245 3014 ratione
2271 3003 2282 3024 ‚
2315 2983 2377 3034 at:

1337 3049 1412 3087 que
1444 3050 1466 3076 a
1500 3034 1755 3089 philosophia
1785 3033 1987 3075 ducebant
2022 3062 2033 3072 .
2073 3031 2272 3085 Ceterum
2303 3042 2377 3088 qm
2414 3060 2419 3065 .

1336 3091 1485 3134 divinis
1514 3091 1725 3146 praeceptis
1746 3090 1949 3135 naturales
1973 3088 2150 3130 rationes
2181 3081 2376 3128 intexuis-

1335 3148 1418 3204 set‚
1450 3165 1496 3194 ac
1519 3148 1725 3195 moralem
1751 3144 2093 3204 philosophorum
2119 3142 2375 3193 dominam

2234 3211 2385 3253 expuru
