2596 3479
289 109 450 223 ait-‚que
477 156 726 209 adulterium
749 191 760 215 ‚
792 157 1098 210 committitur3
1130 154 1237 213 quod
1263 155 1332 198 Se-

295 222 441 269 verum
494 223 538 266 δε
581 221 850 266 Antoninum
890 214 1116 271 rescripsisse
1142 244 1156 266 ,
1208 212 1330 256 tradit

290 283 500 340 Ulpianus
521 311 533 332 ‚
570 282 656 333 (a)
688 277 757 320 etsi
785 273 905 318 hodie
931 285 1096 329 propter
1125 270 1329 314 Constan-

286 341 363 384 tini
397 337 737 384 constitutionem
772 363 786 386 ‚
829 346 918 387 quae
959 329 1099 374 mariti
1125 341 1289 372 tantum
1315 358 1329 382 ‚

286 414 334 442 ac
362 396 536 452 genialis
566 393 673 436 thori
705 388 901 434 meminit
922 420 934 439 ,
965 388 1057 440 (b)
1090 398 1212 442 neget
1239 386 1324 428 Cu-

287 454 414 508 jacius
436 486 447 507 ‚
479 450 653 496 accusari
682 447 784 504 posse
810 446 993 502 sponsam
1025 443 1103 488 sive
1127 444 1212 495 jure
1239 459 1327 486 ma-

288 513 358 557 riti
389 543 401 566 ‚
434 511 510 554 sive
534 506 751 552 extranei.
783 507 863 557 (c)
897 507 946 546 ln
973 503 1202 547 concubina
1229 516 1326 543 vero

289 585 374 613 non
404 569 518 611 heret
549 563 740 609 adulterii
773 562 928 606 crimen
956 576 966 602 ε
1018 560 1105 610 (d)
1135 558 1229 615 quia
1261 571 1324 600 ut-

289 640 447 681 cunque
470 623 703 667 concubina
735 635 907 664 uxorem
935 617 1154 669 imitetur3
1187 627 1325 657 tamen

289 698 385 727 cum
418 679 644 736 voluptatis
672 691 825 721 nomen
851 676 898 720 fit
923 675 1056 731 potius
1076 705 1087 726 ‚
1107 688 1232 730 quam
1253 672 1322 714 ho·

287 740 449 782 nestatis
475 770 487 790 ‚
521 737 700 781 minime
723 734 848 791 digna
871 734 925 777 est
950 764 962 785 ,
1005 746 1094 787 quae
1119 747 1141 774 a
1169 729 1326 785 legibus

287 797 510 842 honestatis
537 794 765 838 vindicibus
791 789 1054 845 respiciatur:
1107 786 1181 831 nisi
1215 790 1249 830 se
1283 786 1324 828 in

286 854 609 898 concubinatum
644 848 916 906 permittendo
947 858 1147 889 matronae
1172 859 1324 887 nomen

287 911 541 956 retinuerit:
577 909 707 965 qualis
739 905 968 950 concubina
1001 901 1164 958 patroni
1194 933 1206 955 ‚
1238 916 1325 956 quae

288 968 374 1022 iure
406 983 490 1011 non
523 967 601 1009 viri
632 998 643 1020 ‚
688 964 746 1007 sed
790 962 975 1006 extranei
1009 961 1134 1015 potest
1166 958 1325 1001 accusa-

287 1027 322 1070 ri
349 1059 357 1068 .
390 1027 449 1076 (e)
479 1025 635 1068 Eadem
669 1022 825 1065 ratione
852 1035 945 1062 cum
971 1017 1133 1061 ancillis
1160 1015 1323 1059 nullum

287 1085 306 1135 (
339 1083 532 1139 siquidem
562 1082 608 1124 de
642 1079 723 1131 jure
747 1077 864 1122 civili
890 1076 1105 1132 loquamur
1137 1074 1154 1125 )
1199 1072 1321 1116 intel-

290 1140 432 1194 ligitur
469 1139 715 1183 adulterium
751 1168 765 1189 ,
815 1134 910 1191 quia
935 1149 984 1176 eo
1014 1132 1099 1184 jure
1125 1129 1324 1175 connubii

290 1198 383 1241 sunt
413 1209 597 1253 expertes
623 1213 632 1236 :
666 1195 771 1238 unde
798 1193 826 1236 fi
852 1191 1077 1244 vitientur,
1107 1189 1324 1240 damnum,

288 1255 356 1297 vel
381 1248 541 1297 assion‘e
565 1254 611 1295 de
640 1253 753 1295 servo
782 1260 974 1302 corrupto
1003 1279 1016 1302 ,
1060 1246 1126 1291 vel
1153 1244 1325 1302 Aquilia

288 1311 374 1367 lege
399 1343 411 1365 ‚
442 1323 511 1355 aut
542 1310 786 1362 injuriarum
814 1307 1044 1349 vindicatur
1069 1336 1079 1348 .
1127 1302 1206 1356 (f)
1232 1303 1325 1346 Nec

287 1382 455 1412 tantum
488 1368 669 1411 austores
695 1364 813 1416 hujus
837 1362 983 1418 flagitii
1003 1393 1017 1417 ‚
1062 1360 1124 1405 sed
1150 1359 1326 1404 fautores

289 1440 448 1480 quoque
475 1426 552 1468 sive
577 1440 616 1467 re
641 1456 654 1478 ‚
687 1424 764 1466 five
795 1421 964 1467 consilio
992 1450 1004 1473 ‚
1045 1419 1127 1462 sive
1158 1433 1279 1474 opera
1311 1447 1324 1470 ,

287 1482 432 1525 eodem
463 1483 637 1526 crimine
668 1477 936 1536 implicantur
959 1508 969 1519 .
1002 1477 1088 1533 (g)
1112 1475 1325 1530 Quamob-

292 1553 380 1581 rem
434 1540 478 1583 δε
530 1539 700 1583 maritus
732 1569 744 1590 ‚
789 1536 858 1593 qui
903 1535 1029 1579 sciens
1073 1537 1246 1588 prudens
1277 1531 1324 1576 de

289 1595 427 1642 uxoris
448 1597 655 1640 ¹adulterio
686 1595 848 1638 lucrum
873 1592 1026 1648 ceperit
1045 1622 1058 1645 ‚
1089 1590 1239 1646 quique
1259 1588 1324 1632 de-

291 1652 531 1707 prehensam
562 1652 775 1697 retinuerit
799 1684 812 1705 ,
845 1648 1041 1695 lenocinii
1063 1662 1203 1703 poenas
1223 1662 1325 1702 pen·

291 1710 356 1772 det
386 1709 428 1751 ἅ
461 1724 582 1764 poena
612 1709 784 1754 adulteri
816 1708 892 1752 hac
923 1706 1012 1764 lege
1044 1705 1324 1757 damnabitur3

289 1765 365 1809 nisi
398 1767 534 1809 uxoris
567 1766 779 1811 libidinem
812 1799 825 1822 ‚
877 1780 962 1809 non
993 1777 1079 1807 tam
1111 1761 1280 1806 consilio
1311 1792 1323 1814 ‚

290 1839 414 1888 quarn
447 1824 565 1885 taedio
596 1823 840 1876 judiciorum
872 1839 917 1866 ac
948 1820 1201 1878 negligentia
1233 1835 1325 1874 pro-

292 1882 369 1935 prii
414 1881 576 1935 pudoris
606 1881 783 1924 inultam
813 1880 1023 1936 reliquerit
1061 1894 1074 1932 3
1123 1878 1208 1930 (h)
1241 1892 1324 1918 non

291 1951 432 1981 tamen
464 1937 628 1993 effugiet
659 1953 825 1993 poenam
846 1970 858 1992 ‚
891 1938 917 1980 si
948 1938 1188 1980 damnatam
1212 1933 1324 1976 adul-

291 1995 384 2039 terii
408 2027 419 2048 ‚
451 1995 515 2038 vel
549 2009 709 2050 propter
740 1996 897 2039 crimen
929 1994 1007 2038 hoc
1026 1993 1234 2049 expulsam
1256 1991 1324 2033 do-

293 2068 409 2095 mum
445 2053 606 2095 reducat
633 2083 642 2093 .
675 2054 748 2103 (i)
779 2052 958 2107 Superest
989 2066 1100 2095 nunc
1131 2051 1177 2093 de
1211 2048 1325 2092 adul·

293 2110 384 2152 terii
416 2108 670 2171 accusatione
701 2109 985 2163 disputandum
1011 2141 1020 2151 .
1054 2108 1168 2151 Cum
1201 2106 1326 2161 igitur

292 2167 370 2210 hoc
403 2166 616 2223 publicum
646 2165 741 2210 esset
767 2165 991 2218 judicium,
1024 2164 1235 2210 accusandi
1265 2163 1324 2206 fa-

295 2225 425 2269 cultas
456 2223 649 2266 omnibus
685 2223 852 2265 dabatur
877 2256 884 2264 .
933 2223 1114 2267 Maritus
1142 2222 1256 2266 enim
1281 2221 1325 2264 &

292 2294 406 2337 pater
431 2280 621 2332 injuriam
649 2282 854 2335 propriam
876 2295 890 2333 3
914 2280 1100 2324 extranei
1125 2296 1222 2324 vero
1251 2295 1323 2334 pu-

295 2338 446 2382 blicam
484 2337 665 2381 civitatis
691 2337 825 2380 labem
851 2337 1142 2381 ulciscebantur
1174 2353 1187 2391 3
1235 2348 1324 2379 tan-

293 2407 385 2440 tum
419 2411 516 2441 vero
556 2395 747 2440 mulieres
780 2395 830 2439 ab
868 2394 1118 2440 accusatione
1157 2393 1325 2450 repelle-

298 2527 1183 2546 —————-——·—--—————-—q
1200 2527 1322 2539 --

339 2605 393 2644 (a
407 2603 427 2642 3
453 2601 530 2644 L.fi
546 2613 634 2635 uxor.
657 2611 706 2639 13.
742 2602 767 2640 ξ.
786 2599 873 2629 Diri
887 2597 920 2636 ἶῖ
943 2598 983 2628 :A
997 2600 1148 2640 leg-Jul-
1164 2598 1202 2630 de
1216 2597 1320 2629 adrat.

340 2647 399 2689 (by
425 2651 463 2680 L.
481 2658 532 2685 30.
549 2650 583 2678 C.
600 2648 641 2679 ad
656 2646 803 2687 leg.Ju!.
823 2645 858 2675 :ie
877 2644 982 2676 adm.

339 2697 357 2733 (
373 2704 387 2724 c
404 2693 410 2725 ‚i
440 2692 605 2732 observat
622 2695 652 2722 6.
668 2699 734 2732 cap.
757 2692 803 2721 16.

340 2737 428 2778 (d)
457 2740 494 2768 L.
516 2747 538 2766 1.
562 2739 590 2780 ᾗ.
613 2747 636 2767 1.
652 2735 688 2779 fl]
706 2737 742 2768 de
757 2732 943 2767 consubr‘nt'x
957 2756 964 2764 .

340 2785 392 2822 (el
418 2785 453 2814 L.
468 2781 494 2821 si
508 2793 591 2812 uxor.
610 2777 707 2824 ffnd
721 2783 781 2820 leg.
797 2781 874 2820 sut.
891 2780 928 2811 de
946 2779 1055 2811 adult.

340 2827 420 2869 (f)
446 2829 484 2858 L.
503 2831 534 2857 6.
564 2827 599 2857 in
615 2826 715 2866 princ.
731 2823 768 2867 ff.
785 2826 827 2855 αεὶ
840 2826 901 2865 leg.
914 2827 991 2865 μῙιέῖ.
1012 2825 1049 2856 de
1064 2823 1169 2855 adult.
1190 2824 1254 2864 leg.
1273 2829 1326 2859 23.

294 2871 333 2907 ὼ·
355 2883 410 2911 24.
435 2873 469 2903 C.
490 2871 555 2903 eod.
573 2873 634 2913 leg.
651 2869 678 2910 si
692 2868 834 2909 stuprum
852 2867 1167 2911 23.ffii'ein7':17iis
1181 2889 1190 2898 .

340 2917 403 2961 (g)
429 2920 465 2950 L.
484 2916 539 2959 qui
553 2915 683 2948 domum
697 2912 734 2957 ff.
752 2915 792 2944 ad
805 2915 866 2954 leg.
878 2915 958 2954 sul.
974 2915 1010 2944 de
1026 2915 1131 2946 adult.

341 2966 360 3004 (
377 2962 419 3001 b)
451 2965 487 2994 L.
507 2971 537 2992 1.
555 2963 583 3004 §.
601 2970 630 2992 2.
647 2958 684 2991 (⁴7
701 2969 729 2998 3.
742 2957 781 3003 ff]
798 2959 839 2990 ad
853 2960 915 3000 leg·
929 2960 1005 3000 Jul.
1021 2959 1058 2990 de
1073 2959 1177 2990 adult.
1191 2958 1213 2991 Ι.
1231 2956 1329 2988 mari-

295 3008 327 3043 ti
344 3011 371 3052 §.
388 3019 420 3047 4.
431 3006 471 3052 ff·
485 3006 550 3038 eod.

344 3058 363 3094 ε
377 3055 389 3084 ι’
403 3050 559 3140 3Ηςῖυὶέσ.
575 3051 610 3084 in
625 3059 727 3084 enarr.
745 3051 780 3081 C.
804 3048 847 3082 ad
857 3049 1008 3091 leg-Jul-
1039 3048 1076 3081 de
1091 3048 1179 3081 adul.
1195 3049 1258 3089 leg.
1281 3056 1329 3078 11.

295 3100 324 3141 §-
342 3101 405 3132 ule.
452 3108 505 3128 ,εο
532 3120 540 3128 .

343 3144 401 3189 (k)
427 3141 582 3181 Athanas-
600 3153 653 3186 qu.
673 3153 725 3186 94·
748 3141 791 3179 ad
806 3140 957 3177 Aneiocb.
985 3138 1135 3177 Laetam.
1153 3139 1259 3175 divin.
1277 3141 1333 3172 ln-

1347 159 1361 734 l

1341 739 1354 1194 f

1345 2000 1361 2746 l

1348 2759 1400 3206 l

900 83 1088 139 ‚DE
1168 77 1774 154 LEGIBUS,

1381 153 1530 199 bantur
1551 188 1581 220 ·‚
1625 157 1784 202 etiamsi
1820 155 2029 216 propriam
2059 156 2252 212 injuriam
2283 159 2428 207 adver-

1380 209 1440 255 sus
1467 228 1683 271 coniugem
1707 216 2008 271 expostularent
2035 248 2046 260 .
2095 218 2216 274 Quod
2246 220 2312 262 SS.
2349 220 2425 263 Pa-

1379 280 1491 332 trum
1523 271 1702 327 pluribus
1728 275 1939 319 videbatur
1962 275 2179 318 absurdum
2204 305 2213 317 .
2244 277 2313 328 (k)
2342 279 2422 320 At-

1378 341 1448 389 q'ui
1482 329 1571 383 plus
1601 331 1700 374 mali
1732 332 1866 376 oritur
1901 333 1991 376 viro
2017 349 2065 375 ex
2092 332 2292 375 adulterio
2319 349 2422 378 uxo-

1379 399 1431 445 ns
1471 415 1483 438 ‚
1537 402 1663 452 quarn
1696 389 1814 433 uxori
1845 406 1893 433 ex
1928 390 2127 433 adulterio
2161 389 2237 432 viri
2272 405 2285 443 3
2326 393 2420 446 quia

1378 440 1482 484 illud
1523 460 1737 507 proprium
1783 447 1950 491 thorum
1995 446 2271 490 commaculat
2310 478 2323 501 ,
2375 447 2419 491 δι

1374 499 1554 544 obtrudit
1577 504 1726 546 marito
1751 504 1910 560 prolem
1941 518 2208 558 extraneam;
2243 503 2320 547 hoc
2344 519 2416 548 ve-

1377 571 1419 599 ro
1447 556 1611 602 thorum
1640 559 1787 615 polluit
1812 562 1995 605 alienum
2029 579 2038 603 :
2095 563 2185 605 ideo
2222 576 2306 604 non
2336 561 2420 604 mi·
2447 590 2455 595 «

1376 629 1502 678 sum)
1533 617 1559 660 fi
1589 616 1676 672 plus
1701 618 1789 661 viro
1813 620 1856 662 in
1883 635 2053 662 uxorem
2080 650 2092 672 ‚
2140 634 2266 674 quam
2292 617 2412 662 uxori

1375 686 1420 733 tn
1446 686 1580 717 virum
1608 676 1868 718 permittatur
1891 708 1900 718 .
1937 680 2078 731 ltaque
2108 691 2192 718 non
2221 677 2308 730 lege
2340 676 2414 726 Ju-

1376 727 1428 770 lia
1449 759 1476 793 ‚.
1494 729 1556 773 sed
1582 732 1741 775 actione
1772 732 2016 784 injuriarum
2046 732 2184 774 licebit
2210 731 2328 774 uxori
2354 732 2420 774 di-

1374 800 1555 848 vortium
1581 792 1714 845 petere
1737 791 1789 831 ob
1813 790 1947 832 laesam
1980 789 2101 831 fidem
2145 787 2255 831 thori
2276 787 2421 839 coniu-

1373 843 1474 906 galis
1499 863 1509 888 ε
1560 846 1622 888 vel
1653 846 1801 889 marito
1828 846 1894 889 sibi
1921 846 2167 889 adulterium
2194 844 2411 895 obiicienti

1375 903 1519 963 reierre
1545 903 1801 946 lenocinium
1829 935 1842 957 ,
1893 919 1975 946 non
2002 919 2082 959 qu.)
2107 903 2194 958 lege
2219 902 2328 954 Julia
2353 902 2413 946 ita

1374 957 1564 1022 liberetur
1596 976 1608 1014 3
1643 960 1702 1003 sed
1728 975 1808 1015 quo
1836 960 1922 1003 suus
1949 960 2064 1003 dolor
2086 959 2182 1011 justa
2215 959 2374 1002 ultione
2395 990 2410 1012 ,

1373 1029 1599 1073 meritaque
1637 1033 1752 1072 paena
1776 1018 1914 1061 mariti
1939 1033 2104 1074 quoquo
2132 1017 2253 1060 molo
2286 1016 2417 1059 lenia-

1372 1085 1439 1135 tur
1459 1105 1468 1115 .
1501 1077 1554 1127 (l)
1584 1075 1717 1138 igitur
1742 1074 1806 1117 vir
1828 1075 2128 1119 accusationem
2164 1074 2378 1116 instituens
2397 1104 2412 1127 ‚

1373 1145 1481 1185 prius
1506 1146 1668 1187 cogitur
1692 1148 1864 1177 uxorem
1890 1133 2099 1176 dimittere
2115 1163 2128 1184 ,
2160 1147 2281 1187 quam
2304 1146 2415 1184 eam,

1371 1200 1443 1231 aut
1471 1189 1704 1252 adulterum
1729 1191 1886 1234 accuset
1906 1222 1916 1232 .
1947 1193 1964 1242 (
1988 1192 2059 1241 νη)
2084 1188 2159 1232 Sed
2189 1188 2215 1231 fi
2245 1188 2327 1244 post
2350 1188 2412 1230 ‹li-

1371 1259 1556 1290 vortium
1581 1247 1652 1291 alii
1678 1247 1855 1303 nupserit
1877 1279 1888 1301 ,
1933 1247 2042 1303 prius
2080 1261 2194 1290 reum
2221 1259 2415 1301 peragere

1371 1303 1488 1348 debet
1510 1304 1740 1349 adulterum
1762 1336 1775 1358 ,
1808 1320 1931 1356 quam
1960 1305 1994 1348 se
2022 1315 2153 1348 vertat
2184 1303 2232 1346 ad
2265 1302 2416 1346 mulie-

1374 1377 1460 1426 rem
1491 1393 1503 1414 ‚
1554 1362 1628 1406 nisi
1658 1362 1696 1407 ei
1730 1361 1896 1407 mulieri
1928 1375 2023 1406 ante
2055 1362 2218 1418 nuptias
2249 1361 2412 1404 crimen

1373 1420 1637 1472 intenderit3
1670 1432 1738 1463 aut
1770 1436 1820 1462 ne
1851 1421 2020 1462 nuberet
2046 1451 2058 1471 ‚
2091 1434 2254 1474 quoquo
2288 1416 2414 1460 modo

1372 1476 1687 1521 denunciaverit
1712 1509 1722 1519 .
1755 1479 1820 1529 (n)
1853 1478 2000 1532 Neque
2032 1477 2147 1520 enim
2180 1475 2275 1517 licet
2301 1472 2417 1517 adul-

1372 1547 1506 1578 teram
1551 1532 1669 1578 fimul
1711 1533 1755 1576 δί
1796 1534 2024 1577 adulterum
2057 1532 2281 1584 a-:cusare3
2327 1531 2414 1582 (o)

1375 1593 1520 1647 peterit
1550 1607 1648 1634 vero
1682 1589 1800 1634 simul
1831 1606 1927 1634 cum
1961 1605 2027 1633 reo
2064 1590 2239 1633 accusari
2273 1589 2305 1630 is
2331 1619 2344 1642 ,
2391 1603 2416 1630 a

1373 1665 1454 1704 quo
1485 1648 1550 1692 vel
1583 1663 1705 1703 opera
1725 1679 1738 1701 ‚
1772 1647 1837 1692 vel
1866 1647 2037 1693 consilio
2066 1646 2190 1690 fuerit
2222 1644 2380 1696 adiutus
2399 1674 2415 1699 ‚

1374 1707 1452 1750 sive
1485 1719 1528 1750 ut
1559 1706 1874 1761 admitteretur,
1908 1706 1985 1749 sive
2019 1715 2063 1747 ut
2095 1705 2254 1748 crimen
2289 1717 2412 1758 pecu-

1375 1766 1443 1807 nia
1476 1764 1692 1807 redimeret
1718 1795 1727 1805 .
1775 1766 1842 1821 (p
1869 1765 1886 1815 )
1921 1764 2112 1807 Praeterea
2145 1762 2172 1805 fi
2204 1760 2294 1817 quis
2327 1773 2413 1802 non

1374 1821 1511 1865 fraude
1545 1821 1609 1864 sua
1633 1852 1647 1874 ‚
1691 1821 1752 1864 sed
1796 1821 2028 1876 reipublieae
2059 1819 2174 1864 causa
2206 1819 2287 1862 sine
2316 1816 2413 1860 dolo

1373 1878 1472 1922 absit
1497 1909 1510 1932 ,
1553 1879 1660 1922 inter
1702 1893 1789 1921 reos
1821 1879 1997 1922 minime
2032 1876 2170 1921 referri
2203 1874 2329 1930 potest
2359 1888 2412 1917 ex

1374 1937 1504 1992 capite
1538 1937 1642 1978 V11.
1670 1934 1795 1998 'legia
1822 1936 1939 1987 Juliae
1965 1967 1974 1977 .
2026 1936 2127 1990 (q)
2157 1933 2314 1976 Eadem
2347 1929 2414 1974 lex

1374 2006 1537 2050 propter
1568 2005 1699 2036 aetatis
1734 1995 1967 2046 lubricum,
1999 1992 2041 2034 ἃ
2075 1992 2286 2035 levitatem
2314 2003 2418 2031 con·

1374 2051 1448 2094 filii
1477 2083 1488 2104 ,
1523 2051 1750 2094 minoribus
1780 2052 1926 2095 XXV.
1958 2049 2080 2092 annis
2110 2046 2322 2091 interdixit
2348 2060 2417 2089 ac-

1372 2108 1534 2153 cusandi
1567 2106 1806 2152 facultatem
1832 2141 1845 2163 ‚
1877 2107 1952 2151 nisi
1983 2105 2091 2149 thori
2126 2106 2182 2150 sui
2213 2103 2417 2148 ulciscan-

1373 2181 1440 2211 tur
1473 2165 1667 2218 injuriam
1697 2199 1706 2210 .
1737 2167 1815 2221 [r]
1849 2165 2039 2209 Multum
2071 2179 2168 2208 vero
2199 2160 2364 2206 interest
2395 2190 2412 2214 ,

1373 2223 1553 2268 adultera
1604 2240 1655 2267 ne
1713 2240 1765 2267 an
1822 2223 1980 2267 adulter
2036 2222 2082 2265 sit
2122 2218 2368 2264 accusandus
2398 2231 2413 2258 τ

1371 2281 1530 2326 etenim
1558 2313 1570 2335 ‚
1598 2283 1808 2326 constante
1840 2280 2109 2324 matrimonio
2137 2308 2151 2331 ‚
2205 2291 2290 2318 non
2321 2274 2421 2316 licet

1374 2353 1570 2384 extraneo
1611 2339 1837 2382 adulteram
1878 2338 2061 2380 accusare
2095 2367 2108 2388 ,
2159 2333 2233 2376 nisi
2283 2329 2415 2374 mari-

1375 2411 1437 2442 tus
1462 2429 1474 2452 ,
1524 2395 1593 2453 qui
1623 2412 1715 2441 eam
1746 2395 1951 2439 dimittere
1985 2391 2210 2449 neglexerit
2237 2420 2250 2444 ,
2294 2386 2414 2452 leno-3

2312 2458 2414 2488 cinit

1832 2522 2409 2543 ρκ’-’-ᾤο-

1391 2529 1486 2543 σι·-

1605 2534 1711 2543 .---

1378 2593 1443 2627 [ἔίε.
1471 2600 1538 2645 rap.
1554 2595 1584 2624 6.
1613 2591 1820 2625 Nazianzen.
1848 2585 1999 2622 Ambros.
2028 2584 2068 2617 (³¹
2092 2584 2155 2617 atii
2177 2581 2266 2626 apud
2290 2576 2407 2616 cuiae-

1379 2641 1431 2721 ¹¹05
1447 2650 1554 2732 {¹5⁰}st
1567 2682 1594 2722 [ἰ
1609 2692 1682 2714 um
1704 2682 1731 2724 §.
1747 2675 1891 2723 judexff.
1908 2678 1949 2710 aii
1962 2676 2114 2719 leg-sul.
2132 2673 2174 2706 ὀρ
2184 2671 2289 2705 adult.
2305 2668 2409 2710 lega.

1378 2731 1408 2772 ᾗ.
1423 2730 1504 2812 (4:5⁶5
1522 2728 1702 2804 {ciiimew
1723 2775 1747 2803 C
1775 2771 1817 2802 ad
1829 2768 1981 2808 legffuh
1999 2766 2035 2796 de
2048 2764 2157 2796 adult.
2181 2763 2209 2804 §.
2227 2756 2370 2791 volenti.

1424 2820 1482 2859 (κ’)
1517 2819 1551 2872 Ξ,
1581 2818 1636 2858 qui
1652 2817 1748 2848 uxori
1766 2817 1811 2847 16.
1840 2814 1954 2854 &fitq-
1973 2809 2012 2855 ff·
2029 2810 2071 2842 ad
2086 2807 2235 2851 leg-sul.
2253 2804 2290 2837 do
2306 2802 2419 2835 adult·

1380 2867 1539 2973 '‘ghi-ii.
1561 2862 1665 2947 i03d§.
1694 2906 1760 2938 ute.
1781 2901 1821 2948 ff-
1847 2901 1889 2935 aa
1919 2901 1983 2942 leg.
2006 2900 2087 2941 Jul.
2114 2897 2152 2930 de
2183 2895 2289 2928 adult.
2311 2892 2324 2924 1
2351 2899 2424 2924 rous

1382 2960 1416 2989 c.
1432 2965 1499 3040 83
1521 3000 1556 3030 L.
1584 2996 1671 3029 nibil
1699 2990 1827 3033 interes!
1850 3001 1905 3031 32-
1931 2987 1972 3034 ff.
1998 2989 2040 3022 ad
2061 2989 2124 3030 leg.
2144 2987 2224 3029 Jul.
2251 2983 2290 3017 de
2313 2981 2426 3017 adun.

1405 3056 1477 3132 'gij
1494 3089 1513 3128 3
1540 3091 1579 3121 L.
1606 3095 1654 3124 ις.
1684 3087 1713 3128 §.
1731 3084 1811 3126 Iegis
1825 3081 1866 3127 ff.
1879 3081 1983 3113 eodem
1997 3102 2006 3110 .

1424 3136 1480 3179 (r)
1508 3138 1553 3169 D.
1571 3135 1595 3169 l·
1614 3142 1662 3173 ις.
1685 3133 1714 3176 §.
1734 3130 1868 3173 lchul.
1882 3125 1922 3172 ff.
1939 3126 1979 3161 ad
1992 3126 2014 3161 1.
2027 3124 2105 3168 Jul-
2124 3121 2162 3158 de
2175 3119 2282 3156 naute.
