2596 3479
245 54 353 105 330

251 130 293 154 iu
327 111 497 156 candem
533 112 804 157 sententiamt
839 128 985 167 nempe
1007 124 1049 156 ut
1071 128 1190 168 prena
1210 113 1279 158 fal-

253 169 281 212 fi
315 169 557 221 producatur
575 169 623 213 ad
643 186 735 224 eos,
768 171 836 226 qui
867 171 965 222 julsu
991 171 1186 215 testatoris
1210 172 1276 216 ali-

230 227 347 283 ·quid
374 226 471 280 sibi,
502 227 716 282 liberisue,
748 239 817 270 aut
839 227 963 271 servis
983 227 1057 271 suis
1070 229 1285 274 testamen-

251 297 295 328 to
330 284 638 342 adscripserint3
669 286 754 338 (a)
790 283 866 328 sive
905 301 974 340 per
1009 285 1069 339 se,
1104 287 1182 331 sive
1216 305 1285 344 per

250 342 412 388 servum
451 346 591 388 suurn:
627 358 720 386 curn
756 341 781 385 fi
805 341 868 385 sua
896 343 1035 398 sponte
1063 343 1206 395 injussu
1225 359 1279 390 te-

250 400 408 444 statoris
427 400 711 456 adscripsissent
731 431 744 452 ‚
774 399 927 444 direc‘to
954 401 996 444 in
1021 401 1154 456 legem
1181 405 1283 447 Cor-

248 458 405 503 neliam
426 459 669 511 inciderent,
689 474 735 501 ac
749 456 835 500 falsi
861 471 1098 502 tenerentur
1118 476 1167 504 ex
1194 462 1284 516 ipfis

250 516 385 560 verbis
414 517 512 573 legis
526 547 538 570 ‚
570 531 653 558 non
668 531 719 559 ex
739 516 779 558 S.
793 517 846 559 C.
865 532 946 572 quo
968 516 1034 560 lex
1053 519 1287 563 extenditur

248 573 378 617 etiam
416 575 463 616 ad
501 589 624 627 eum,
657 574 727 629 qui
765 589 849 617 non
873 573 998 628 falso,
1032 575 1092 618 sed
1117 575 1286 627 jubente

253 631 438 674 testatore
465 630 534 674 fibi
558 630 867 687 adscripserint,
898 631 981 685 [b]
1013 633 1117 676 unde
1148 635 1281 690 prohi-

254 690 369 731 betur
388 688 656 759 hereditatem
698 702 769 733 aut
799 689 981 744 legatum
996 693 1284 745 capere3ideo-

254 760 329 800 que
351 746 400 788 ab
419 745 502 798 ejus
528 747 696 802 persona
716 747 1046 800 transferuntur,
1079 748 1202 791 velad
1218 750 1291 794 he-

249 801 387 845 redem
414 820 507 847 cum
541 820 689 857 onere,
722 804 830 861 quod
862 803 1030 858 speciale
1061 805 1114 847 est
1149 807 1206 857 (c)
1237 825 1287 852 cx

249 859 328 902 hoc
361 861 474 904 S-C.
503 862 566 905 vel
600 862 648 904 ad
679 862 931 906 substitutum
954 893 967 915 ,
1010 861 1074 904 vel
1107 864 1153 905 ad
1190 866 1287 922 legi-

251 916 376 961 timos
410 918 673 971 successore53
704 936 796 962 cum
831 935 903 973 pro
937 933 1020 961 non
1043 918 1197 975 scriptis
1217 923 1287 966 ha-

255 974 451 1019 beantur.
486 978 630 1020 Praeter
663 976 768 1020 hanc
799 989 937 1020 autem
964 992 1130 1031 poenam
1156 978 1291 1035 super-

251 1032 308 1074 est
351 1033 476 1076 etiam
521 1034 782 1086 communis,
825 1049 914 1090 quae
954 1034 1089 1076 oritur
1116 1051 1167 1079 ex
1200 1039 1313 1095 Ιεῑςιτἲ

251 1088 452 1134 Cornelia
495 1091 543 1134 de
586 1092 719 1145 falsis3
751 1091 840 1145 [d]
871 1091 945 1134 nifi
988 1092 1156 1135 testator
1188 1096 1313 1140 illud‘

252 1147 508 1191 nominatim
561 1149 849 1203 subscriptione
900 1149 963 1192 sua
998 1148 1199 1200 adjefium
1218 1131 1314 1198 vo-¹

251 1202 414 1258 inisset,
446 1205 481 1248 se
514 1206 720 1259 dinam,
752 1219 821 1250 aut
851 1205 1018 1258 jubente
1050 1206 1165 1253 fuisse
1185 1228 1205 1253 a
1235 1182 1314 1256 ie-l

253 1261 414 1317 gatario
431 1295 443 1315 ,
473 1265 609 1309 ejusve
631 1264 741 1306 servo
762 1265 1041 1318 conscriptum
1057 1297 1067 1307 .
1098 1267 1154 1318 (e)
1171 1271 1292 1323 Quod
1312 1271 1314 1274 ’

254 1321 532 1375 temperandae
576 1320 678 1376 legis
722 1321 838 1364 causa
880 1322 1085 1376 principes
1116 1324 1288 1370 indulse-

253 1390 384 1419 runt.
414 1377 538 1420 Unde
572 1391 660 1421 turn
692 1378 735 1421 8<
768 1378 905 1421 relif’ca
937 1379 1227 1434 convalescunt
1248 1384 1292 1426 ἃ.

252 1434 353 1489 legis
386 1434 597 1477 Corneliae
629 1451 749 1490 poena
770 1436 967 1491 quiescit.
1003 1437 1197 1494 Idemque
1224 1442 1294 1484 Se-

251 1504 372 1534 natus
400 1494 568 1534 ,censuit
614 1493 656 1534 in
690 1493 800 1546 filia,
848 1509 963 1549 quae,
995 1493 1172 1539 distante
1203 1493 1317 1540 ina-fl

250 1562 337 1603 tre,
370 1549 438 1592 sibi
471 1565 520 1592 ex
554 1550 787 1605 ignorantia
821 1549 916 1602 juris
936 1551 1296 1609 adscripserat:(f)

251 1607 313 1649 Et
345 1606 388 1649 in
422 1606 563 1659 servo,
593 1608 661 1663 qui
696 1608 854 1651 domini
887 1608 984 1660 juffu
1019 1610 1290 1667 testamento,

252 1663 508 1707 codicillisve
550 1665 619 1707 sibi
655 1664 886 1708 libertatem
918 1666 1204 1722 adscripserat3
1235 1669 1321 1717 ita>

252 1733 392 1764 tamen
427 1734 474 1764 ut
507 1721 673 1765 libertas
701 1723 737 1765 ei
771 1738 821 1766 ex
854 1723 1166 1769 fideicommisso
1197 1719 1321 1781 prce-⁴}

253 1778 406 1832 stetur3
439 1779 633 1834 siquidem
668 1780 831 1823 testator
864 1796 991 1823 manu
1012 1780 1078 1824 sua
1099 1783 1182 1837 post
1202 1801 1295 1829 eam
1318 1785 1321 1823 ἕ

259 1836 496 1891 scripturam
532 1838 774 1880 testamento
816 1837 1097 1893 codicillisque
1131 1833 1323 1885 subscri-l

254 1893 375 1950 pserit
399 1925 410 1935 .
441 1895 530 1949 (g)
567 1896 692 1937 loena
725 1910 820 1937 vero
855 1894 990 1938 iocum
1026 1895 1149 1940 habet
1182 1899 1296 1942 testa-

255 1963 402 1994 mento
449 1951 530 2002 jam
576 1952 758 1994 absoluto
787 1968 797 1992 τ
830 1953 914 2003 (h)
950 1968 1078 2009 neque
1110 1970 1206 1998 eum
1241 1970 1300 2000 te-

256 2021 365 2061 net,
407 2008 476 2064 qui
522 2008 630 2064 degit
675 2009 746 2051 sub
789 2010 978 2063 potestate
1021 2011 1140 2065 ipfius
1183 2014 1297 2056 testa-

234 2065 389 2165 ffioris,
431 2063 562 2109 veluti
605 2065 959 2119 filiumfamilias,
1005 2081 1202 2124 tanquam
1236 2071 1324 2114 in-‚

901 41 1043 92 DE
1126 40 1700 109 LEGIBUS,

1335 128 1376 158 to
1417 114 1531 167 filio,
1566 115 1633 170 qui
1680 114 1782 159 solus
1826 114 1896 168 fit,
1930 115 2101 171 cripitur
2134 119 2364 174 hereditas,

1333 187 1455 228 quam
1490 171 1606 229 nullo
1635 173 1829 217 coherede
1861 175 1980 227 dato,
2025 187 2135 228 patre
2170 177 2364 232 diciantffi

1334 230 1402 273 sibi
1433 222 1713 286 adscripscrat:
1749 247 1849 274 nam
1886 231 1910 274 si
1931 246 1980 274 ex
2015 231 2254 277 testamento
2281 251 2364 278 non

1336 286 1484 343 poffet,
1516 301 1679 344 caperet
1708 304 1797 332 eam
1837 288 1976 332 tamen
2016 289 2283 334 hereditatem
2315 295 2364 334 ab

1333 345 1552 399 intestato,
1582 344 1651 397 (k)
1674 347 1779 390 unde
1805 345 1901 389 huic
1925 361 2008 390 non
2035 347 2258 402 eripietur,
2291 348 2373 391 nisi.

1334 403 1500 448 coheres
1545 403 1661 446 datus
1693 402 1841 458 fuerit,
1871 404 1920 447 ad
1950 419 2074 460 quem
2108 420 2195 460 pars
2225 418 2363 460 erepta

1335 460 1604 505 transferatur
1617 492 1628 502 .
1662 460 1784 504 Porro
1797 461 2038 505 excusantur
2054 464 2284 519 quicunque
2303 479 2369 506 ra·

1335 519 1448 562 tione
1483 518 1712 574 potestatis,
1744 530 1814 563 aut
1838 520 2104 572 necessitatis,
2139 522 2198 573 (Ἴ
2223 531 2366 575 parent

1334 574 1510 632 impe'rio
1553 575 1775 629 testatoris,
1819 593 1866 620 ac
1907 593 1955 620 eo
1988 575 2151 627 jubente
2182 579 2366 634 legatum

1334 634 1403 677 fibi
1436 633 1696 688 adscribunt,
1726 634 1873 689 quibus
1901 633 2122 689 aliquando
2148 635 2275 678 etiam
2299 651 2372 690 ge-

1335 691 1486 736 neralis
1509 691 1707 735 testatoris
1743 690 1979 746 subscriptio
2002 691 2264 747 suffragatur.
2296 694 2371 745 (l)

1335 750 1515 803 Quando
1536 765 1634 792 vero
1665 750 1863 801 Senatus,
1895 760 1963 790 aut
1989 747 2180 802 Princeps
2206 750 2373 793 veniam

1334 807 1484 850 dabant
1515 805 1598 857 ejus
1629 803 1976 849 Senatusconsulti
2009 803 2117 855 justis
2151 821 2200 848 ex
2233 806 2369 850 causis:

1335 866 1413 916 (m)
1446 860 1705 920 indulgentia
1737 861 1810 906 illa
1842 875 2005 905 tantum
2040 862 2140 918 legis
2163 864 2375 907 Corneliae

1337 923 1470 976 poenis
1511 922 1745 974 eximebat,
1790 920 1971 975 legatum
2005 935 2129 973 vero,
2160 934 2228 963 aut
2259 920 2378 965 here·

1335 980 1508 1022 ditatem
1540 979 1592 1023 iis
1611 1012 1625 1034 ,
1654 978 1725 1033 qui
1758 977 1826 1021 fibi
1850 976 2168 1031 adscripserant,
2200 979 2376 1023 minime

1336 1037 1620 1093 condonabat.
1665 1036 1793 1078 Porro
1835 1050 1885 1078 ex
1918 1034 2276 1079 Senatusconsulto
2309 1051 2381 1079 ve-

1337 1106 1446 1138 tatur
1488 1094 1709 1137 adscribere
1756 1092 1826 1135 fibi
1856 1091 1945 1148 quis
1974 1092 2100 1135 etiam
2135 1093 2176 1134 in
2209 1092 2382 1136 codicil-

1339 1150 1417 1205 lis,
1466 1152 1613 1207 quibus
1653 1151 1678 1193 si
1725 1149 1962 1203 adimatur,
1993 1150 2098 1205 quod
2131 1150 2272 1203 heres,
2306 1161 2376 1193 aut

1339 1209 1556 1264 legatarius
1607 1208 1675 1251 sibi
1724 1206 1980 1262 adscripscrat
2030 1207 2072 1250 in
2108 1207 2380 1261 testamento,

1339 1267 1457 1310 cessat
1499 1264 1934 1309 senatusconsultum.
1980 1265 2104 1307 Porro
2139 1264 2285 1308 Paulus
2318 1280 2381 1308 re-

1339 1323 1415 1367 fert
1440 1356 1455 1379 ,
1496 1324 1691 1367 Senatum
1734 1322 1920 1365 censuisse
1945 1353 1960 1375 ‚
2009 1321 2036 1365 fi
2078 1323 2166 1378 quis
2199 1323 2273 1376 sua*
2295 1338 2385 1366 ma-

1341 1397 1397 1424 nu
1459 1380 1617 1424 servum
1666 1380 1736 1422 fibi
1788 1379 1968 1434 legatum
2037 1380 2236 1433 scripsisset
2268 1411 2280 1433 ‚
2338 1379 2384 1422 &

1340 1454 1436 1482 eum
1478 1450 1641 1494 rogatus
1685 1436 1980 1479 manumittere
2024 1436 2188 1489 fuisset,
2224 1437 2384 1480 servum

1340 1511 1437 1538 eum
1468 1495 1520 1538 ab
1548 1494 1743 1537 omnibus
1771 1494 1848 1547 [²⁴³⁵]
1880 1492 1953 1535 esse
1976 1494 2374 1537 manumittendum:

1343 1565 1556 1606 propterea
1600 1551 1707 1606 quod
1740 1549 1956 1604 adscriptio
1988 1550 2059 1593 illa
2092 1566 2141 1593 ex
2174 1552 2213 1593 S.
2233 1552 2284 1593 C.
2312 1550 2382 1593 Li-

1342 1609 1522 1652 boniano
1555 1607 1685 1661 fuisset
1720 1607 1903 1651 inutilis.
1935 1608 2023 1658 (n)
2055 1607 2254 1651 Alterum
2275 1608 2385 1663 ·S.C.

1343 1666 1449 1723 quod
1492 1666 1591 1709 item
1653 1681 1704 1708 ex
1745 1664 1934 1721 Ulpiano
1976 1665 2081 1719 apud
2123 1664 2387 1709 Collatorem

1346 1726 1472 1780 legum
1520 1723 1792 1775 Mosaicarum
1832 1720 2022 1775 eruitur,
2077 1723 2227 1778 prodiit
2278 1723 2391 1766 Lici-

1344 1782 1416 1824 nio
1475 1780 1521 1823 &
1559 1781 1702 1823 Tauro
1745 1778 1853 1822 Coss.
1887 1794 1968 1834 quo
2010 1778 2058 1821 ad
2091 1795 2260 1833 poenam
2309 1778 2388 1823 fal-

1347 1838 1374 1881 si
1422 1837 1644 1881 trahuntur
1674 1837 1737 1891 ii,
1778 1835 1851 1892 qui
1885 1835 2160 1879 fraudulenter
2203 1836 2312 1880 inter
2345 1836 2380 1879 se

1346 1906 1638 1950 compararunt
1663 1926 1678 1948 ,
1734 1907 1777 1936 ut
1833 1906 2026 1935 mutuum
2076 1893 2145 1935 fibi
2201 1893 2387 1937 testimo-

1347 1953 1464 1996 nium
1508 1952 1690 1995 dicerent
1710 1982 1722 2003 ,
1754 1951 1837 2002 (ο)
1880 1965 1993 1993 more
2020 1951 2268 1993 Graecorum
2299 1983 2311 2003 ‚
2343 1951 2391 1993 de

1346 2010 1492 2066 quibus
1546 2008 1761 2064 vulgatum
1809 2019 1896 2050 erat
1949 2007 2249 2061 proverbium,
2282 2007 2391 2063 quod

1348 2067 1523 2123 legimus
1576 2066 1619 2109 in
1663 2064 1881 2108 Ciceronis
1931 2065 2107 2106 oratione
2143 2076 2214 2120 pro
2274 2065 2396 2107 Flac-

296 2134 533 2166 rumentum
556 2155 569 2176 ‚
614 2124 719 2180 quod
762 2126 811 2167 ab
859 2123 1031 2179 ipsomet
1063 2126 1298 2181 patrefami·
1319 2113 1324 2141 ¹
1346 2142 1418 2167 co:
1450 2124 1503 2167 da
1536 2124 1633 2166 mihi
1667 2121 1930 2176 testimonium
1950 2135 2153 2165 mutuum.
2185 2123 2390 2165 Tertium

261 2179 338 2223 lias
379 2192 620 2225 exercetur.
653 2182 734 2234 (i)
777 2183 874 2224 Irno
904 2197 1034 2239 neque
1065 2187 1298 2242 emancipa-
1347 2183 1388 2225 S.
1432 2181 1486 2224 C.
1529 2180 1745 2224 conditum
1790 2179 1869 2223 fuit
1914 2180 2076 2233 Cotta,
2127 2179 2172 2222 δί
2218 2178 2389 2222 Messala

263 2316 369 2325 ⁸——

800 2315 857 2325 ...-

260 2355 348 2383 teres
373 2350 534 2382 testantur
559 2349 591 2380 ἆ
614 2347 827 2382 festivissimus
870 2353 1000 2383 Seneeae
1024 2351 1108 2385 lusus
1136 2375 1144 2384 .
1190 2355 1235 2385 De
1261 2365 1302 2386 ae-

257 2403 328 2428 tate
363 2405 491 2436 quoque
518 2394 791 2427 senatusconsulti
833 2395 1010 2428 Liboniani
1032 2407 1098 2429 non
1127 2397 1203 2430 satis
1224 2409 1302 2432 con-

262 2442 322 2473 ssat
339 2462 346 2470 .
373 2439 501 2473 Claudii
525 2447 625 2472 aetate
650 2440 685 2472 in
712 2439 809 2472 Fastis
847 2440 956 2473 nullus
994 2443 1140 2475 occurrit
1181 2444 1265 2476 Libo
1289 2468 1300 2486 ‚

259 2484 347 2518 unde
373 2483 518 2526 plerique
546 2485 576 2516 ἃ
603 2484 692 2517 inter
717 2495 797 2524 eos,
835 2487 946 2518 Petrus
968 2487 1095 2525 Faber,
1124 2486 1300 2532 emacim,

262 2531 412 2562 Pithoeus
449 2529 674 2563 &Salmasius
698 2529 738 2561 ad
762 2539 915 2572 tempora
945 2531 1073 2564 Tiberii
1099 2532 1300 2569 ascendunt.

263 2578 416 2616 Quorum
456 2575 649 2607 sententiam
677 2575 700 2607 si
739 2576 913 2618 probemus
939 2597 948 2614 ‚
990 2576 1164 2610 dicendum
1202 2580 1266 2612 erit
1291 2604 1303 2622 ,

262 2619 743 2696 summafmffsenatusconsulti
782 2621 858 2654 dein
897 2621 1029 2655 Claudii
1054 2622 1172 2656 Edieto
1208 2635 1300 2668 repe-

262 2674 362 2699 mam
401 2675 429 2696 u:
459 2675 501 2696 e.

306 2709 365 2749 (a)
390 2711 421 2741 d.
433 2708 624 2751 LDivusff
637 2712 679 2743 ad
693 2712 716 2743 1.
734 2714 824 2743 Corn.
844 2712 972 2754 defals-

311 2754 360 2796 [ὑ]
388 2751 499 2790 cujac.
515 2755 558 2786 ad
574 2755 678 2796 Afric.
695 2755 813 2789 uae‘rat
830 2766 863 2795 3.
877 2759 912 2788 L.
924 2756 954 2798 [ἱ
969 2755 1090 2800 quisff
1105 2757 1147 2790 ad
1171 2759 1196 2791 1.
1229 2763 1300 2792 Cor-

262 2803 324 2834 nel.
342 2801 380 2831 de
390 2800 469 2846 suff.

310 2847 358 2886 [c]
374 2848 482 2879 CuJac-
499 2845 566 2876 loeo
580 2843 681 2875 citato
695 2864 703 2874 .

312 2892 364 2932 [d]
382 2893 419 2922 L.
440 2889 554 2920 Divus
572 2886 672 2929 15.ff.
688 2888 762 2920 adl.
783 2891 872 2921 Corn·
889 2891 926 2923 de
936 2891 1017 2933 falfi

309 2938 361 2977 (e)
384 2936 414 2966 d.
433 2934 453 2963 Ι.
473 2932 511 2963 <9¹
524 2934 632 3007 l.2.dC.
648 2933 686 2964 de
702 2933 752 2964 bis
765 2955 774 2972 ‚
807 2934 935 2976 qm'fibi
959 2935 1111 2978 adstripss
1130 2936 1167 2969 in
1192 2935 1259 2977 test.
1275 2939 1300 2971 l·

269 2991 282 3013 J
312 3005 320 3012 ,
361 3005 365 3010 ,
411 2982 481 3011 lane
523 2999 530 3006 .
547 2988 578 3007 eo
606 3000 612 3006 .

291 2984 370 3068 5(f§')
388 2987 429 3053 pL
451 2977 581 3064 ιςξς.
595 3019 637 3064 ff
652 3023 756 3056 eodem
771 3046 780 3054 .

310 3070 371 3114 (g)
386 3072 467 3103 Loco
481 3069 582 3102 citato
601 3070 666 3110 §.2.
758 3067 814 3110 (h)
838 3067 915 3110 1..ss
930 3069 1003 3113 quis
1016 3072 1045 3104 6.
1063 3068 1103 3114 ff
1121 3071 1228 3106 eodem
1240 3093 1250 3105 .

2280 2234 2390 2278 Coss.

1395 2347 1784 2392 (i)1..3.ff.eon'em.

1394 2395 1454 2434 (k)
1482 2398 1519 2426 L.
1538 2405 1732 2436 quamquam
1755 2403 1780 2424 ι.
1796 2395 1830 2424 C.
1846 2393 1884 2425 de
1900 2392 1938 2425 de
1969 2391 2039 2431 his,
2071 2391 2126 2434 qui
2150 2389 2215 2432 fibi
2243 2390 2397 2432 adscripss

1355 2444 1398 2472 D.
1414 2440 1455 2472 ad
1471 2441 1550 2471 banc
1561 2441 1622 2481 leg.

1396 2484 1453 2525 θ’)
1479 2485 1596 2528 Qualis
1612 2483 1778 2516 neeeffitas
1793 2480 1960 2525 potestatis
1984 2482 2019 2514 in
2044 2481 2138 2514 servo
2162 2481 2206 2513 est
2222 2502 2232 2519 ‚
2258 2480 2314 2523 qui
2356 2479 2405 2515 fia

1351 2530 1384 2563 bi
1410 2528 1491 2567 iussu
1527 2529 1652 2561 domini
1677 2528 1905 2568 adscripserit.
1944 2527 2170 2559 Diocletianus
2207 2534 2323 2558 tamen
2361 2526 2397 2558 ia

1351 2577 1386 2607 L.
1405 2580 1437 2607 6.
1451 2578 1487 2606 C.
1501 2575 1537 2607 de
1557 2577 1632 2613 his,
1674 2576 1728 2616 qui
1761 2572 1828 2615 sibi
1873 2572 2061 2613 adscribunt
2099 2571 2283 2615 generalem
2326 2570 2399 2603 sub-

1353 2620 1565 2663 scriptionem
1589 2619 1682 2651 servo
1708 2619 1851 2662 prodesse
1878 2628 1946 2651 non
1971 2617 2042 2651 vult
2060 2637 2071 2656 ‚
2113 2616 2173 2649 nisi
2200 2616 2241 2648 ad
2283 2614 2397 2659 impe-

1352 2666 1503 2698 trandam
1529 2665 1632 2697 vitam
1649 2687 1657 2695 .

1396 2710 1447 2752 (J)
1472 2708 1582 2747 Cuia.
1601 2720 1629 2748 3.
1645 2711 1686 2743 ad
1716 2709 1865 2752 African.
1892 2710 1915 2741 l.
1936 2707 2054 2751 siquis
2068 2709 2216 2749 legatum
2238 2703 2278 2748 ff.
2300 2704 2343 2737 ad
2372 2704 2396 2736 1.

1352 2759 1443 2788 Corn.
1458 2756 1495 2788 de
1507 2756 1589 2797 fals.

1396 2801 1461 2840 (m)
1488 2803 1515 2831 L
1543 2799 1657 2832 Divus
1677 2807 1723 2837 15.
1741 2799 1783 2830 ad
1793 2800 1816 2830 l.
1835 2798 1960 2829 Corncl.
1976 2798 2013 2829 de
2024 2796 2103 2838 fals.

1395 2846 1465 2886 (⁴⁸²)
1493 2847 1575 2876 Puta
1603 2844 1772 2876 heredibus
1802 2865 1811 2881 ,
1839 2843 1964 2874 scilicet
1989 2850 2024 2873 ut
2065 2841 2093 2871 ἂ
2120 2838 2274 2886 libertas.
2302 2838 2395 2872 servo

1349 2889 1435 2923 salva
1458 2889 1521 2927 fit,
1549 2890 1579 2920 δε
1608 2887 1655 2925 ius
1682 2896 1874 2930 patronatus
1905 2884 2104 2918 adscribenti
2131 2882 2332 2915 manumisso
2360 2896 2394 2916 a-

1347 2935 1517 2977 dempturn
1534 2932 1747 2965 coheredibus
1759 2931 1913 2964 omnibuz
1929 2937 2099 2972 competat
2115 2951 2126 2967 ‚
2159 2935 2329 2968 ,tanquam
2346 2929 2385 2961 in

1347 2977 1515 3014 communi
1541 2978 1686 3009 liberto.

1394 3027 1452 3066 (nl
1478 3024 1533 3054 L.-
1555 3034 1624 3054 cum
1664 3021 1794 3064 quidam
1812 3032 1863 3063 17.
1898 3021 1940 3053 ad
1967 3023 2044 3061 Leg.
2071 3019 2196 3051 Comel-
2245 3015 2282 3048 de
2307 3018 2392 3060 sals.

1394 3068 1451 3111 (ο)
1476 3070 1514 3101 L·
1535 3078 1562 3100 1.
1579 3070 1638 3107 l.9.
1653 3065 1690 3110 ff.
1709 3067 1775 3100 eod.
