2524 3479
27 3424 35 3443 ,i

24 3446 36 3479 ll

560 79 1080 187 '“JURIS
1157 105 1208 160 c:

189 199 232 235 te
253 186 425 245 legando
448 183 725 231 absumi.S.C.
739 184 1056 229 Trebellianum
1081 181 1204 226 afflo-

190 261 265 290 nes
286 261 456 309 omnes,
478 261 565 301 quie
588 243 748 297 heredi,
768 241 869 287 &in
887 242 1076 286 heredem
1092 255 1205 284 com-

190 315 405 362 peterent,
435 304 541 355 iussit
576 316 669 345 curn
698 300 938 344 restituenda
984 299 1205 343 hereditate

193 362 389 427 transire.
421 362 461 403 S.
480 361 532 402 C.
564 358 827 414 Pegasianum
853 359 1043 401 concessit
1069 355 1206 400 heredi

192 418 465 484 hereditatem
491 416 697 460 restituere
723 428 1053 471 rogat0,quartae
1077 415 1208 457 detra—

193 473 764 541 &ione.S.C.Sabinianum
791 474 993 529 prospexit
1018 472 1208 527 adoptato

194 534 288 598 filio
311 548 354 576 in
371 532 634 587 adoptionem
658 531 775 575 alteri
794 531 887 574 dato
906 543 1054 587 apatre
1078 531 1206 573 trium

195 591 421 654 liberorum
442 606 452 631 ε
475 590 540 633 cui
565 590 651 633 filio
674 602 865 646 quartam
885 589 1087 631 bonorum
1121 601 1209 642 pat-

195 659 285 692 tem
308 646 620 702 relinquendam
642 646 747 698 jussit
766 679 775 689 .
809 649 892 690 Lex
917 645 1078 697 Velleja
1099 643 1211 688 insti-

194 706 446 749 tuendorum
480 704 789 760 pos-{humorum
813 704 1017 748 rationem
1036 701 1210 746 tradidit-

197 764 285 828 Lex
313 775 500 818 praeterea
532 762 670 807 Glicia
707 762 784 806 suit
822 774 936 805 eruta
983 777 1051 816 per
1086 758 1213 810 Cuia·

200 836 313 865 cium
330 853 342 873 ,
362 836 416 885 ’ex
444 835 520 874 qua
550 820 761 880 inofficiosi
785 819 1016 863 testamenti
1050 816 1212 873 querela

200 890 414 942 manavit.
439 877 774 930 S.C.Julianum
799 876 1003 921 consuluit
1028 875 1212 930 iis,qu0-

199 951 295 999 rum
330 951 372 978 in
402 934 585 978 fraudem
627 934 869 978 hereditaria
912 936 1019 978 bona
1050 933 1214 976 fuerunt

201 992 380 1057 alienata
397 1024 406 1034 .
423 993 469 1057 ,8.
484 993 537 1036 C.
562 992 842 1038 Claudianum
868 991 1002 1036 liberti
1016 991 1213 1035 heredita-

202 1063 290 1094 tem
316 1065 352 1094 ei
375 1049 460 1093 filio
483 1049 661 1113 detulit,
693 1051 758 1094 cui
779 1051 1020 1094 testamento
1051 1048 1131 1092 fuit
1156 1046 1212 1089 as-

201 1107 384 1176 signatus
403 1139 414 1160 ,
449 1107 592 1150 relifi‘to
616 1110 651 1150 ei
671 1106 767 1158 ‘iure
793 1119 1030 1163 patronatus
1054 1139 1063 1149 .
1096 1107 1134 1148 S.
1162 1105 1214 1147 C.

201 1165 516 1229 'Iertullianum
539 1195 551 1218 ,
583 1164 627 1208 ὃ(
651 1164 950 1220 Orphitianum
975 1164 1063 1208 filio
1082 1195 1095 1217 ‚
1129 1178 1216 1205 ma-

205 1234 344 1279 trique
377 1234 565 1287 mutuam
611 1222 896 1266 successionem
933 1231 1178 1277 aperuerunt
1208 1249 1217 1259 .

206 1280 537 1344 Eflnegotiorum
564 1278 719 1333 legibus
754 1280 803 1322 ad
824 1295 871 1323 ea
896 1309 909 1331 ,
940 1293 1029 1333 quae
1061 1276 1109 1318 ad
1139 1275 1218 1318 cri-

207 1353 364 1401 mina,
391 1337 441 1400 ⁸&
476 1335 623 1388 iudicia
660 1336 904 1392 pertinent,
932 1333 1217 1391 procedamus.

207 1393 476 1447 Judicialium
504 1392 643 1449 legum
669 1406 763 1438 ante
788 1392 888 1436 alias
919 1393 1041 1449 digna
1061 1405 1221 1434 memo-

145 1454 151 1457 *
204 1466 295 1495 ratu
320 1452 372 1494 est
394 1450 457 1494 lex
472 1451 669 1494 Cornelia
689 1452 735 1495 de
756 1450 959 1515 majestate
973 1464 1087 1507 ,quae
1106 1463 1222 1492 com-

204 1509 458 1573 pleRebatur
484 1507 590 1572 leges
613 1524 757 1553 omnes
780 1510 1054 1565 antiquiores,
1087 1522 1130 1550 in
1155 1521 1223 1549 eos

205 1567 316 1630 lata,
351 1583 420 1622 qui
445 1565 601 1622 aliquid
620 1580 762 1611 contra
788 1566 1108 1622 Rempublicam
1134 1579 1219 1607 mo-

210 1623 386 1688 lirentur
406 1640 433 1688 ε.
457 1639 648 1689 novaque
669 1624 804 1681 capita
828 1624 1011 1669 condidit
1034 1656 1047 1678 ,
1079 1621 1224 1679 quibus

206 1697 290 1734 ejus
316 1697 505 1746 criminis
523 1695 714 1725 atrocitas
748 1694 1025 1727 coerceretur.
1057 1680 1151 1724 Fuit
1181 1678 1224 1721 &

210 1738 278 1783 lex
314 1740 422 1792 Julia
455 1741 501 1784 de
537 1740 769 1802 coercendis
804 1740 1042 1793 adulteriis,
1073 1753 1151 1795 qua
1181 1736 1225 1779 δ(

211 1797 391 1852 stuprum
405 1829 418 1850 ,
442 1797 485 1840 &
506 1796 677 1840 foediora
703 1798 923 1842 libidinum
942 1812 1090 1853 genera
1111 1809 1226 1839 com-

205 1855 516 1918 prehenduntur
542 1886 550 1898 .
585 1855 871 1909 Reprimendae
901 1871 999 1899 vero
1041 1851 1226 1897 audacio-

210 1928 305 1956 rum
331 1911 553 1956 hominum
600 1912 808 1956 violentiae
845 1913 937 1956 latae
959 1913 1125 1956 fuerunt
1161 1909 1225 1953 lex

205 1969 402 2024 Pompeia
416 2001 429 2024 ,
449 1969 624 2037 Clqdia,
640 1971 757 2015 Pedia
772 2004 784 2025 ,
799 1971 980 2027 itemque
994 1969 1101 2023 Julia
1115 2001 1126 2022 ‚
1141 1959 1237 2023 quae⁰

213 2027 450 2071 inscribitur
483 2029 532 2070 de
554 2045 625 2070 vt.
660 2030 750 2072 Fuit
775 2029 904 2072 etiam
944 2029 987 2071 ὃ(
1014 2028 1077 2070 lex
1103 2025 1226 2077 Julia,

212 2100 302 2140 quae
334 2101 493 2139 rapaces
524 2101 671 2148 manus
704 2086 1011 2141 magistratuum
1044 2100 1065 2126 a
1099 2082 1224 2126 socio-

213 2157 307 2205 rum
333 2173 344 2195 ‚
375 2141 761 2206 &provincialium
796 2143 911 2186 bonis
930 2141 1092 2186 arcebat
1116 2172 1129 2194 ,
1161 2139 1226 2190 in-

212 2200 391 2263 justaque
414 2200 700 2251 jurisdiffionis
729 2202 838 2244 lucra
853 2200 1120 2256 prohibebat,
1141 2212 1228 2254 quae

211 2256 319 2300 difia
349 2257 403 2299 est
436 2257 749 2311 repetundarum
772 2275 781 2300 ε
817 2274 910 2302 cum
930 2274 1008 2315 qua
1033 2254 1227 2310 conjungi

213 2314 344 2370 potest
367 2314 651 2379 Leleluaucia
680 2317 822 2359 eodem
863 2317 1098 2371 pertinens,
1129 2311 1226 2364 ejus-

215 2371 390 2436 demque
432 2372 542 2416 tituli
569 2374 879 2437 Lex.Cornelia
906 2407 914 2416 .
948 2374 1106 2429 Quibus
1128 2370 1225 2425 legi-

215 2429 289 2472 bus
321 2443 490 2486 privatae
522 2446 708 2487 pecuniae
737 2433 787 2475 ab
817 2432 949 2476 avaris
981 2427 1224 2485 magistrati-

217 2486 291 2529 bus
327 2489 612 2551 repetebantur
633 2520 642 2531 .
676 2492 734 2532 At
781 2489 954 2546 publicae
981 2521 993 2541 ,
1023 2489 1229 2541 Sacraeque

214 2559 399 2599 pecuniae
428 2547 715 2609 ¹repetebantur
747 2547 839 2590 aliis
861 2546 1046 2602 legibus,
1081 2557 1229 2596 nempe

218 2604 329 2656 Lege
353 2602 700 2667 Iuli-apeculatus
720 2637 732 2654 ..
764 2606 808 2648 &
841 2605 888 2648 de
924 2601 1157 2658 sacrilegio,
1188 2599 1231 2642 ὅ(

218 2659 267 2703 de
305 2661 465 2704 residuis
490 2692 501 2713 ‚
535 2678 613 2727 qua
645 2663 889 2706 tenebantur
914 2694 926 2715 ,
957 2660 1027 2717 qui
1050 2660 1116 2703 vel
1146 2673 1230 2701 non

220 2733 393 2782 omnnem
416 2735 631 2774 pecuniam
659 2719 866 2775 publicam
893 2720 938 2762 in
964 2719 1140 2762 rationes
1170 2732 1229 2758 re-

221 2775 403 2840 tulissent
428 2809 440 2829 ,
471 2777 537 2841 'vel
563 2777 734 2821 relatam
768 2794 851 2821 non
877 2778 1082 2835 integram
1103 2773 1231 2818 reddi-

220 2832 387 2878 dissent.
421 2835 575 2892 Hisque
611 2835 764 2893 legibus
791 2836 1028 2892 reprimitur
1049 2832 1232 2877 avaritia.

223 2890 456 2952 Sequuntur
488 2893 594 2949 leges
614 2926 627 2948 ,
661 2890 750 2950 qu&
774 2894 1083 2950 compescebant
1102 2888 1234 2935 ambi-

224 2956 410 3012 tionem,
442 2952 547 3016 quod
576 2952 753 3007 praestitit
777 2955 859 2996 Lex
881 2952 1052 3004 Petilia,
1086 2948 1232 2999 Baebia,

224 3003 409 3070 Maevla,
438 3010 560 3073 Fabia
581 3042 592 3063 ,
625 3009 797 3064 Tullia,
830 3010 996 3054 Aufidia
1022 3042 1034 3062 ,
1067 3005 1232 3050 Calfur-

226 3075 333 3124 ΠΜ)
366 3065 522 3123 Llcinia
542 3099 561 3131 ²,
596 3067 787 3122 Pompeia
813 3101 825 3123 ‚
856 3068 896 3110 ὅ(
923 3068 1124 3124 postremo
1149 3066 1232 3107 Lex

227 3117 336 3170 Julia
368 3118 598 3184 deambitu
622 3158 631 3168 .
666 3126 786 3170 Plura
816 3142 977 3184 quoque
1009 3125 1055 3170 de
1087 3121 1231 3169 consti-

332 3177 433 3230 Jam
465 3180 652 3225 Gravinae
679 3186 845 3228 Tom.1.

1266 1271 1535 1327 prohibebant
1566 1300 1575 1310 .

1266 1329 1429 1372 Sicar'iis
1454 1323 1650 1370 horribile
1675 1317 1877 1377 parricidii
1904 1315 2061 1360 crimen
2078 1313 2269 1356 contine-

1268 1387 1385 1430 batur
1405 1418 1414 1428 .
1447 1383 1568 1440 Quod
1593 1381 1752 1426 crimen
1791 1373 2008 1438 complexa
2041 1371 2094 1414 est
2129 1370 2274 1412 deinde

1247 104 1276 161 1
1315 104 1368 158 v
1412 102 1441 155 1
1483 103 1528 155 L
1571 99 1599 152 1
1636 97 1705 152 s.
2192 101 2261 156 25

1255 178 1413 225 tuendis
1433 209 1446 232 ,
1477 172 1739 233 regendisque
1770 163 1955 220 judiciis,
1991 162 2163 220 Legibus
2191 163 2264 215 lu«

1256 238 1323 282 liis
1358 235 1677 280 continebantur
1700 260 1710 270 .
1742 224 1882 269 Multa
1918 237 2037 278 porto
2081 221 2256 264 crimina

1257 295 1535 352 pleE’tebantur
1573 287 1750 345 Legibus
1793 279 2003 325 Corneliis
2038 295 2048 321 :

1256 349 1580 410 prima'offertur
1612 346 1687 389 illa
1719 343 1765 386 de
1792 340 1889 383 falso
1911 370 1923 392 ,
1955 352 2042 394 quae
2084 334 2181 377 falsa
2205 348 2264 378 te-›

1256 413 1453 454 stamenta
1479 404 1756 457 subjicientes,
1786 412 1905 453 atque
1929 404 2264 447 corrumpentes.

1255 470 1298 512 ὅ(
1337 465 1552 521 scripturas
1577 494 1590 516 ,
1623 461 1700 504 sive
1743 457 1943 512 privatas,
1976 452 2054 495 five
2087 449 2269 505 publicas

1257 524 1451 569 vitiantes
1480 519 1673 578 puniebat
1699 533 1708 557 τ
1757 514 1938 567 itemque
1979 523 2122 552 omnes
2152 540 2163 560 ‚
2194 506 2265 563 qui

1261 583 1476 626 veritatem
1502 577 1640 621 fraude
1664 571 1877 623 celassent,
1907 580 1975 610 aut
1996 566 2174 621 imagine
2201 579 2269 607 ve-

1261 639 1391 683 ritatis
1427 637 1573 681 falsum
1599 630 1857 676 obtulissent.
1890 625 1973 668 Cui
2015 623 2157 667 similis
2201 620 2266 664 leit

1259 694 1459 741 Cornelia
1495 690 1756 742 nummaria,
1788 700 1874 743 quae
1897 683 2054 727 crimen
2086 680 2270 725 coercuit

1261 755 1432 807 falsatae,
1468 752 1533 797 vel
1555 747 1722 794 attonsae
1746 755 1923 788 monetae
1951 773 1960 783 .
1994 739 2088 783 Fuit
2119 739 2163 782 ὃ(
2207 737 2272 781 lex

1261 811 1484 866 Cornelia,
1515 824 1602 866 quae
1623 803 1813 862 puniebet
1846 798 2012 851 iniurias
2032 830 2043 851 ,
2078 796 2155 840 sive
2181 810 2271 839 ver-

1263 872 1348 925 bis,
1382 870 1460 913 sive
1496 883 1564 920 re,
1597 865 1676 909 sive
1715 858 1873 916 scriptis
1910 856 2078 900 illatas:

1262 930 1388 972 etiam
1413 924 1612 970 Cornelia
1643 921 1690 964 de
1715 917 1878 962 Sicariis
1898 947 1910 969 ,
1941 914 1984 957 &
2026 910 2232 954 veneficis
2251 940 2264 962 ‚

1263 1002 1350 1042 quae
1372 982 1577 1040 suppliciis
1596 978 1794 1023 afficiebat
1819 990 1911 1026 eos,
1945 971 2014 1027 qui
2041 969 2174 1022 ferro,
2206 966 2271 1010 vel

1264 1059 1425 1087 veneno
1452 1052 1630 1085 mortem
1669 1033 1794 1079 alicui
1832 1029 2066 1074 obtulissent
2092 1059 2101 1069 .
2135 1028 2276 1080 Quam

1266 1102 1397 1157 legem
1423 1099 1537 1155 plura
1562 1093 1865 1140 comitabantur
1878 1089 1974 1130 S.C.

1265 1160 1379 1201 mina
1409 1156 1731 1201 interciderunt.
1765 1150 1829 1191 Ex
1855 1145 1999 1202 quibus
2031 1143 2069 1186 S.
2085 1143 2137 1185 C.
2169 1139 2275 1185 cele-

1266 1216 1351 1258 bria
1384 1212 1473 1257 sunt
1496 1212 1594 1264 illa,
1626 1225 1714 1264 quae
1742 1203 2027 1250 castrationem
2053 1213 2271 1255 puerorum

2091 294 2265 333 quarum

2113 855 2156 896 ὃ(
2183 855 2267 897 Lex

2000 1100 2173 1142 quorum
2202 1098 2276 1126 no-

1620 1265 1857 1318 Eademque
1890 1260 1976 1315 lege
1995 1255 2191 1300 Cornelia
2223 1255 2272 1299 de

1273 1447 1356 1488 Lex
1381 1440 1574 1499 Pompeia
1593 1472 1604 1493 ,
1635 1453 1723 1495 quae
1753 1435 1800 1478 de
1824 1429 2048 1490 parricidiis
2081 1427 2276 1471 inscribe-

1271 1504 1412 1546 batur.
1443 1499 1637 1554 Denique
1664 1495 1751 1551 lege
1777 1489 2004 1540 Cornelia3
2027 1502 2115 1543 quae
2137 1486 2183 1528 de
2214 1484 2277 1528 lu·

1273 1561 1313 1604 su
1336 1571 1448 1613 erat,
1471 1557 1600 1602 vetita
1620 1554 1697 1597 fuit
1721 1552 1836 1604 alea,
1855 1564 1934 1605 qua
1960 1544 2178 1589 hominurn
2205 1559 2274 1598 pa-

1273 1618 1471 1661 trimonia
1506 1613 1621 1661 sortis
1659 1608 1826 1655 arbitrio
1859 1604 2125 1656 subjiciuntur
2154 1633 2163 1643 .
2212 1602 2277 1642 De

1274 1675 1392 1720 furtis
1438 1671 1646 1718 constituit
1672 1671 1755 1712 Lex
1786 1663 1962 1709 Hostilia
1983 1693 1995 1715 ,
2028 1674 2074 1704 ut
2103 1658 2281 1702 absentis

1275 1733 1445 1777 nomine
1475 1745 1593 1787 agere
1616 1728 1778 1771 liceret.
1809 1721 2025 1778 Plagium,
2059 1717 2137 1760 sive
2163 1714 2280 1759 liberi

1275 1790 1486 1843 hominis,
1516 1799 1587 1831 aut
1622 1784 1747 1829 alieni
1787 1781 1887 1825 servi
1924 1776 2236 1833 suppressionem
2263 1803 2278 1825 ,

1276 1849 1440 1906 punivit
1473 1849 1557 1890 Lex
1591 1843 1743 1888 Fabia:
1778 1839 1823 1882 in
1857 1851 1981 1894 quam
2012 1833 2165 1878 sanstum
2200 1829 2279 1873 fuit

1275 1911 1313 1950 S.
1352 1908 1407 1950 C.
1449 1917 1497 1949 ut
1534 1904 1740 1946 servorum
1782 1894 2052 1952 fugitivorum
2095 1888 2279 1933 venditio

1277 1964 1375 2021 legis
1428 1960 1627 2006 sententia
1672 1952 2086 2011 comprehenderetur
2123 1979 2131 1989 .
2187 1946 2281 1989 Fuit

1278 2026 1358 2066 Lei<
1395 2018 1591 2064 Remmia
1630 2016 1677 2059 de
1714 2011 1929 2069 puniendis
1970 2004 2281 2056 calumniatori-

1276 2080 1347 2123 bus
1369 2108 1382 2118 ·
1426 2080 1483 2120 Et
1513 2076 1560 2118 de
1593 2067 1992 2127 tergiversationibus
2025 2095 2038 2118 ,
2080 2063 2157 2105 five
2190 2061 2240 2103 iis
2266 2091 2281 2113 ,

1275 2138 1345 2194 qui
1377 2133 1680 2180 accusationem
1714 2127 1966 2186 destituunt,
2011 2132 2178 2177 poenam
2211 2118 2286 2161 sta-

1276 2195 1355 2239 tuit
1383 2194 1422 2236 S.
1437 2192 1490 2236 C.
1523 2187 1840 2244 Turpillianum
1862 2215 1873 2235 ‚
1905 2181 1986 2225 alio
2018 2178 2187 2222 nomine
2219 2176 2285 2218 lex

1277 2250 1469 2296 Petronia
1499 2257 1807 2301 nuncupatum.
1841 2243 1924 2284 Eos
1958 2253 2080 2290 vero,
2111 2234 2180 2291 qui
2214 2235 2284 2276 be-

1279 2327 1328 2354 ne
1356 2308 1524 2352 meritos
1551 2304 1757 2348 vindicare
1790 2296 2048 2355 neglexerint
2072 2326 2085 2347 ,
2117 2306 2161 2336 ut
2196 2291 2286 2335 sunt

1277 2368 1441 2411 heredes
1476 2394 1489 2419 ,
1530 2363 1643 2420 qui,
1687 2360 1870 2403 testatore
1918 2353 2050 2398 occiso
2081 2383 2094 2403 ,
2139 2348 2290 2403 suppli-

1279 2427 1389 2470 cium
1426 2423 1579 2466 sumere
1621 2420 1667 2462 de
1706 2417 1823 2461 servis
1853 2411 2069 2456 omiserint
2094 2440 2105 2460 ,
2152 2406 2291 2461 plestit

1279 2486 1318 2526 S.
1333 2484 1385 2525 C.
1417 2479 1678 2523 Silanianum
1701 2508 1709 2518 .
1742 2476 1779 2517 A
1806 2471 1918 2522 cujus
1949 2467 2135 2512 criminis
2165 2479 2286 2507 accu-

1282 2540 1434 2583 satione
1458 2533 1743 2593 quinquennio
1776 2529 1939 2573 heredes
1966 2526 2189 2568 liberantur
2218 2535 2285 2575 per

1279 2602 1317 2640 S.
1332 2599 1385 2640 C.
1417 2594 1682 2638 Statilianum
1710 2622 1719 2632 .
1751 2590 1790 2630 S.
1825 2588 1878 2628 C.
1915 2596 2052 2627 autem
2085 2576 2288 2623 Silaniani

1281 2656 1341 2699 vis
1377 2651 1559 2709 porreffia
1600 2649 1654 2693 est
1684 2646 1810 2691 etiam
1848 2643 1895 2687 ad
1923 2642 2053 2685 servos
2081 2671 2091 2690 ,
2124 2637 2192 2693 qui
2227 2649 2285 2679 te-

1281 2714 1479 2756 stamento
1511 2706 1747 2751 manumissi
1766 2702 1908 2746 eodem
1935 2699 2001 2743 sub
2027 2697 2132 2740 εεξὶο
2168 2710 2285 2737 man·

1282 2771 1410 2814 fiffent
1436 2801 1447 2810 .
1478 2769 1621 2823 anue
1658 2763 1735 2806 fuit
1764 2757 1962 2804 sententia
2000 2756 2039 2799 S.
2063 2756 2115 2797 C.
2149 2754 2286 2795 Nero-

1283 2828 1437 2881 niani,
1480 2825 1545 2869 vel
1587 2819 1845 2871 Claudiani,
1878 2830 1999 2873 quarn
2044 2811 2285 2856 sententiam

1281 2889 1321 2931 S·
1352 2887 1401 2929 C.
1448 2883 1556 2927 aliud
1588 2878 1760 2931 Traiani
1793 2873 2042 2929 temporibus
2077 2868 2289 2912 conditum

1282 2943 1482 3001 protraxit
1514 2942 1562 2984 ad
1597 2954 1664 2983 eos
1696 2936 1821 2980 etiam
1859 2933 2013 2982 servos,
2047 2943 2145 2982 quos
2178 2926 2292 2969 testa-

1282 3017 1346 3046 tor
1377 3003 1520 3045 vivens
1562 2993 1853 3041 manumisisset
1880 3023 1888 3032 .
1923 2986 2140 3043 Supeisunt
2172 2985 2255 3026 duae
2280 3012 2294 3035 ,

1282 3076 1368 3118 quae
1408 3060 1499 3102 sunt
1533 3056 1580 3100 de
1600 3055 1752 3099 damno
1787 3046 1992 3092 sarciendo
2030 3043 2159 3100 leges}
2193 3055 2292 3095 qua-

1284 3134 1376 3164 rum
1408 3117 1540 3163 altera
1572 3147 1586 3170 ,
1634 3124 1782 3167 nempe
1821 3104 1989 3162 Aquilia
2024 3134 2036 3158 ‚
2081 3099 2188 3146 cavit
2239 3095 2284 3136 de

1808 3166 1850 3207 D
2140 3162 2289 3197 damno
2352 3174 2358 3183 n
