2596 3479
282 149 387 206 270

269 216 466 255 Severum
513 207 747 266 protraxisse
800 205 975 260 spatium
1008 204 1055 246 ad
1091 203 1286 257 suscipien

271 271 340 314 dos
374 270 522 313 liberos
554 268 848 316 constitutum,
881 264 923 306 δι
958 277 1122 317 poenam
1156 261 1285 304 orbita

272 329 323 372 tis
367 329 472 372 ultra
518 325 765 382 pra’finitum
817 338 838 364 a
873 321 1026 376 legibus
1057 332 1217 374 ternpus
1248 319 1285 362 di

268 386 442 432 stuliffe.
475 386 537 428 Ea
571 399 666 425 vero
700 395 821 436 poena
857 378 1092 434 sequebatur
1115 377 1307 421 homines

271 445 391 503 usque
423 443 469 486 ad
506 440 701 484 senectam
727 471 738 492 ,
772 453 850 494 qua
885 437 926 480 in
959 449 1075 480 aetate
1098 436 1306 479 solveban-

270 516 336 547 tur
368 500 560 556 conjuges
580 530 593 552 ,
620 512 663 541 ut
695 496 883 552 deinceps
917 511 1000 539 non
1033 508 1274 539 tenerentur
1295 526 1306 546 ,

266 562 295 606 si
340 561 428 615 lege
474 556 726 613 praescriptos
776 570 905 597 annos
949 554 991 597 in
1038 551 1306 597 matrimonio

265 614 514 664 CXCCffiffent
534 648 546 669 ,
593 632 639 659 ac
672 616 734 656 vir
767 611 1047 670 sexagenarius
1078 611 1303 663 esset,rnu—

263 677 342 721 lier
376 691 472 718 vero
504 671 885 730 quinquagenaria.
919 670 1008 722 (a)
1037 670 1160 712 Porro
1188 667 1302 723 suspi-

263 750 360 788 cor,
395 732 574 776 solitario
606 732 739 787 patri,
774 729 850 772 five
871 729 937 771 cui
976 727 1081 770 filius
1101 726 1192 769 esset
1214 724 1306 769 uni-

262 807 334 837 cus
367 791 556 847 provefi’ta
588 802 703 832 aetate
736 787 925 844 genitus,
959 785 1086 828 dietus
1118 786 1306 828 Homero

263 849 465 900 mamas
503 881 515 902 ‚
548 847 703 904 aliquid
739 846 863 890 etiam
899 858 1030 899 poenae
1068 841 1128 885 sed
1166 854 1304 885 tamen

264 905 430 951 levioris
453 905 565 951 fuisse
598 906 850 961 irrogatum:
886 902 1001 944 Nam
1033 899 1242 955 Ulpianus
1264 900 1304 942 in

267 964 536 1020 inscriptione
567 979 662 1008 cum
691 961 837 1005 coelibe
869 959 980 1002 hunc
1010 957 1053 1001 ὃς
1082 959 1180 1001 orbo
1206 973 1304 1002 con-

265 1021 431 1076 junxit,
464 1023 563 1074 (b)
588 1022 673 1073 (⁴)
701 1018 812 1072 cujus
839 1019 954 1062 verba
972 1050 983 1069 ,
1015 1031 1104 1072 quse
1134 1028 1178 1059 ut
1207 1016 1304 1060 ordo

263 1081 420 1124 indicat
446 1080 491 1123 ad
508 1079 731 1123 solitarium
751 1088 907 1133 patrem
924 1074 1210 1131 pertinebant,
1243 1073 1300 1118 in-

263 1138 544 1182 terciderunt.
575 1136 649 1180 Sed
682 1134 983 1179 Constantinus
1015 1132 1200 1177 debiturn
1231 1132 1304 1175 ho-

265 1213 409 1241 norem
447 1194 658 1240 coelibatui
689 1210 738 1238 ex
777 1209 872 1237 vera
913 1191 1112 1247 religione
1135 1191 1304 1247 sanaque

265 1255 414 1312 pietate
440 1255 542 1307 (¹⁶⁴)
567 1253 800 1305 restituens,
834 1265 974 1306 poenas
993 1265 1138 1292 omnes
1151 1249 1301 1292 orbita-

262 1314 315 1356 tis
357 1313 399 1356 &
440 1312 653 1357 coelibatus
701 1310 882 1354 funditus
930 1306 1107 1359 sustulit,
1155 1306 1304 1350 reliffis

262 1370 427 1427 legibus
457 1368 718 1421 decimariis,
750 1383 845 1410 mox
876 1382 898 1408 a
925 1364 1044 1408 nobis
1065 1379 1302 1420 percurren-

265 1430 349 1473 dis.
381 1430 440 1480 (c)
460 1429 661 1472 Ceterum
683 1426 830 1469 eaedem
854 1422 959 1479 leges
981 1454 993 1474 ,
1025 1438 1113 1477 quae
1144 1434 1214 1465 aut
1240 1421 1304 1465 in·

267 1485 547 1540 tercidebant,
578 1497 648 1529 aut
669 1484 836 1526 modum
863 1479 1302 1537 ponebanttestamen-

262 1545 377 1589 tariis
407 1544 528 1588 lucris
544 1575 556 1598 ,
579 1540 957 1595 complectebantur
971 1537 1096 1581 etiarn
1119 1536 1303 1580 donatio-

264 1619 336 1648 nes
380 1602 492 1646 causa
539 1600 688 1644 mortis
748 1615 795 1642 ac
834 1595 1073 1640 donationes
1106 1594 1213 1637 inter
1243 1593 1304 1637 vi-

263 1677 363 1715 vos,
393 1675 481 1715 quae
515 1671 647 1702 morte
681 1655 1030 1706 cofirmabantur3
1062 1651 1210 1695 nedum
1237 1651 1306 1695 he-

261 1718 450 1764 reditates
466 1750 478 1770 ,
513 1716 556 1760 &
585 1715 714 1772 legata
733 1746 745 1769 ,
776 1713 882 1769 quod
915 1713 953 1755 S.
978 1711 1031 1753 C.
1051 1710 1098 1753 ad
1120 1709 1226 1753 hanc
1248 1709 1303 1754 le-

263 1791 357 1834 gem
385 1774 547 1833 prodito
574 1774 791 1818 definitum
819 1771 922 1814 fuit.
948 1769 1015 1823 (d)

452 1891 493 1935 C
557 1891 593 1933 A
658 1889 689 1931 P
748 1886 790 1927 U
855 1886 898 1927 T
1017 1884 1112 1927 LII.

261 1983 327 2027 De
353 1976 617 2035 Testamentis
635 1977 838 2030 conjugum
853 2005 865 2027 ,
898 1970 953 2015 ἔθ’
972 1971 1135 2014 decimis
1147 1984 1275 2013 eorum
1291 2001 1300 2013 .

266 2067 504 2172 EAdem
555 2063 641 2120 lege
686 2060 853 2117 repressa
885 2058 938 2103 est
967 2073 1095 2120 opum
1129 2056 1303 2112 profusio

387 2141 409 2169 a
441 2134 587 2168 mutuo
620 2136 761 2165 amore
794 2119 903 2163 inter
949 2131 1170 2171 conjuges,
1207 2116 1305 2159 ideo

261 2248 958 2267 ——0——————-————
965 2246 1075 2256 -ι-ι-
1081 2245 1303 2256 ———.

337 2298 357 2319 a
418 2285 462 2319 Ul
491 2308 497 2315 .
527 2285 642 2316 eit-16.

304 2287 398 2372 ((ὸέ
422 2295 502 2373 [ΗΞ.
532 2331 587 2362 tit.
604 2330 641 2362 de
655 2325 755 2360 eoelib.
775 2326 813 2357 (3·
828 2322 898 2357 mbo
914 2321 1056 2364 &solim
1071 2327 1164 2364 patre
1176 2343 1186 2352 .
1223 2322 1303 2353 Vide

266 2377 368 2412 Goth.
398 2377 433 2409 in
457 2385 529 2409 not.
560 2375 603 2406 ad
617 2376 640 2406 Ι.
658 2375 739 2413 Pap.
756 2381 842 2408 αις.
1193 2411 1199 2417 ι

307 2424 393 2464 (¹¹)
441 2424 522 2464 Quae
562 2417 754 2457 conjunctio
793 2417 821 2448 ἰ(
851 2426 869 2447 a
898 2414 1024 2446 ratione
1056 2420 1300 2444 contrariorum

258 2469 399 2502 manasse
431 2466 564 2510 potest,
603 2475 673 2508 quae
710 2461 866 2494 nimirum
907 2458 1002 2496 iuxta
1041 2457 1073 2489 se
1102 2457 1204 2500 posita
1230 2467 1300 2489 me-

261 2514 326 2548 lius
364 2511 581 2546 inclarescunt
607 2533 615 2541 .
645 2507 850 2550 Neutiquam
878 2505 969 2538 enim
1010 2502 1110 2535 orbus
1140 2502 1211 2542 est,
1249 2502 1299 2534 cui

259 2560 348 2593 filius
389 2559 432 2592 est
475 2557 526 2590 vel
567 2555 636 2589 filia
655 2578 663 2586 .
704 2556 747 2586 Et
788 2559 916 2594 patrem
943 2548 1127 2581 solitarium
1153 2558 1192 2580 ex
1219 2546 1298 2579 alio-

265 2615 340 2637 rum
376 2601 583 2636 testamentis
607 2610 722 2643 capere
753 2597 937 2631 solitarium
963 2604 1003 2627 ex
1029 2593 1171 2625 aliorum
1204 2592 1301 2644 testa:—

265 2648 389 2684 mentis
433 2659 545 2690 capere
590 2646 724 2679 solitum
769 2641 885 2681 fuisse,
923 2651 963 2674 ex
993 2639 1161 2681 juvenalis
1192 2637 1302 2672 vensis

265 2702 391 2738 pater:
413 2695 499 2735 Jam
523 2698 616 2734 pater
640 2703 699 2730 es,
725 2688 763 2720 (9¹
794 2696 922 2731 propter
935 2696 984 2717 me
1000 2707 1011 2723 ‚
1037 2686 1182 2726 legatum
1212 2694 1303 2715 omne

264 2741 354 2783 capis
383 2748 501 2771 necnon
529 2737 567 2768 (⁴5
593 2738 682 2770 dulce
710 2735 861 2766 caducum
883 2755 891 2764 .
934 2729 1021 2773 sigla
1060 2732 1098 2760 P.
1126 2732 1157 2761 S.
1188 2728 1222 2760 in
1249 2739 1297 2761 ve-

264 2785 330 2819 teri
362 2783 602 2825 inscriptione,
632 2781 729 2812 aliter
761 2789 798 2811 ac
828 2776 991 2819 scaligero
1018 2773 1123 2824 visum
1143 2794 1153 2811 ‚
1180 2773 1219 2806 de
1247 2783 1301 2816 pa-

264 2840 317 2866 tre
349 2829 496 2863 solitario
515 2827 751 2869 interpretatur
776 2821 1084 2857 Celeb.neineccius
1109 2817 1150 2850 ad
1168 2819 1201 2850 L.
1221 2821 1299 2862 Pap.

273 2884 433 2920 pag-292.
453 2877 532 2915 Quae
549 2869 733 2908 coniectura
750 2868 878 2910 elegans
894 2868 924 2898 8(
940 2863 1105 2908 ingeniola
1122 2864 1177 2896 est.

313 2921 412 2962 [”]
441 2918 502 2953 Cui
536 2927 595 2950 nec
623 2915 745 2955 nuptiae
779 2919 988 2954 repugnant,
1020 2920 1078 2942 nec
1109 2919 1212 2951 poenae
1238 2918 1301 2941 εα-

273 2967 419 3006 libatus,
452 2965 487 2997 in
517 2961 633 3006 primis
663 2960 684 2992 fi
707 2958 739 2991 id
756 2958 907 2990 suadeant
931 2955 1076 2987 rationes
1104 2954 1304 2996 Reipublicae

276 3013 359 3046 viris
388 3009 545 3046 exha'ussae
562 3031 570 3038 .
596 3003 825 3040 Sacerdotibus
852 3010 960 3034 autem
986 3001 1098 3033 utrum
1125 2999 1210 3033 reste
1235 3010 1300 3033 ma-

249 3057 436 3092 ·trimonio
461 3051 697 3088 interdistum..
725 3048 781 3081 alii
809 3047 1012 3090 disquirant-

316 3106 336 3144 ζ
351 3104 383 3143 c)
425 3103 459 3132 L.
482 3111 506 3133 1.
539 3103 571 3131 C.
587 3099 624 3131 de
638 3097 699 3138 inf.
714 3102 793 3138 pen.
809 3091 908 3126 celib.

321 3151 339 3189 (
355 3149 375 3181 d
389 3148 407 3186 )
434 3150 471 3179 L.
491 3147 635 3177 Senatus
647 3140 684 3186 ff.
701 3142 738 3174 de
753 3149 847 3173 more.
863 3138 946 3178 cauli
970 3138 1081 3171 donae.
1099 3139 1137 3169 L.
1159 3147 1186 3170 1.
1201 3137 1305 3170 Theo-

270 3196 336 3237 dosi
353 3195 388 3226 de
404 3193 472 3224 bon.
489 3191 656 3232 proftript.

317 3240 400 3281 (ο)
426 3238 506 3281 Ulp.
535 3238 571 3271 in
594 3238 717 3280 fragm.
749 3233 877 3273 ric-15.
915 3231 940 3266 1.
958 3239 990 3264 2.
1021 3231 1057 3264 C·
1086 3225 1240 3270 Thmdos.
1264 3227 1304 3262 de

908 130 1050 184 DE
1132 128 1734 204 LEGIBUS,
2068 165 2085 181 .

1362 219 1410 247 ne
1444 204 1667 272 liberalitas
1688 211 1772 255 haec
1792 210 1975 257 absumat
1998 213 2194 273 quidquid
2223 234 2274 265 ex
2300 224 2384 268 cari

1363 276 1440 325 tate
1462 262 1628 320 liberis,
1662 268 1705 312 ὅ(
1731 271 1918 327 agnatis,
1951 286 2072 329 atque
2106 276 2206 320 bene
2239 295 2408 324 meren-

1361 321 1464 363 tibus
1496 337 1544 386 eit
1584 325 1789 372 honestate
1823 343 1976 373 naturae
2020 332 2220 387 debetur,
2268 339 2403 383 vetuit

1361 377 1423 440 lex
1452 380 1600 435 Papia,
1634 385 1691 448 (c)
1710 385 1902 443 conjuges
1937 404 1985 432 ex
2008 390 2160 434 mutuis
2189 392 2403 440 testamen-

1360 448 1415 478 tis
1443 453 1585 494 capere
1617 441 1785 505 solidum
1809 461 1817 486 :
1856 445 1914 488 sed
1940 458 2098 490 tantum
2129 452 2323 494 concessit
2347 454 2401 497 ob

1359 493 1558 558 honorem
1591 501 1846 561 matrimonii
1877 516 2031 557 partem
2054 506 2260 549 decimam
2284 540 2296 561 ,
2327 523 2400 554 aut

1357 551 1510 618 aliam,
1543 555 1569 598 s1
1602 555 1750 601 liberos
1776 558 1972 604 haberent
2006 578 2076 617 pro
2110 579 2284 607 numero
2328 582 2401 611 eo-

1359 625 1448 675 rum
1470 627 1511 654 in
1531 612 1705 670 singulos
1721 617 1886 672 praemio
1902 617 2162 664 fecunditatis
2181 654 2190 664 .
2224 624 2279 665 Et
2294 639 2400 679 quo-

1359 684 1471 712 mam
1495 669 1561 716 lex
1584 685 1669 717 erat
1689 673 1888 717 invidiosa
1907 708 1918 729 ,
1951 677 2098 732 quippe
2128 694 2216 733 quae
2233 679 2398 725 liberta-

1357 739 1440 791 tern
1462 729 1794 775 testamentorum
1816 746 2049 786 coerceret,
2085 733 2265 779 levandae
2285 738 2399 782 invi-

1355 785 1454 839 diae,
1487 802 1534 830 ac
1565 788 1821 832 remittenda:
1855 788 2057 833 severitati
2082 791 2182 847 legis
2210 825 2220 845 ,
2264 789 2308 836 in‘
2344 794 2394 838 li-

1356 843 1545 888 berorum
1582 861 1804 890 numerum
1842 846 1998 891 admiffi
2037 848 2126 891 sunt
2154 849 2279 893 etiam
2297 866 2390 906 po·-

1354 902 1526 965 tentosi,
1551 902 1631 957 (f)
1662 904 1704 947 &
1724 903 1959 959 monstrosi,
1982 905 2080 949 ut&
2097 905 2125 949 ii
2140 906 2308 951 decimae
2328 925 2396 952 ca-

1356 959 1509 1014 piendae
1530 959 1769 1005 facultatem
1796 961 2013 1006 afferrent:
2044 979 2138 1006 cum
2160 964 2198 1007 id
2215 964 2396 1011 minime

1361 1029 1570 1082 receptum
1594 1018 1638 1061 fit
1664 1018 1710 1061 in
1736 1018 2041 1072 omnibusjuris
2054 1021 2260 1075 articulis,
2295 1038 2396 1078 prae-

1356 1074 1490 1119 sertim
1517 1076 1583 1120 ubi
1600 1092 1685 1120 non
1704 1077 1903 1121 damnum
1917 1079 2115 1122 avertitur
2147 1079 2207 1123 sed
2230 1079 2393 1125 lucrum

1353 1145 1540 1189 captatur
1557 1166 1566 1176 .
1599 1136 1662 1191 (g)
1692 1134 1820 1178 Filius
1847 1147 2034 1191 praeterea
2061 1135 2260 1190 susceptus
2287 1139 2394 1192 apud

1355 1191 1482 1235 hostes
1521 1191 1565 1235 &
1596 1191 1848 1249 postliminio
1864 1194 2066 1247 reversus,
2091 1194 2301 1251 (thegem
2318 1195 2394 1238 Pa-

1356 1249 1465 1305 piam
1487 1248 1648 1293 laxabat
1665 1282 1676 1303 ,
1697 1250 1919 1295 &decimae
1931 1252 2135 1306 capiendae
2149 1251 2393 1297 facultatem

1353 1323 1402 1351 ex
1436 1307 1590 1352 mutuis
1620 1308 1873 1352 testamentis
1904 1309 2136 1365 parentibus
2167 1310 2390 1365 p'ariebat':

1357 1365 1545 1421 idemque
1589 1366 1836 1409 beneficium
1881 1367 2116 1422 praestabant
2160 1366 2276 1411 liberi
2310 1365 2395 1422 post

1355 1438 1513 1466 nonum
1546 1423 1674 1475 (¹⁸⁵⁴)
1705 1423 1851 1466 natalis
1882 1424 1990 1467 diem
2006 1423 2168 1467 amissi:
2203 1425 2280 1477 (i)
2311 1439 2396 1479 quo

1353 1480 1416 1524 die
1466 1495 1621 1524 nomen
1670 1479 1893 1524 infantibus
1937 1481 2260 1536 imponebatur,
2295 1496 2396 1525 nam

1357 1537 1527 1581 nomine
1553 1537 1738 1582 nondum
1764 1538 1900 1581 indito
1929 1538 2092 1591 perinde
2117 1537 2391 1592 habebantur,

1354 1611 1400 1638 ac
1435 1595 1460 1638 fi
1493 1594 1657 1650 suscepti
1691 1595 1866 1638 minime
1903 1593 2067 1638 fuissent
2089 1627 2101 1649 ,
2131 1607 2176 1638 ut
2206 1595 2395 1639 observat

1355 1651 1572 1704 Cujacius.
1605 1652 1760 1695 Graecis
1794 1667 1887 1695 vero
1933 1651 2158 1696 nominalis
2189 1652 2271 1695 dies
2303 1662 2393 1696 erat

1356 1710 1548 1764 septimus
1600 1709 1643 1753 δε
1692 1709 1860 1753 οξὶενιιε
1885 1741 1897 1763 ,
1941 1710 2047 1765 quod
2089 1709 2392 1763 casaubonus,

1355 1770 1445 1822 (k)
1487 1767 1531 1810 δε
1574 1766 1780 1823 Scaliger,
1812 1783 1834 1810 a
1867 1766 2041 1819 Cujacio
2084 1767 2397 1821 dissentientes,

1356 1824 1633 1869 tradiderunt.
1679 1827 1774 1867 Duo
1805 1836 1945 1868 autem
1979 1824 2096 1867 liberi
2129 1825 2260 1867 amissi
2292 1826 2395 1868 duas

1355 1883 1531 1926 decimas
1574 1881 1845 1933 adjiciebant.
1894 1882 2041 1924 Praeter
2084 1881 2288 1924 decimam
2332 1880 2396 1933 jus

1354 1952 1441 1984 erat
1490 1938 1730 1994 conjugibus
1777 1938 1837 1983 uti
1880 1938 1960 1982 frui
2004 1938 2123 1981 tertia
2173 1951 2285 1993 parte
2318 1939 2392 1981 bo-

1356 2013 1536 2051 norum,
1583 1997 1628 2040 &
1668 2009 1930 2052 quotcunque
1975 1996 2122 2039 liberos
2153 1995 2352 2039 haberent
2373 2025 2389 2049 ‚

1355 2055 1530 2108 ejusdem
1578 2055 1703 2110 partis
1746 2055 2041 2109 proprietatem
2084 2068 2258 2107 capere.
2301 2054 2392 2096 De-

1354 2115 1464 2158 cima
1519 2127 1619 2157 vero
1675 2112 1759 2156 haec
1807 2123 1895 2156 erat
1947 2122 2062 2155 extra
2110 2110 2272 2154 causam
2314 2109 2392 2173 do-

2333 2177 2386 2209 ΠΒ

2278 2236 2388 2247 ——-

1349 2273 1419 2312 jure
1446 2274 1530 2307 liber
1562 2295 1572 2306 .
1610 2273 1706 2306 Basil.
1737 2274 1795 2306 sie.
1815 2282 1846 2312 5.
1871 2274 1915 2306 ad
1937 2273 1998 2306 Lx.
2035 2271 2118 2304 unde
2143 2270 2208 2304 vir.
2237 2268 2277 2300 (5
2301 2277 2391 2301 uxor.

1350 2327 1479 2405 μῗῖζ
1501 2366 1538 2396 L.
1562 2371 1621 2403 133
1637 2361 1677 2406 ff.
1704 2363 1742 2395 Ae
1757 2363 1790 2393 V.
1806 2363 1846 2393 s.

1396 2411 1414 2451 ζ
1425 2420 1447 2451 g
1460 2409 1479 2448 ’)
1504 2411 1542 2441 L.
1557 2411 1621 2441 ule.
1639 2409 1668 2451 §-
1678 2407 1706 2449 fi
1721 2418 1795 2440 vero
1809 2405 1979 2440 creditores
1997 2405 2073 2438 ade
2086 2403 2157 2443 iure
2169 2401 2386 2440 delibCuiac·

1350 2456 1392 2488 aa
1404 2456 1430 2487 1.
1451 2462 1521 2493 ¹35-
1534 2451 1573 2497 ff.
1588 2453 1629 2485 de
1645 2455 1678 2485 V.
1695 2455 1727 2486 S.
1747 2452 1849 2485 Paull.
1864 2450 1922 2484 lib.
1938 2462 1971 2490 4.
1997 2451 2081 2490 sent.
2101 2451 2154 2482 tie.
2177 2460 2206 2488 9.

1396 2501 1413 2540 (
1429 2501 1447 2530 b
1460 2499 1479 2537 )
1505 2501 1579 2538 L.9.
1592 2496 1632 2543 ff
1647 2498 1684 2531 de
1699 2505 1765 2540 cap.
1781 2498 1860 2530 min.
1876 2495 1916 2528 <9⁴
1929 2493 2070 2538 postlim.
2085 2495 2205 2535 revevfi

1395 2544 1496 2586 (⁴‘⁴')
1523 2544 1595 2577 Post
1622 2542 1820 2581 nominum,
1856 2541 2000 2574 malebat
2036 2539 2202 2573 Merillius
2228 2536 2303 2578 ebs.
2332 2537 2387 2568 ΙῙ.

1353 2600 1404 2629 33.
1429 2589 1506 2632 quia
1532 2589 1575 2622 sic
1600 2588 1636 2621 in
1663 2591 1765 2621 MSto
1802 2587 1997 2630 legebantur
2020 2584 2157 2618 Tiliano
2173 2606 2184 2623 ‚
2224 2584 2255 2616 &
2280 2583 2389 2615 inter-

1352 2635 1543 2677 pretabatur
1566 2633 1607 2667 de
1638 2632 1885 2670 manualibus,
1932 2631 1987 2665 seu
2011 2629 2063 2663 die
2087 2629 2246 2669 lustrico,
2273 2627 2304 2659 ἃ
2331 2635 2391 2676 na-

1351 2680 1485 2713 tivitate
1512 2678 1632 2713 ostavo
1663 2679 1700 2711 in
1726 2677 1883 2716 feminis,
1913 2676 1947 2709 in
1974 2675 2120 2709 maribus
2145 2672 2387 2722 nono-..Quic-

1350 2724 1429 2768 quid
1458 2724 1522 2763 fit,
1551 2725 1620 2767 post
1654 2723 1743 2757 diem
1817 2722 1937 2755 timum
1967 2721 2100 2753 nomina
2128 2717 2245 2767 liberis.
2263 2714 2387 2766 indita.

1355 2768 1545 2804 Plutarchus
1576 2768 1691 2802 austor
1716 2779 1734 2801 e
1822 2765 1900 2806 uest>
1933 2768 2023 2797 Rom.
2039 2770 2072 2806 p.
2090 2764 2164 2795 288.
2191 2772 2247 2804 qur
2263 2759 2296 2793 id
2319 2759 2396 2810 ideo

1353 2815 1423 2848 fieri
1448 2814 1584 2847 solitum
1615 2811 1737 2853 refert,
1761 2812 1846 2854 quod
1873 2810 2030 2853 plerisque
2082 2807 2267 2839 infantibus
2295 2804 2397 2847 septt-

1353 2870 1408 2893 mo
1448 2858 1501 2891 die
1543 2858 1718 2892 umbilicus
1757 2854 1885 2889 decidat
1902 2874 1913 2892 s
1956 2852 2011 2896 qui
2057 2851 2161 2884 donec
2205 2848 2395 2889 deciderit3

1354 2906 1473 2949 plantae
1508 2904 1612 2944 magis
1633 2913 1732 2947 quam
1758 2899 1896 2933 animali
1926 2897 2066 2930 similior
2094 2897 2132 2929 sit
2151 2895 2258 2929 infans
2277 2921 2281 2925 .
2299 2894 2398 2929 chri-

1351 2950 1443 2984 stiani
1477 2943 1605 2993 quoque
1630 2947 1748 2982 ottavo
1768 2945 1820 2978 die
1851 2943 2066 2986 baptizabant
2087 2964 2097 2981 ‚
2138 2952 2235 2984 quern
2264 2947 2396 2975 morem

1352 2996 1487 3029 damnat
1516 2993 1702 3038 Cyprianus
1737 2989 1823 3035 epist.
1843 2998 1896 3031 59.
1912 2988 2108 3033 Augustinus
2138 2995 2185 3030 ep.
2207 2989 2260 3025 38.

1396 3042 1416 3082 (
1435 3041 1479 3080 ι’)
1506 3042 1583 3082 Uip.
1616 3039 1671 3073 m.
1689 3046 1730 3076 ας
2374 3074 2384 3082 ·

1396 3090 1415 3127 (
1430 3087 1454 3121 k
1469 3086 1488 3124 )
1515 3086 1570 3120 Ad
1593 3084 1763 3126 capitolin·
1791 3084 1826 3114 u'n
1845 3083 1949 3115 Mas-e.
1969 3079 2113 3113 Antonio
2140 3076 2268 3120 joseph.
2299 3074 2400 3110 scali-

1353 3128 1741 3177 ger-Auson.!e8.lib.2.
1760 3134 1886 3170 θῆραι.
1904 3125 2036 3160 Salmas.
2063 3124 2105 3157 ad
2125 3121 2346 3165 Capiti-‘estus
2359 3120 2397 3152 ¹¹12

1353 3177 1446 3211 verbo
1473 3175 1612 3217 Lussricr'
1627 3198 1638 3214 ‚
1665 3174 1723 3206 ubi
1755 3175 1836 3205 scal
1867 3170 1978 3210 Cujac.
1999 3174 2115 3204 Enarr·
2127 3169 2288 3212 adparat.
2308 3169 2343 3201 C·
2358 3165 2395 3200 dt

1358 3222 1483 3268 infirm.
1500 3223 1601 3266 penis
1616 3217 1752 3258 coelibus.
1770 3218 1940 3254 Metillius
1954 3227 1986 3253 2·
2012 3215 2074 3262 obs.
2093 3224 2146 3256 33.
