2524 3479
727 105 1098 184 Juats
1179 111 1228 164 c:

201 183 388 244 'Augusto
409 181 537 230 veteri
560 182 750 229 libertate
770 184 961 228 resisteret
976 216 987 237 ,
1009 199 1139 240 neque
1154 185 1222 229 ad-

201 246 295 289 duci
323 244 446 300 posset
462 276 473 297 ‚
490 256 537 287 ut
557 241 699 290 servile
727 241 837 285 illius
853 242 982 285 aetatis
1001 241 1222 299 ingenium

204 301 443 357 susciperet.
477 302 591 345 Hinc
618 300 817 343 Horatius
840 331 851 351 ,
887 312 931 343 ut
963 300 1224 345 assentaretur

198 360 385 416 Augusto
410 393 422 415 ‚
456 356 785 414 temporibusque
826 356 995 400 serviret
1023 390 1035 411 ‚
1070 360 1222 402 Labeo·

196 432 297 461 nem
324 418 367 461 in
387 416 539 471 Satyris
559 413 738 470 appellat
753 416 817 467 (a)
837 414 1025 458 insanum
1047 448 1056 459 .
1078 418 1223 472 Itaque

194 491 292 519 cum
321 475 383 519 vir
407 476 546 517 virum
574 472 618 515 in
637 473 835 516 Senatum
864 471 1044 528 legeret,
1070 475 1223 519 veritus

195 548 284 576 non
310 532 366 575 est
390 532 469 587 ipse
498 531 628 588 legere
664 532 730 574 M.
753 530 952 585 Lepidum
977 546 989 584 3
1034 535 1222 588 quamvis

195 589 362 633 O&avii
390 589 611 633 inimicum
645 600 733 632 tum
762 588 1001 632 exulantem
1030 605 1040 642 3
1073 605 1146 633 nec
1178 608 1218 634 a-

191 645 298 690 liam
326 646 445 699 hujus
470 646 562 691 faeti
590 645 895 690 excusationem
922 645 1061 689 attulit
1089 663 1100 699 3
1132 649 1220 701 (b)

191 704 270 747 nisi
296 706 402 758 quod
429 704 573 759 cuique
601 705 762 749 homini
787 704 901 747 suum
928 703 974 746 fit
995 703 1192 756 judicium
1210 738 1219 748 .

194 763 255 805 Et
284 778 379 805 cum
408 777 550 807 contra
588 763 893 816 increparetur,
931 778 979 804 ac
1019 774 1215 818 tanquam

193 835 295 875 puer
327 819 564 864 illuderetur
589 821 639 862 ab
673 820 880 873 Augusto,
914 818 1019 862 nihil
1051 820 1085 862 se
1119 820 1214 863 mali

190 879 467 931 promeritum
491 877 709 933 respondit,
728 877 753 919 si
775 876 925 932 legeret
940 878 983 919 in
1001 878 1215 931 Senatum,

191 949 317 990 quem
346 936 548 990 Augustus
585 934 830 977 Pontificem
869 934 943 978 esse
972 948 1173 989 pateretur
1205 953 1212 977 t

189 992 378 1035 nondum
404 994 517 1036 enim
545 993 659 1036 ausus
698 991 831 1036 fuerat
862 993 1063 1045 Augustus
1099 993 1213 1048 Lepi-

189 1048 242 1091 do
258 1082 269 1101 ,
292 1051 432 1094 ceteris
458 1050 713 1093 ornamentis
737 1062 862 1093 exuto
880 1082 892 1103 ,
917 1050 1209 1094 Pontificatum

189 1108 370 1162 eripere.
407 1110 501 1162 Quo
523 1107 707 1163 responso
738 1107 970 1161 Principem
988 1108 1122 1150 Labeo
1147 1109 1213 1151 de-

192 1163 361 1207 linivit.
384 1164 513 1217 Cujus
541 1178 680 1208 tamen
720 1178 764 1208 ut
791 1165 1096 1208 contumaciam
1127 1167 1204 1219 Au-

189 1222 324 1278 gustus
365 1222 568 1278 frangeret
593 1254 604 1275 ,
640 1221 827 1273 Atreium
852 1222 1108 1276 Capitonem
1133 1223 1210 1264 stu·

187 1280 348 1322 diorum
381 1279 491 1323 illius
515 1279 710 1322 :emulum
733 1310 745 1331 ‚
776 1293 897 1333 atque
925 1279 1050 1321 laudis
1076 1280 1211 1322 obtre-

185 1336 386 1380 &atorem
409 1369 421 1390 ,
454 1337 496 1379 in
529 1336 778 1379 Consulatus
822 1336 1022 1389 petitione
1065 1350 1208 1390 praetu-

175 1394 236 1436 'lit
258 1393 438 1438 Labeoni
458 1426 463 1432 .
481 1395 538 1446 (c)
553 1394 639 1437 Etsi
669 1409 751 1436 non
773 1392 901 1436 desint
920 1393 989 1449 qui
1015 1393 1208 1447 scribant,

180 1452 417 1495 Labeonem
439 1452 666 1495 Consulem
686 1451 895 1494 si1ffe6’turn
919 1451 1120 1494 honorem
1142 1468 1205 1495 ac-

178 1509 312 1566 cipere
338 1510 387 1552 ab
402 1509 578 1554 ottavio
609 1509 793 1553 recusasse
809 1542 819 1552 .
835 1510 901 1561 (d)
921 1509 1204 1565 Quamobrem

177 1566 289 1610 intra
322 1570 536 1611 Praeturam
569 1568 602 1611 se
629 1567 870 1620 continuit,
901 1583 947 1610 ac
974 1567 1089 1610 laude
1122 1567 1202 1610 vir-

172 1623 276 1667 tutis
319 1625 593 1668 Consulatum
632 1625 809 1668 anteivit
837 1656 845 1666 .
878 1625 992 1667 Cum
1027 1623 1203 1679 philoso-

173 1682 316 1738 phiam
348 1714 359 1733 ‚
395 1683 635 1738 ceterasque
656 1684 854 1737 ingenuas
879 1695 1012 1735 artes,
1032 1698 1077 1725 ac
1105 1698 1199 1736 prae-

175 1740 294 1795 cipue
326 1740 581 1784 dialet‘ticam
600 1773 610 1791 ,
630 1741 674 1784 ὃς
695 1740 1009 1796 grammaticam
1042 1740 1205 1794 impen-

179 1797 216 1840 se
241 1795 465 1850 didicisset,
485 1798 641 1852 accepit
668 1797 905 1840 aTrebario
929 1796 1198 1851 jurispruden-

175 1853 318 1898 tiam:
353 1855 394 1898 in
423 1872 500 1911 qua
534 1855 687 1898 meruit
724 1871 817 1898 cum
842 1854 986 1897 Servio
1020 1854 1203 1910 Sulpicio

173 1911 352 1956 conferri
378 1930 400 1955 a
432 1913 620 1957 Petronio
649 1913 821 1956 Arbitro
848 1913 1012 1955 .Mirus
1040 1925 1124 1955 erat
1158 1912 1200 1955 in

174 1970 406 2025 originibus
446 1971 669 2017 latinarum
716 1986 865 2013 vocum
904 1969 1197 2024 expiscandis:

172 2033 347 2082 quarum
382 2029 617 2081 cognitione
640 2028 881 2071 latentiores
907 2026 1045 2082 legum
1070 2026 1200 2070 sensus

175 2085 343 2127 eruebat
361 2117 370 2126 .
390 2089 444 2126 At
470 2086 634 2128 scientia
653 2118 664 2138 ,
689 2087 876 2139 miroque
901 2084 1092 2128 acumine
1119 2085 1198 2127 sub.

174 2141 280 2185 latus
301 2142 460 2192 ingenii
476 2175 487 2195 ‚
510 2143 630 2197 longe
663 2142 730 2185 sibi
760 2141 847 2197 plus
869 2141 1052 2194 indulsit,
1073 2158 1196 2196 quam

170 2199 389 2255 superiores
417 2198 717 2250 jurisconsulti.
734 2201 848 2242 Nam
869 2212 984 2243 extra
1012 2212 1194 2242 veterum

168 2257 440 2300 traditionum
468 2258 568 2301 fines
586 2271 779 2313 evagatus
798 2290 809 2309 ,
825 2257 943 2300 novis
974 2256 1198 2300 luminibus

166 2313 229 2367 jus
265 2315 389 2358 civile
430 2314 622 2369 suffudit3
655 2317 913 2370 tentavitque
942 2314 1056 2369 plura
1093 2331 1195 2357 nori-

167 2372 266 2416 dum
299 2373 388 2415 ausa
414 2373 613 2427 prioribus
642 2405 651 2414 .
688 2375 750 2415 Ita
783 2385 825 2415 ut
851 2389 899 2416 ex
926 2371 1009 2423 ejus
1036 2372 1192 2415 novita-

170 2442 213 2473 te
241 2430 435 2473 doti'trinae
474 2430 689 2484 peculiaris
712 2429 1038 2485 jurisprudentiae
1061 2429 1195 2472 schola

176 2486 389 2530 extiterit:
425 2505 513 2543 quae
543 2489 593 2531 ab
617 2505 664 2531 eo
681 2521 692 2539 ,
725 2488 853 2530 veluti
877 2504 898 2529 a
923 2487 1080 2542 capite,
1105 2487 1193 2529 lon-

171 2559 224 2601 ga
248 2545 486 2588 successione
517 2546 686 2589 Proculo
704 2577 715 2598 ,
738 2547 890 2588 Nervae
916 2544 1027 2595 filio,
1058 2544 1101 2586 ὃς
1125 2545 1216 2587 Pe„

171 2602 292 2656 gaso,
325 2602 367 2645 ἃ
394 2603 527 2645 Caelio
564 2603 738 2656 tradita,
771 2601 1034 2645 Proculianos
1079 2617 1192 2656 pepe-

162 2659 218 2702 rit
236 2691 248 2712 ,
275 2659 325 2703 ,ὃς
356 2660 614 2716 Pegafianos.
650 2659 791 2703 Studia
817 2660 881 2702 sua
908 2659 964 2703 ita
991 2658 1194 2714 dispertie-

167 2715 262 2769 bat,
297 2730 342 2760 ut
383 2717 445 2761 sex
475 2719 633 2761 menses
670 2718 712 2761 in
738 2716 1000 2761 solitudinem
1036 2717 1070 2759 se
1096 2733 1192 2760 cori-

164 2771 385 2818 scribendis
411 2775 527 2818 libris
563 2774 826 2828 conjiceret3
861 2775 922 2820 seit
959 2790 1056 2818 vero
1092 2773 1194 2818 alios

284 2834 387 2886 Jani
418 2835 609 2877 Gravinae
639 2836 753 2876 Tem.
772 2835 804 2876 Ι.

162 2905 270 2917 -ῇ

211 2941 288 2979 [a]
318 2943 430 2976 L‹b.1.
465 2948 579 2985 satyr.
600 2956 627 2984 3.
660 2944 827 2979 Οε11.1ἐῶ.
852 2955 902 2984 13.
934 2957 960 2979 c.
988 2955 1036 2976 12.

208 2986 224 3024 [
242 2984 291 3023 b]
319 2991 408 3020 Svet.
442 2991 478 3022 in
499 2995 582 3029 Aug.
600 3003 624 3023 c.
643 3001 694 3030 54.

208 3030 291 3070 [c]
321 3032 455 3072 Dionys.
473 3034 531 3066 lib.
556 3045 608 3074 39.
635 3035 745 3068 Tacit.
773 3037 884 3069 annal.
904 3034 962 3068 lib.
987 3045 1014 3073 3.
1046 3042 1112 3077 cap.
1132 3042 1186 3075 73.

217 3076 297 3122 [A]
329 3076 442 3117 Pomp.
471 3079 531 3111 lib.
553 3091 582 3110 2.
597 3079 634 3124 ff.
653 3082 689 3112 dc
704 3082 783 3121 orig.
801 3079 864 3119 jur.

209 3121 284 3160 [⁹³]
319 3121 378 3152 Vel
416 3122 484 3163 ipse
529 3123 606 3155 ideo
645 3125 858 3158 accensendus
886 3124 1085 3158 Manichaeis
1111 3131 1189 3156 ante

168 3167 343 3200 Manetem
362 3187 372 3205 ,
399 3167 454 3209 qui
469 3187 480 3208 ,
499 3174 535 3202 ut
552 3177 670 3202 notum
687 3171 730 3203 est
746 3189 758 3212 ‚
781 3171 933 3214 prospera
952 3168 1135 3205 hominibus
1152 3168 1189 3201 Θ·

605 2912 760 2920 ——-——

1270 113 1732 169 1V1L18.
2221 141 2303 191 49

1271 189 1433 246 publice
1457 190 1490 234 se
1512 190 1816 235 consulentibus
1839 191 2043 247 praeberet.
2060 196 2178 241 Cum
2201 216 2304 246 orae«

1273 260 1333 290 ter
1359 247 1590 292 humanum
1609 249 1763 303 ,divini
1783 247 1879 301 juris
1893 251 2018 294 etiam
2037 254 2131 296 esset
2147 247 2303 311 peritis-

1274 304 1536 359 simus3du0s
1550 308 1735 351 Deorum
1761 307 1924 351 ordines
1948 308 2156 366 distinxit,
2172 315 2301 360 malo,

1274 379 1364 406 rum
1385 363 1563 407 alterum
1586 396 1597 418 ,
1617 365 1686 419 qui
1706 366 1901 409 aerumnis
1927 366 2148 413 hominum
2168 387 2179 423 3
2200 372 2302 416 alte-

1271 436 1362 464 rum
1379 421 1582 464 bonorum
1599 423 1684 475 ,(*)
1712 423 1779 479 qui
1804 422 1933 478 ludis,
1953 424 1996 468 δί
2023 425 2300 483 voluptatibus

1273 479 1553 531 placarentur:
1570 480 1676 535 quod
1698 496 1720 522 a
1746 480 1883 523 Stoica
1900 513 1911 535 ,
1929 484 1969 522 ὥς
1989 483 2203 529 Platonica
2224 488 2297 530 do-

1269 536 1400 579 &rina
1423 535 1640 580 retulerat.
1661 538 1719 589 (e)
1747 539 1898 580 Tantae
1937 538 2016 583 fuit
2040 543 2297 590 auctoritatis

1269 594 1311 637 in
1339 593 1455 637 Urbe
1472 626 1483 648 ‚
1504 607 1549 637 ut
1572 611 1668 638 cum
1692 595 1889 639 acerrime
1917 611 2140 644 certaretur
2163 603 2209 645 de
2235 619 2298 646 re-

1269 652 1461 706 cipiendo
1487 652 1774 697 codicillorum
1796 653 1894 709 usu3
1917 654 2028 699 illius
2054 659 2296 715 exemplum

1266 725 1410 753 omnes
1429 709 1533 753 alios
1564 711 1611 753 ad
1636 711 1670 754 se
1697 710 1894 754 traxerit.
1930 714 2073 759 Nemo
2098 718 2211 761 enim
2245 719 2293 763 de

1268 767 1552 811 codicillorum
1576 768 1814 812 auetoritate
1834 769 2037 815 dubitavit
2053 806 2064 827 ,
2080 775 2293 832 postquam

1268 824 1316 867 iis
1334 825 1448 868 usum
1465 827 1696 869 Labeonem
1718 827 1907 882 apparuit
1921 859 1930 870 .
1953 830 2017 874 De
2034 846 2204 876 numero
2238 834 2293 876 li-

1267 883 1433 925 brorum
1456 882 1539 934 ejus
1565 884 1818 940 ambigitur:
1856 899 1952 928 narn
1974 889 2078 941 apud
2112 890 2290 946 Pompo-

1267 940 1382 983 nium
1399 941 1441 983 in
1457 941 1659 996 aliquibus
1681 941 1885 985 codicibus
1911 943 2101 999 leguntur
2116 949 2288 1003 quadra-

1265 998 1381 1053 ginta
1397 999 1637 1051 volumina3
1660 1001 1701 1042 in
1722 999 1950 1051 Cujaciano
1975 1018 2071 1046 vero
2096 1005 2290 1060 quadrin-

1263 1057 1509 1111 genta.Qui
1526 1071 1661 1099 autem
1692 1057 1784 1100 libri
1806 1058 1889 1111 post
1908 1058 1992 1109 ejus
2020 1076 2200 1107 mortem
2215 1082 2287 1120 apr

1266 1127 1483 1167 paruerunt
1508 1145 1519 1165 ,
1541 1114 1737 1169 appellati
1767 1115 1858 1156 sunt
1895 1117 2159 1171 posteriores:
2193 1123 2286 1177 qui-

1263 1171 1333 1213 lius
1352 1171 1495 1222 multa,
1512 1171 1555 1213 ἃ
1579 1173 1752 1216 abstrusa
1778 1172 1824 1214 de
1846 1175 2136 1220 vocabulorum
2159 1180 2289 1236 origi-

1262 1229 1395 1281 nibus,
1410 1227 1452 1270 &
1473 1243 1613 1271 eorum
1630 1230 1924 1284 significatione
1952 1235 2286 1282 continebantur.

1387 1286 1427 1327 C
1487 1286 1526 1327 A
1590 1287 1618 1327 P
1683 1291 1719 1329 U
1784 1286 1828 1328 T
1947 1292 2156 1336 LXXIV.

1522 1345 1590 1386 De
1624 1345 1762 1398 Attejo
1800 1346 2020 1400 Capitone.

1268 1397 1423 1501 EJus
1456 1400 1671 1454 AEmulus,
1702 1420 1749 1446 ac
1781 1402 1930 1449 discors
1973 1405 2158 1450 moribus
2188 1441 2200 1461 ,
2233 1411 2278 1454 &

1381 1458 1566 1502 doftrina
1598 1459 1676 1502 fuit
1724 1458 1886 1510 Attejus
1923 1462 2117 1518 Capito3
2163 1466 2283 1523 siqui-

1257 1512 1348 1557 dem
1394 1517 1527 1560 Labeo
1566 1517 1723 1571 ingenii
1763 1522 1879 1570 aestu,
1912 1534 2056 1575 praeter
2089 1537 2279 1570 veterum

1257 1572 1497 1617 traditiones
1523 1574 1782 1632 vehebatur3
1814 1588 1854 1623 at
1885 1578 2040 1632 Capito
2078 1580 2278 1637 religione

1255 1632 1456 1695 quadam,
1492 1648 1538 1675 ac
1565 1636 1828 1681 veneratione
1869 1649 2162 1691 praeceptorum
2206 1657 2281 1684 an-

1255 1700 1439 1741 tiquitati
1469 1690 1819 1745 obstringebatur.
1844 1694 2002 1737 Verum
2024 1696 2158 1740 Labeo
2180 1715 2278 1744 curn

1254 1745 1483 1790 dominam
1514 1749 1719 1801 sperneret
1741 1766 1925 1796 veterum
1953 1784 1965 1805 ‚
2009 1754 2178 1807 priscam
2212 1771 2278 1800 ta-

1255 1818 1351 1846 men
1378 1805 1613 1849 libertatem
1637 1809 1860 1853 retinebat.
1893 1810 2048 1863 Capito
2076 1828 2171 1855 vero
2203 1829 2280 1858 no-

1253 1876 1346 1925 vam
1377 1862 1518 1906 lubens
1540 1866 1888 1920 comple&ebatur
1920 1867 2154 1913 servitutem
2176 1903 2188 1924 ,
2222 1872 2280 1916 ita

1252 1931 1295 1960 ut
1323 1918 1459 1963 literas
1486 1923 1645 1976 potius,
1677 1941 1802 1980 quam
1831 1924 2025 1969 animum
2059 1929 2278 1983 arripuerit

1255 1988 1438 2021 veterum
1482 1983 1771 2025 Romanorum
1802 2015 1811 2025 .
1856 1984 1981 2026 Unde
2016 1985 2186 2028 callidus
2218 1988 2278 2030 as-

1257 2033 1434 2077 sentandi
1455 2036 1602 2079 artifex
1631 2039 1680 2080 ab
1706 2041 1888 2095 Augusto
1913 2041 2167 2086 consulatum
2194 2044 2275 2087 im-

1253 2093 1428 2144 petravit
1453 2124 1465 2146 ,
1499 2106 1612 2157 tanta
1635 2097 1827 2139 omnium
1858 2098 2041 2150 invidia3
2075 2113 2117 2142 ut
2145 2117 2274 2155 popu-

1254 2146 1380 2212 larem
1431 2164 1609 2206 gratiam
1651 2154 1800 2197 aemulo
1838 2155 1904 2198 suo
1942 2156 2123 2200 Labeoni
2167 2158 2277 2202 haud

1249 2221 1441 2270 exi-guam
1487 2210 1724 2264 pepererit.
1759 2213 1941 2267 Augusto
1980 2229 2145 2258 mortuo
2177 2218 2274 2260 adu-

1251 2263 1448 2308 lationem
1485 2268 1609 2310 vertit
1637 2269 1684 2311 ad
1710 2270 1930 2314 Tiberium
1959 2287 1969 2312 :
2004 2287 2085 2325 quo
2114 2273 2156 2315 in
2179 2274 2277 2318 adu·-

1250 2321 1370 2385 lando
1403 2323 1576 2378 tefflor,
1608 2341 1656 2368 eo
1680 2326 1939 2371 callidissimo
1976 2328 2155 2386 Principi
2182 2348 2275 2386 gra-

1249 2392 1352 2444 tior.
1391 2382 1654 2444 Admiscebat
1689 2385 1802 2428 enim
1834 2385 1908 2428 suis
1934 2385 2271 2434 assentationibus

1248 2449 1525 2482 imitationem
1566 2441 1771 2496 quandam
1812 2443 1989 2497 pristinae
2028 2443 2268 2488 libertatis:

1246 2509 1322 2547 qua
1349 2494 1568 2539 Tiberium
1590 2497 1744 2541 invidia
1767 2499 1950 2554 populari
1980 2499 2138 2544 levabat
2155 2535 2163 2544 .
2186 2502 2267 2557 (f)

1247 2552 1359 2594 Cum
1390 2553 1503 2595 enirn
1536 2555 1729 2606 Tiberius
1767 2557 1810 2598 in
1840 2573 1926 2599 reos
1957 2557 2173 2608 majestatis
2203 2577 2265 2605 re-

1244 2607 1324 2672 cipi
1358 2621 1513 2673 vetaret
1539 2611 1713 2655 Lucium
1746 2614 1962 2666 Ennium,
1996 2615 2065 2671 qui
2087 2618 2267 2673 effigiem

1248 2665 1450 2730 Principis
1485 2667 1526 2710 in
1554 2684 1823 2714 communem
1857 2674 2017 2728 argenti
2050 2674 2164 2717 usum
2199 2676 2262 2720 fu-

1243 2722 1392 2788 deratt:
1429 2726 1538 2779 ipse,
1571 2728 1679 2782 quasi
1712 2744 1797 2771 riori
1818 2729 2019 2785 Principis
2040 2731 2261 2789 blanditor,

1246 2779 1308 2824 sed
1330 2782 1484 2826 vindex
1518 2783 1654 2839 priscae
1693 2784 1919 2830 libertatis:
1957 2805 2031 2831 non
2055 2787 2127 2845 effe
2150 2824 2163 2845 ,
2196 2792 2263 2835 in-

1806 2847 1847 2888 G
1870 2892 1875 2893 ⁷
2142 2849 2259 2904 quit,

1236 2942 1405 2981 salutaria
1431 2946 1548 2982 Bono,
1575 2947 1714 2988 adversa
1750 2958 1859 2979 contra
1878 2948 1916 2980 (9·
1945 2951 2039 2981 noxis
2070 2954 2163 2983 Malo
2191 2962 2252 2984 nu-

1242 2987 1326 3018 mini
1350 2987 1489 3020 tribuere
1508 2990 1651 3028 solebat.
1681 2991 1740 3025 Sed
1772 2990 1868 3030 huius
1898 2994 2067 3028 sententiae
2083 2997 2253 3029 minorem

1241 3030 1453 3076 Theologum
1485 3035 1515 3066 ἃ
1543 3047 1560 3068 a
1587 3038 1696 3069 nostro
1720 3037 1888 3069 diversum
1917 3039 2006 3072 {uisse
2023 3063 2032 3077 ,

2059 3041 2251 3075 verisimili-

1211 3101 1213 3106 .
1243 3085 1294 3109 ter
1321 3086 1416 3119 putat
1443 3078 1594 3113 laudatus
1620 3092 1683 3113 van
1710 3082 1951 3122 ssynkershoek
1976 3092 2006 3125 p.
2027 3096 2076 3123 94.

1289 3123 1304 3162 [
1325 3134 1340 3153 e
1358 3124 1372 3161 ]
1402 3127 1483 3165 Aug.
1510 3125 1569 3157 lib.
1585 3137 1615 3158 2.
1642 3128 1679 3158 de
1697 3129 1769 3159 σίν.
1790 3129 1856 3159 Dei
1870 3139 1954 3168 c.77.
1970 3129 2061 3162 Iibss.
2077 3137 2203 3173 capum.

1290 3168 1372 3212 [f]
1399 3170 1512 3204 Tacit.
1533 3183 1609 3206 ann.
1639 3171 1697 3207 lib.
1717 3182 1745 3212 3.
1774 3174 1809 3205 in
1819 3172 1881 3215 fin.
1911 3181 1978 3216 cap.
1993 3183 2047 3216 75.
