2596 3479
203 96 309 149 108

253 165 298 282 J
317 159 589 268 ANI
642 149 1465 261 VINCENTH
1519 151 2272 259 GRAVINAE

414 323 537 445 O
649 321 779 441 R
886 317 940 438 I
1055 315 1182 439 G
1293 313 1348 433 I
1461 314 1594 436 N
1705 317 1884 442 U>
1949 318 2110 439 M

191 496 1032 690 JURIS
1184 490 2328 675 CIVILIS

485 725 983 807 LIBER
1143 722 2057 801 SECUNDUS

887 882 1190 958 Qut
1352 883 1652 937 EsT

226 1020 388 1110 DE
445 1016 748 1122 JURE
805 1009 1558 1114 NATURAL13
1615 1008 2237 1127 GENTIUM
2266 1070 2305 1114 3

520 1161 681 1242 ET
773 1160 985 1235 XII*
1059 1155 1954 1232 TABULARUMt

637 1403 639 1405 .
681 1349 830 1394 mentis
866 1381 878 1402 3
933 1360 1003 1390 tuo
1052 1345 1150 1398 jussu
1207 1362 1246 1389 e-

614 1424 621 1425 ’
684 1407 780 1451 rutis
801 1438 813 1459 3
845 1418 964 1461 atque
985 1405 1147 1448 meliori
1177 1420 1245 1447 au-

685 1466 805 1521 spicio
839 1462 1089 1505 restituendis
1118 1494 1129 1515 ,
1161 1460 1249 1503 ani-

381 1545 467 1566 Ν.
575 1548 584 1567 ς
680 1523 736 1565 mi
765 1521 824 1563 tui
859 1519 1214 1575 magnificentiam
1236 1549 1247 1570 3

339 1577 384 1617 N·
470 1575 640 1620 „W”
679 1578 964 1623 CLEMENS
986 1577 1246 1627 OPTIME,

639 1656 643 1659 ·
684 1638 838 1680 summa
859 1650 956 1678 cum
978 1634 1247 1678 admiratione

681 1693 1018 1749 contemplantur
1058 1707 1202 1735 omnes
1235 1707 1247 1745 3

678 1753 813 1796 multo
873 1751 1006 1806 magis
1063 1750 1245 1793 frontem

207 1806 455 1851 contrahent
490 1808 728 1854 eruditiores
755 1843 766 1865 3
811 1810 907 1853 dum
942 1810 1048 1852 intra
1086 1807 1120 1851 se
1158 1806 1244 1849 vol-

208 1879 309 1909 vent
353 1865 576 1910 utilitatem
603 1901 614 1919 3
658 1885 746 1924 quae
777 1867 819 1912 in
853 1884 978 1911 omne
1015 1881 1142 1922 genus
1175 1864 1249 1908 ho-

205 1924 373 1967 minum
407 1924 693 1970 instauratione
729 1926 951 1969 studiorum
989 1941 1009 1967 a
1037 1937 1074 1967 te
1113 1923 1248 1966 lauda-

208 1981 347 2025 biliter
386 1983 557 2038 suscepta
590 1984 849 2027 manaverit:
888 1982 1059 2026 Etenim
1095 1993 1248 2037 quanto

207 2039 411 2082 aeternitas
437 2041 679 2084 mortalitati
706 2074 717 2094 3
749 2042 889 2084 anima
925 2038 1083 2096 corpori
1107 2070 1119 2091 3
1145 2037 1249 2081 divi-

210 2111 266 2140 na
310 2097 501 2141 humanis
533 2100 784 2143 antecellunt
811 2115 823 2152 3
857 2110 972 2141 tanto
1006 2098 1159 2140 anteire
1186 2112 1248 2139 ce-

209 2154 308 2197 teris
343 2157 529 2210 operibus
561 2157 639 2199 tuis
670 2169 829 2212 oportet
849 2172 895 2199 ea
918 2188 929 2209 3
963 2171 1050 2211 quae
1068 2153 1249 2210 quotidie

203 2211 481 2255 ‚conferuntur
520 2214 562 2255 in
601 2215 901 2258 incrementum
928 2212 1186 2269 Religionis3
1209 2211 1252 2253 &

214 2268 423 2312 literarum
454 2287 466 2323 3
507 2286 595 2325 quae
629 2284 768 2327 utpote
801 2271 1088 2322 immortales,
1122 2283 1251 2324 neque

212 2326 414 2370 incendiis
439 2359 450 2379 3
484 2341 552 2370 aut
597 2329 890 2383 direptionibus
915 2361 925 2380 3
959 2341 1027 2371 aut
1064 2340 1252 2379 naturae,

210 2385 484 2449 temporisque
507 2385 662 2437 injuriis
689 2388 873 2441 periturae
897 2384 1269 2429 immortalitatem”

209 2458 418 2497 propriam
453 2443 652 2499 Principis
690 2444 966 2487 beneficentia:
1002 2443 1254 2486 circumfun-

212 2499 386 2553 dentes,
430 2500 472 2542 ἃ
509 2513 727 2555 patronum
755 2534 766 2554 3
814 2502 1101 2557 vindicemque
1142 2501 1252 2543 suum

213 2555 353 2611 gloriae
399 2559 653 2611 perennitate
700 2571 1005 2602 remunerantes
1037 2591 1050 2612 3
1095 2574 1253 2601 memo-

213 2614 316 2676 riam
352 2646 364 2667 3
407 2614 449 2656 ὃς
492 2617 681 2671 exempla
733 2617 843 2660 illius
881 2617 1166 2659 transmittunt
1209 2616 1255 2658 ad

213 2672 493 2734 imitationem
542 2674 779 2726 posteritatis
812 2690 823 2726 3
867 2687 910 2716 ut
945 2675 1072 2715 virtus
1104 2706 1115 2725 3
1170 2673 1257 2729 qu'ae

217 2742 338 2770 unius
369 2729 536 2770 interitu
566 2731 765 2772 occideret
798 2762 810 2782 3
848 2730 888 2771 in
925 2746 1048 2772 omne
1086 2746 1217 2772 aevum
1245 2762 1257 2783 3

218 2783 341 2840 inque
379 2798 518 2839 gentes
542 2789 743 2829 universas
768 2787 974 2829 literarum
1009 2803 1083 2839 ope
1116 2788 1255 2829 multi-

219 2842 389 2895 plicetur
420 2874 427 2883 .
461 2843 651 2899 Cumque
689 2857 896 2898 tantopere
933 2845 1101 2899 gaudeas
1126 2845 1259 2899 priscis

215 2901 504 2943 Romanorum
528 2900 804 2956 signis3atque
827 2903 1094 2944 marmoribus
1115 2904 1257 2945 inven-

218 2959 272 3000 tis
298 2990 308 3010 ‚
343 2973 429 3012 quse
457 2958 667 3013 antiquam
702 2959 935 3001 animorum
967 2991 977 3011 3
1008 2959 1048 3001 ὅ(
1091 2962 1256 3014 Imperii

217 3015 550 3070 magnitudinem
584 3016 756 3070 produnt
783 3032 795 3068 3
827 3017 1025 3058 miremur
1058 3016 1081 3058 si
1115 3017 1258 3069 majori

217 3072 509 3115 munificentia
548 3073 620 3116 tibi
670 3073 926 3127 excipiendas
963 3074 1159 3116 censueris
1192 3092 1257 3117 ve-

219 3142 324 3184 teres
362 3131 489 3186 Leges
529 3163 540 3184 ,
583 3146 669 3187 quae
714 3130 880 3177 illorum
921 3131 1159 3185 sapientiam
1212 3134 1258 3174 ad

214 3201 291 3231 nos
332 3185 514 3234 referunt
542 3221 556 3245 3
602 3201 720 3247 atque
756 3187 951 3243 justitiam
987 3221 1000 3245 3
1043 3188 1257 3247 civilesque

622 1344 624 1346 .
662 1297 681 1337 1
733 1291 936 1335 veteribus
996 1289 1038 1333 in
1098 1305 1245 1333 monu-
1266 1296 1276 1332 1
1296 1287 1468 1332 virtutes
1487 1288 1678 1343 exemplo
1704 1288 1768 1331 suo
1796 1289 2024 1343 profuturas
2045 1287 2241 1332 univerfis
2257 1318 2268 1340 3
2283 1302 2331 1331 ac

1297 1358 1487 1401 perpetuo
1514 1345 1753 1399 respublicas
1778 1377 1791 1398 3
1823 1349 1857 1386 ὅ(
1888 1363 2010 1402 regna
2049 1346 2206 1389 summa
2235 1360 2331 1388 cum

1299 1403 1542 1458 populorum
1568 1402 1764 1446 felicitate
1787 1403 2100 1446 conservaturas!
2116 1405 2238 1446 Hanc
2259 1416 2333 1443 nos

1298 1461 1600 1504 vetustissimam
1637 1462 1923 1504 Romanorum
1959 1460 2214 1516 prudentiam
2246 1491 2257 1512 ‚
2290 1458 2334 1501 &

1297 1519 1528 1573 aequitatern
1565 1519 1607 1560 in
1632 1519 1736 1560 XII.
1763 1518 1889 1561 tabul.
1927 1518 2081 1571 legibus
2110 1517 2240 1560 adhuc
2272 1514 2336 1558 vi‘

1298 1589 1463 1618 ventem
1492 1608 1503 1628 3
1539 1575 1616 1618 hoc
1654 1574 1824 1619 secundo
1861 1576 1964 1622 libro
1996 1576 2204 1618 statuimus
2237 1584 2335 1616 ante

1296 1633 1434 1677 oculos
1467 1633 1729 1676 studiosorum
1756 1648 1768 1686 3
1807 1649 1887 1689 quo
1914 1633 2003 1676 sane
2027 1648 2146 1689 opere
2173 1664 2184 1685 3
2221 1630 2334 1674 velut

1297 1690 1524 1747 imaginem
1551 1690 1681 1734 animi
1705 1690 1766 1734 tui
1798 1691 2046 1734 adumbrasse
2079 1689 2335 1733 videbimur.

1297 1750 1353 1791 Et
1376 1749 1471 1804 quia
1497 1749 1598 1793 libro
1625 1748 1759 1803 primo
1775 1780 1787 1802 3
1810 1762 1984 1805 quatuor
2000 1749 2161 1792 circiter
2185 1747 2337 1789 abhinc

1296 1808 1415 1850 annis
1445 1807 1556 1850 edito
1594 1839 1606 1860 3
1640 1807 1820 1849 Romani
1870 1807 1965 1858 juris
2012 1807 2216 1861 originem
2248 1836 2262 1857 3
2291 1803 2336 1846 δε

1299 1864 1546 1919 progressum
1571 1864 1841 1908 exterioribus
1874 1866 1924 1907 ab
1945 1863 2073 1907 initiis
2099 1895 2111 1916 3
2143 1876 2289 1916 nempe
2314 1876 2338 1903 a

1298 1923 1581 1968 monumentis
1601 1922 1857 1965 historiarum
1879 1939 1891 1976 3
1923 1923 1965 1966 ὃ(
1999 1921 2210 1965 memoriis
2230 1934 2336 1962 tem-

1299 1996 1443 2037 porum
1469 1980 1738 2025 deduximus:
1775 1996 1884 2023 nunc
1910 1979 2027 2030 hujus
2059 1978 2208 2031 initio,
2241 1977 2336 2020 fon-

1300 2052 1356 2082 tes
1401 2040 1656 2082 recludemus
1692 2038 1926 2091 uberiores,
1956 2037 2000 2080 &
2034 2052 2117 2079 non
2156 2032 2338 2078 Romani

1301 2096 1432 2139 solum
1453 2127 1465 2148 3
1499 2097 1559 2141 sed
1589 2095 1764 2139 universi
1795 2096 1980 2149 gentium
2005 2093 2101 2146 juris
2129 2093 2337 2149 originem

1301 2153 1500 2198 intestinis
1547 2170 1597 2198 ex
1635 2153 1757 2196 caufis
1798 2153 2082 2208 protrahemus
2114 2184 2126 2205 3
2169 2167 2216 2193 ex
2252 2149 2336 2203 ipsa

1304 2211 1455 2255 scilicet
1503 2212 1709 2254 honestate
1752 2225 1905 2253 naturae
1938 2242 1946 2252 .
1974 2212 2118 2264 ·Quam
2153 2206 2338 2250 honesta-

1302 2282 1385 2313 tem
1413 2301 1425 2324 ,
1468 2285 1552 2312 non
1588 2267 1784 2322 opinione
1805 2299 1818 2319 3
1863 2268 1923 2310 sed
1956 2268 2136 2310 veritate.
2158 2264 2338 2306 constare

1301 2328 1554 2372 ostendemus
1580 2358 1591 2378 3
1624 2338 1668 2366 ut
1699 2324 1767 2379 qui
1802 2325 1851 2366 ab
1883 2324 1953 2366 illa
1985 2323 2225 2365 desciverint
2249 2353 2260 2374 3
2292 2320 2336 2364 δί

1303 2385 1449 2440 illicita
1491 2382 1784 2439 imperaverint
1829 2413 1840 2435 3
1887 2381 2046 2437 quidvis
2085 2380 2216 2434 potius
2266 2394 2339 2433 po-

1295 2436 1412 2498 pulis
1459 2441 1807 2504 tulisse-putemus
1849 2454 1970 2502 quam
2005 2440 2163 2500 Leges:
2197 2451 2294 2500 quas
2325 2466 2339 2489 ,

1306 2515 1349 2544 ut
1381 2501 1531 2543 Cicero
1575 2511 1669 2550 ait,
1714 2512 1841 2551 neque
1889 2498 2068 2551 ingeniis
2115 2495 2338 2537 hominum

1305 2559 1553 2614 excogitatas
1577 2588 1590 2609 3
1622 2571 1751 2610 neque
1778 2550 1923 2597 festum
1962 2553 2123 2608 aliquod
2159 2551 2233 2594 esse
2266 2565 2340 2605 po·-

1307 2616 1497 2672 pulorum
1529 2646 1541 2666 3
1589 2611 1839 2669 apparebit3
1883 2611 1944 2654 sed
1992 2609 2167 2653 alterum
2212 2605 2340 2663 quod-

1307 2676 1398 2716 dam
1436 2704 1448 2725 ,
1490 2671 1594 2727 quod
1627 2669 1858 2713 universum
1909 2669 2109 2711 mundum
2148 2675 2302 2720 regeret
2327 2691 2341 2716 3

1309 2728 1532 2785 imperandi
1567 2726 1887 2781 prohibendique
1920 2725 2159 2779 sapientiam
2187 2722 2343 2785 gQssla·

1310 2789 1496 2830 mobrem
1552 2785 1777 2840 principem
1832 2782 1948 2824 illam
1981 2814 1993 2834 ,
2054 2781 2097 2823 ὅ(
2146 2779 2340 2822 ultimam

1310 2848 1459 2900 Legem
1486 2876 1498 2896 3
1539 2857 1559 2884 e
1593 2841 1973 2896 sapientissimorum
2018 2838 2214 2881 sententia
2247 2835 2344 2879 defi-

1311 2904 1371 2945 nit
1421 2914 1604 2944 mentem
1654 2897 1795 2941 omnia
1828 2897 1983 2939 ratione
2032 2896 2214 2949 cogentis
2244 2926 2256 2947 3
2299 2892 2343 2935 δι

1311 2958 1548 3015 imperantis
1580 2955 1689 2999 Dei.
1723 2955 1880 3010 Quibus
1920 2954 2195 3006 comprobatis
2219 2983 2230 3005 3
2275 2965 2345 3014 pa?

1311 3019 1393 3060 lam
1442 3014 1587 3059 erroris
1620 3025 1890 3066 coarguentur
1933 3011 2089 3064 Physici
2124 3009 2185 3053 illi
2218 3041 2229 3063 3
2272 3023 2342 3062 qut

1313 3076 1441 3130 legem
1468 3074 1572 3116 inter
1595 3087 1639 3114 ea
1663 3085 1751 3126 quae
1779 3086 1907 3125 neque
1937 3085 2027 3112 vera
2050 3101 2061 3120 3
2096 3081 2225 3123 neque
2247 3063 2343 3106 falsa

1310 3132 1610 3174 constituuntur
1635 3161 1646 3181 3
1679 3144 1700 3170 a
1727 3142 1870 3170 natura
1902 3126 2126 3178 rejecerunt
2156 3157 2164 3166 .
2196 3120 2344 3176 Quod,

1277 3240 1288 3253 ,
1312 3203 1349 3235 te
1384 3188 1546 3234 favente
1568 3220 1582 3243 3
1613 3186 1872 3244 aggredimur
1895 3217 1909 3239 3
1942 3181 2228 3229 CLEMENS
2260 3179 2348 3228 JU-

2206 3234 2350 3280 STIS-
