2524 3479
209 100 290 155 τό
568 98 695 155 DE
761 100 1050 158 ORTU
1113 104 1260 161 ΕΤ
1327 106 1937 168 PROGRESSU

222 178 376 219 damno
410 171 617 220 sarciendo
652 176 702 220 ab
740 176 938 232 homine,
969 177 1032 223 vel
1070 195 1138 235 per
1167 179 1244 224 ho·
1293 182 1331 227 id
1350 184 1404 228 est
1423 186 1613 242 Consul,
1645 199 1715 232 aut
1741 188 1932 232 DiPtator
1957 219 1969 241 ‚
2001 189 2104 245 apud
2135 205 2237 249 quos
2271 200 2316 237 ε·-

218 234 380 277 minem
412 231 509 277 dato
538 265 545 274 .
584 233 728 279 Altera
747 268 759 288 ‚
797 251 946 292 nempe
987 237 1148 282 Rhodia
1175 271 1189 293 ‚
1218 253 1241 283 e
1293 254 1353 284 rat
1374 243 1580 292 summum
1607 246 1850 300 imperium.
1871 248 1930 299 (c)
1952 247 2314 303 Propterea&Ju·

220 290 395 335 Rhodiis
429 292 555 347 petita
597 292 752 349 legibus
786 310 794 334 τ
830 293 939 338 inter
980 294 1093 346 cujus
1131 297 1243 352 capi·
1293 299 1489 344 stinianus
1522 301 1638 356 hujus
1669 304 1841 348 initium
1903 304 2017 349 verbi
2049 320 2144 350 ante
2181 308 2315 363 ipsum

221 362 263 393 ta
299 348 400 394 illud
441 348 519 393 fuit
560 351 807 406 praecipuum
835 383 846 405 ,
872 368 960 416 'quo
991 354 1244 397 contributio
1295 357 1551 404 ‹.0nsulatum
1575 362 1692 417 ponit
1717 394 1729 416 ‚
1761 361 1957 420 docetque
1980 395 1992 416 ,
2030 379 2184 408 nomen
2216 364 2313 409 fuis-

224 408 428 452 mercium
453 408 698 452 servatarum
725 409 949 454 instituitur
988 411 1034 454 ad
1058 428 1247 466 reparari·
1297 413 1332 459 se
1365 417 1576 472 proprium
1600 419 1771 476 Imperii
1793 452 1804 473 ,
1840 422 2314 478 veteribusq1sz-.·Roma-

222 465 316 508 darn
345 464 542 517 jaffluram
570 466 709 519 illius,
740 466 852 519 cujus
885 484 1038 513 merces
1059 502 1071 524 ,
1105 470 1247 515 levan-

225 523 285 566 dae
324 524 440 567 navis
465 523 610 579 causa,
643 525 784 569 mersae
819 525 1012 570 fuerunt.

344 639 787 684 CAPUT
903 644 1129 688 XXXV.

223 727 289 770 De
319 727 408 778 jure
438 726 638 769 honorario
668 759 680 779 ‚
711 726 769 770 (7·
797 729 846 772 de
877 731 1042 774 Praetore
1064 730 1245 785 Urbano,

578 785 633 829 (9‘
655 785 867 843 Peregrino
886 820 894 830 .

327 871 371 912 T
402 869 486 912 haec
514 871 681 926 quidem
705 872 837 917 brevis
864 872 1028 927 legum,
1061 874 1104 917 ὃς
1127 874 1166 916 S.
1193 875 1246 918 C.

357 928 402 970 ad
429 926 488 979 ius
508 930 653 972 Civile
675 931 972 985 pertinentium
997 934 1152 975 summa
1177 933 1247 987 est,

229 1001 354 1040 quam
385 984 430 1027 in·
449 985 526 1030 hoc
547 987 809 1042 expositionis
827 990 940 1032 cursu
960 988 1073 1040 juvat
1098 988 1246 1034 habere

232 1054 465 1097 perceptam
493 1075 505 1095 ,
537 1060 617 1099 quo
646 1044 772 1087 lef‘tor
814 1046 861 1088 ad
889 1045 1013 1089 libros
1038 1046 1248 1102 sequentes

228 1100 392 1141 accedat
425 1101 630 1154 paratior.
666 1103 827 1146 Verum
855 1105 1005 1148 inertes
1037 1105 1161 1148 essent
1192 1105 1248 1150 le-

226 1172 293 1211 ges
325 1157 368 1199 ὃς
394 1157 557 1212 otiosae,
597 1158 669 1201 nili
697 1159 880 1204 hominis
906 1161 1133 1206 ministerio
1157 1179 1246 1208 ver-

224 1227 412 1257 terentur
443 1215 491 1257 ad
531 1216 645 1260 usum
666 1249 678 1268 ,
710 1229 831 1273 atque
870 1235 920 1263 ex
946 1219 1119 1264 Civium
1148 1237 1245 1264 con·

225 1271 337 1315 sensu
370 1288 537 1327 gravem
558 1305 570 1327 ‚
593 1274 917 1332 prudentemque
937 1277 1073 1321 virum
1101 1279 1243 1322 nanci-

233 1329 433 1372 scerentur
449 1361 461 1383 ,
484 1329 600 1380 cujus
626 1347 723 1376 voce
740 1364 753 1386 ‚
777 1345 896 1389 atque
922 1335 1162 1379 au5'mritate
1187 1336 1248 1379 vi-

232 1402 293 1429 res
325 1386 407 1429 suas
439 1388 723 1442 explicarent,
756 1391 860 1445 quod
898 1407 1047 1435 munus
1073 1393 1126 1436 est
1153 1394 1248 1437 Ma-

231 1443 418 1498 gistratus
441 1475 450 1485 .
485 1446 525 1487 Is
552 1445 666 1489 enim
698 1446 834 1502 legum
860 1450 1164 1502 quodammodo
1187 1451 1250 1495 vi-

228 1515 270 1544 ta
300 1501 352 1544 est
371 1533 382 1553 ,
415 1501 457 1544 &
491 1518 636 1545 manus
663 1520 672 1545 ε
706 1520 794 1559 quae
820 1506 885 1549 vel
918 1506 1159 1563 languentes
1180 1526 1250 1554 ex-

230 1557 370 1601 tollit:
408 1557 469 1601 vel
502 1560 685 1604 obscuras
709 1561 892 1617 evolvit,
927 1565 992 1608 vel
1013 1566 1155 1609 dilatat
1178 1584 1251 1611 an-

232 1673 356 1716 bitrio
373 1706 385 1727 ,
407 1673 469 1716 vel
498 1676 768 1729 optimatium
785 1711 797 1731 ,
814 1691 883 1722 aut
911 1681 1110 1737 principis
1136 1682 1249 1736 jussu,

231 1745 363 1773 certos
386 1730 431 1772 ad
464 1730 656 1776 homines
682 1734 797 1778 duc’ta
815 1768 826 1789 ‚
851 1749 970 1794 atque
1004 1739 1249 1784 continuata

228 1790 358 1831 redd-it
391 1789 537 1842 brevi,
569 1790 612 1832 ἃ
640 1791 850 1847 celeriter,
884 1797 990 1850 quod
1032 1798 1202 1850 praestari
1228 1815 1250 1841 a

227 1845 392 1901 singulis
410 1878 421 1898 ,
456 1846 519 1889 vel
549 1848 599 1890 ab
626 1850 819 1893 univerfis
836 1884 846 1903 ,
871 1853 941 1896 usu
969 1854 1154 1906 poscente
1171 1888 1183 1909 ,
1205 1856 1249 1899 fi-

226 1919 274 1946 ne
308 1903 463 1947 summa
496 1904 537 1947 &
560 1904 842 1962 inexplicabili
873 1910 1141 1967 difficultate,
1164 1929 1247 1957 non

225 1961 348 2017 posset
366 1994 373 2002 .
391 1961 486 2004 Ideo
515 1963 683 2008 cun&us
698 1966 871 2021 populus
897 1981 1028 2012 certos
1052 1970 1162 2014 cives
1184 1988 1234 2026 po

227 2018 364 2061 testate
391 2032 523 2062 armat
545 2022 828 2067 universorum
851 2054 861 2068 2
881 2038 925 2068 ut
949 2042 994 2069 ea
1015 2040 1183 2072 utantur
1203 2029 1251 2072 ad

230 2075 443 2118 flectendas
471 2108 483 2130 ‚
523 2080 790 2137 regendasque
816 2082 950 2137 leges,
980 2084 1024 2128 ὃς
1061 2086 1107 2129 ad
1129 2102 1250 2141 expe-

229 2134 373 2176 cienda
403 2149 450 2176 ex
466 2150 604 2179 earum
623 2169 634 2190 ,
657 2138 719 2181 vel
741 2152 905 2193 aperus,
921 2141 984 2184 vel
1006 2142 1142 2187 abdito
1166 2145 1276 2187 sen-¹

228 2192 270 2233 su
291 2223 302 2243 ,
333 2190 471 2234 oblata
514 2194 679 2249 negotia
703 2229 711 2238 .
747 2198 793 2241 ld
820 2198 1002 2253 praestitit
1031 2202 1133 2255 apud
1168 2205 1251 2244 Ro-

223 2263 368 2310 manos
398 2249 650 2304 magistratus
684 2253 753 2297 ille
778 2286 790 2307 ‚
823 2255 928 2298 unde
961 2257 1100 2302 omnis
1131 2258 1245 2310 juris·

226 2305 352 2348 dicho
373 2306 580 2350 causarum
614 2340 625 2362 ,
657 2310 701 2353 ἃ
733 2310 978 2362 judiciorum
1019 2315 1125 2359 ratio
1151 2317 1249 2360 flue-

226 2364 293 2405 bat
311 2395 322 2415 ‚
342 2378 488 2418 nempe
519 2365 721 2410 Praetura:
748 2369 859 2421 cujus
878 2383 996 2414 antea
1019 2374 1104 2427 vis,
1130 2386 1249 2430 atque
1271 2402 1278 2466 Ι

1271 2467 1338 2538 ila
1372 2495 1536 2550 curuli,
1574 2510 1624 2540 ex
1667 2496 1786 2539 ebore
1820 2511 1829 2537 ε

232 2536 532 2591 magistratibus
567 2543 855 2598 conveniens,
907 2545 1108 2601 praecipue
1151 2535 1278 2610 vero}

225 2420 396 2476 potestas
432 2421 516 2476 ipso
542 2423 774 2470 Consulatu
805 2428 1115 2474 continebatur.
1148 2433 1249 2475 Prae-

229 2477 332 2521 toris
351 2479 540 2532 generale
572 2497 725 2526 nomen
759 2499 844 2529 erat
871 2486 1038 2530 summis
1057 2489 1251 2533 omnibus

235 2593 507 2637 Consulatui:
533 2610 744 2652 propterea
768 2602 873 2657 quod
898 2603 1054 2646 Consul
1077 2604 1249 2659 judiciis,
1271 2611 1276 2661 l

229 1616 385 1668 gustas.
420 1617 582 1681 Eadem·
608 1619 775 1673 potestas
803 1636 852 1665 ex
881 1623 1001 1666 totius
1030 1624 1165 1679 populi
1187 1603 1282 2043 ενι

1296 473 1357 515 nis
1391 475 1664 530 Imperatores
1700 477 1785 522 suos
1809 478 2034 534 appellatos
2073 479 2185 524 misse
2216 480 2315 523 Prae-

1296 543 1401 574 tores
1436 564 1443 571 -
1490 535 1646 579 Verum
1683 536 1891 592 postquam
1925 536 2074 593 plebeii
2109 538 2313 581 diuturnis

1295 589 1630 637 contentionibus
1663 594 1924 649 pervicerunt
1949 627 1961 648 ‚
1995 607 2039 638 ut
2068 595 2173 639 alter
2196 597 2315 639 Con-

1297 646 1352 689 sul
1373 647 1418 691 de
1442 648 1556 704 plebe
1582 651 1693 695 fieret
1716 669 1729 705 3
1762 652 1924 705 Patres,
1958 665 2003 696 ut
2023 651 2083 704 jus
2103 669 2199 697 curn
2229 653 2315 709 ple-

1296 704 1342 747 be
1375 707 1731 752 communicatum
1755 741 1767 763 ,
1799 710 2144 766 deminutumque
2189 711 2314 766 patri-

1296 761 1370 807 ciis
1391 796 1402 817 ,
1435 764 1569 821 aliqua
1593 767 1753 810 ratione
1783 780 2016 821 repararent
2038 799 2049 820 ,
2090 780 2315 822 praetexen-

1297 831 1354 864 tes
1388 821 1539 866 nimias
1563 824 1757 868 Consulis
1792 825 2086 881 occupationes
2110 857 2123 878 ,
2153 824 2197 867 δε
2221 840 2315 868 cau-

1298 879 1424 923 santes
1451 882 1710 937 negotiorum
1741 883 1992 926 urbanorum
2022 882 2318 938 turbam‚quae

1294 953 1317 980 a
1348 938 1596 984 Consulibus
1624 939 1745 995 longa
1766 940 2027 995 expeditione
2055 972 2066 994 ‚
2088 940 2318 996 assiduaque

1296 994 1451 1039 militia
1481 996 1676 1040 distraftis
1708 997 1846 1041 evolvi
1879 999 2056 1041 minime
2089 1010 2318 1060 poterant-3

1298 1052 1573 1107 impetrarunt
1590 1087 1602 1107 ‚
1635 1067 1679 1098 ut
1705 1055 1842 1111 aliqua
1870 1055 2092 1099 consularis
2113 1055 2319 1110 potestatis

1297 1111 1431 1165 portio
1444 1143 1457 1165 ‚
1473 1128 1520 1155 ea
1534 1127 1682 1165 nempe
1698 1128 1799 1168 ,qua
1818 1127 1876 1155 res
1897 1111 2061 1155 forensis
2079 1112 2321 1155 contineba-

1298 1180 1362 1211 tur
1378 1200 1389 1221 ,
1424 1169 1679 1214 conferretur
1698 1169 1742 1212 in
1765 1168 2013 1225 peculiarem
2035 1170 2322 1225 magistratum

1297 1227 1518 1271 creandum
1545 1243 1567 1271 e
1581 1243 1753 1270 numero
1768 1240 1928 1282 patrum
1945 1259 1958 1282 ,
1989 1243 2111 1285 quern
2129 1242 2322 1270 commu·

1299 1282 1341 1325 ni
1364 1283 1481 1335 hujus
1495 1285 1677 1328 nominis
1693 1284 1989 1341 significatione
2011 1318 2023 1340 ,
2056 1286 2102 1328 ad
2120 1284 2321 1341 singulare

1299 1356 1451 1385 munus
1492 1342 1701 1386 contracta
1725 1375 1736 1396 ‚
1772 1344 1990 1386 Praetorem
2030 1342 2320 1405 appellarunt,

1297 1414 1408 1442 armo
1439 1399 1489 1442 ab
1517 1403 1570 1443 V.
1587 1402 1638 1443 C.
1673 1402 1876 1445 CCCLX
1889 1402 2046 1444 l(XVI.
2079 1402 2169 1452 (d)
2188 1402 2323 1452 Hujus

1299 1456 1533 1501 consularia*
1553 1470 1669 1502 erant
1695 1457 1870 1514 insignia
1891 1491 1902 1511 ,
1929 1475 2000 1514 pro
2021 1457 2225 1502 consulari
2252 1474 2326 1513 po-

1299 1515 1434 1558 testate
1462 1548 1473 1567 ‚
1517 1532 1639 1572 quarn
1672 1517 1997 1570 exprimebant:
2045 1531 2140 1560 curn
2175 1516 2325 1558 Praetor

1298 1573 1493 1616 Consul-is
1526 1573 1683 1629 collega
1704 1574 1843 1618 minor
1866 1574 1909 1617 ὃς
1932 1574 2135 1618 diceretur
2152 1604 2164 1625 ,
2195 1571 2323 1616 &es-

1299 1630 1380 1673 set:
1406 1632 1487 1683 (e)
1518 1632 1716 1687 quoniam
1752 1632 1920 1685 iisdem,
1953 1644 1997 1675 ut
2024 1629 2212 1674 Messalla
2243 1635 2334 1672 tra-'

1298 1688 1427 1739 didit,
1460 1705 1553 1732 curn
1576 1689 1758 1733 Consule
1792 1689 1979 1744 auspiciis
2007 1689 2247 1741 creabatur,
2279 1687 2324 1731 &

1299 1746 1461 1790 absente
1487 1747 1670 1790 Consule
1706 1747 1823 1802 ipsius
1847 1763 1995 1791 munus
2022 1747 2064 1791 in
2088 1747 2185 1790 urbe
2207 1760 2327 1801 gere-

1301 1804 1391 1846 bat,
1416 1805 1511 1847 Ideo
1533 1804 1597 1849 sex
1623 1805 1829 1849 lictoribus
1855 1806 2070 1858 utebatur,
2094 1819 2188 1847 cum
2213 1807 2322 1866 lecu-

1301 1862 1439 1904 ribus:
1473 1862 1579 1918 quod
1609 1862 1926 1919 intelligendum
1961 1863 2014 1905 est
2053 1862 2098 1904 de
2134 1862 2322 1924 Praetort-

1301 1919 1370 1962 bus
1393 1919 1738 1974 provincialibus:
1775 1936 1872 1964 nam
1901 1920 1969 1976 qui
1992 1931 2110 1962 erant
2136 1933 2177 1960 in
2206 1918 2320 1972 urbe,

1299 1977 1452 2020 duobus
1490 1990 1652 2021 tanturn
1697 1979 1922 2022 utebantur
1943 1975 2079 2046 ⁶³(s)
2112 1976 2322 2040 Utebatur

1299 2034 1423 2077 etiam
1447 2047 1640 2091 praetexta
1660 2065 1672 2084 ‚
1708 2035 1798 2078 sella
1822 2034 1980 2087 curuli,
2014 2034 2122 2096 hasta
2145 2065 2157 2085 ‚
2190 2048 2322 2097 mini-

1300 2092 1387 2134 stris
1407 2124 1417 2138 ,
1453 2092 1588 2136 scribis
1609 2126 1622 2147 ,
1653 2093 1827 2137 accensis
1853 2126 1861 2136 .
1894 2094 1976 2148 (g)
2009 2094 2124 2135 Hinc
2169 2091 2321 2137 Clcero

1270 2182 1277 2217 ι
1301 2150 1464 2193 scribit:
1497 2151 1662 2194 Placuit
1681 2151 1793 2194 nobis
1812 2184 1824 2205 ,
1857 2165 1900 2193 ut
1914 2148 2061 2204 statim
2093 2150 2321 2213 adCornuj

1271 2219 1277 2279 ξ
1300 2220 1382 2252 tum
1404 2220 1598 2263 praetorem
1616 2210 1726 2252 urbis
1744 2209 1815 2252 has
1832 2210 1970 2252 literas
1992 2206 2205 2260 deferrem:
2228 2223 2317 2261 qut,

1298 2266 1402 2320 quod
1424 2265 1603 2320 consules
1631 2267 1797 2309 aberant
1813 2299 1827 2319 ,
1858 2266 2056 2318 consulare
2075 2280 2219 2306 munus
2242 2263 2316 2317 su-

1291 2321 1467 2377 stinebat
1485 2355 1496 2375 ‚
1525 2339 1627 2365 more
1669 2325 1860 2375 majorum
1888 2355 1897 2364 .
1930 2322 2012 2364 Sub
2051 2320 2318 2374 Imperatori-

1300 2381 1370 2423 bus
1391 2380 1540 2424 Praetor
1570 2380 1939 2424 centumviralibus
1963 2393 2124 2434 quoque
2158 2377 2316 2429 judiciis

1300 2438 1527 2489 praefidebat
1549 2471 1558 2481 .
1589 2439 1606 2482 (
1633 2439 1657 2482 h
1683 2439 1700 2490 )
1731 2439 1800 2490 Jus
1832 2453 1927 2481 vero
1961 2437 2146 2479 reddebat
2188 2451 2209 2478 e
2243 2434 2318 2479 sel-

1865 2495 2048 2551 dif’taque
2083 2494 2158 2537 fuit
2193 2508 2316 2537 curu-

1300 2554 1348 2597 lis
1369 2586 1381 2607 ,
1411 2555 1506 2610 quia
1539 2565 1727 2607 veteres,
1759 2553 1998 2610 magistratu
2029 2551 2110 2617 jam
2144 2550 2314 2616 perfun-

1297 2611 1391 2665 31,
1435 2627 1555 2655 curru
1587 2611 1851 2656 consueverat
1899 2611 1943 2654 in
1981 2626 2136 2654 curiam
2185 2608 2314 2663 vehi,

227 2650 272 2713 ἃ,
298 2652 493 2713 (ἷῖθῑῑῆῐῑῑὶ
511 2657 709 2708 Ρῑῑΐὲἷῖἒΐι
729 2660 791 2710 (a)
813 2660 926 2703 Hinc
952 2660 1126 2719 legimus
1146 2664 1249 2718 apud
1271 2666 1276 2682 '
1298 2668 1466 2712 honoris
1509 2670 1639 2725 gratia
1663 2701 1673 2723 ‚
1716 2686 1798 2726 quo
1831 2671 1873 2712 in
1909 2685 2030 2713 curru
2064 2667 2158 2711 sella
2187 2678 2313 2730 erat..

227 2709 395 2750 waum
419 2740 431 2760 ‚
450 2710 513 2760 (b)
538 2716 848 2760 vetustissimam
872 2716 984 2761 fuisse
1013 2720 1172 2775 legem:
1197 2722 1248 2763 Ut
1271 2744 1275 2752 ·
1296 2730 1313 2780 (
1334 2726 1391 2778 i)
1432 2728 1492 2769 At
1525 2727 1831 2771 confluentibus
1874 2727 1921 2770 ad
1955 2726 2117 2769 Urbem
2164 2735 2314 2767 exteris

223 2766 295 2821 qui
321 2765 469 2807 Praetor
488 2770 683 2818 maximus
709 2769 801 2827 effer
820 2805 833 2827 ,
865 2776 1026 2818 clavum
1040 2788 1247 2834 pangeret:
1297 2782 1651 2829 increbrescebant
1700 2785 1745 2828 in
1787 2785 1896 2828 diem
1940 2781 2154 2839 peregrina
2185 2796 2312 2839 nego-

2227 2842 2308 2883 tia:

1746 2894 1850 2937 4-

1298 2916 1409 2926 -—-.=

2078 2912 2315 2925 .——-—-—-

263 2936 282 2975 ζ
301 2946 321 2966 a
341 2936 361 2974 )
388 2938 496 2968 Varro
529 2938 587 2970 lib.
604 2940 701 2981 45de
720 2941 802 2983 ling.
832 2944 893 2974 lat.
1340 2947 1429 2989 (f)
1453 2945 1525 2978 Cic.
1555 2946 1593 2977 de
1606 2948 1669 2988 leg.
1686 2946 1817 2987 agraria
1849 2956 1915 2976 con·
1947 2945 2023 2976 Rut.

267 2980 320 3020 (b
342 2980 360 3019 )
394 2981 464 3013 Lib·
485 2995 517 3022 7·
545 2995 568 3016 c·
590 2994 617 3022 3·
1339 2993 1358 3032 (
1375 2991 1430 3033 g)
1456 2989 1602 3032 inepiss.
1625 2995 1651 3022 1.
1677 2990 1839 3032 familiar.
1869 2987 1926 3020 ω.
1950 2999 2000 3021 12.

269 3027 286 3063 (
309 3024 355 3065 ἔ)
387 3028 522 3060 Novell-
544 3039 595 3067 25.
624 3029 661 3061 de
677 3037 760 3072 pret.
792 3035 929 3072 Idmon.
1342 3037 1424 3075 (h)
1449 3035 1590 3077 Quintil.
1622 3034 1680 3068 tib.
1697 3040 1728 3067 6.
1749 3046 1773 3068 ι.
1793 3045 1822 3074 3.
1855 3037 1960 3068 Varro
1973 3035 2008 3067 in
2023 3034 2090 3068 vie.
2109 3036 2190 3077 Pop.
2214 3035 2308 3066 Rom.

271 3071 358 3108 (d)
391 3072 462 3104 Liv·
493 3072 548 3105 lib.
571 3086 605 3116 7.
633 3087 656 3106 c.
680 3085 704 3106 1.
734 3080 869 3110 Hotom.
898 3080 936 3111 de
968 3082 1101 3113 Praetur.
1133 3082 1244 3126 Sigon.
1295 3080 1353 3114 lib.
1374 3092 1403 3113 2.
1435 3080 1524 3120 apud
1554 3082 1726 3113 Nonium.
2270 3123 2277 3130 ι

219 3116 258 3149 ⁴3⁶
275 3116 393 3158 judic.
430 3117 486 3149 Πὸ·
516 3129 543 3150 ¹·
569 3132 594 3151 c.
611 3133 642 3159 7·
1342 3126 1419 3168 (i)
1446 3125 1558 3158 Ifidor-
1585 3125 1644 3160 hb.
1662 3137 1716 3159 20.
1744 3125 1857 3168 Etym.
1888 3136 1913 3160 c.
1938 3135 1965 3158 1.
1991 3124 2169 3160 Briffonius
2197 3132 2306 3167 amq.

271 3161 346 3200 (e)
373 3163 515 3196 Hotom.
560 3166 596 3198 de
633 3168 726 3201 Praet.
765 3167 840 3202 Crb.
871 3169 957 3204 Gell¹
992 3169 1049 3205 lib.
1073 3181 1120 3205 12.
1149 3184 1173 3207 c.
1196 3183 1246 3211 14-
1296 3170 1356 3205 tib.
1379 3181 1410 3212 3.
1440 3182 1464 3206 c,
1485 3179 1533 3209 ¹3·

228 3206 397 3240 Plutarch.
418 3208 443 3240 P
454 3207 537 3250 ozyb.
