2596 3479
654 94 703 147 E
742 93 799 146 T
890 89 1039 142 XII.

266 170 334 228 gia
363 168 621 221 irrogentur,
653 164 878 211 dummodo
910 162 1077 215 majoris
1108 162 1232 220 partis
1252 162 1297 205 cle

269 227 501 271 necessitate
523 225 683 280 publica
712 221 927 274 judicantis
951 221 1164 265 consensus
1189 235 1299 264 acce-

267 284 361 327 dat.
393 283 468 326 Sed
501 282 666 325 sufficiet
703 279 824 322 verba
869 278 952 321 haec
983 278 1202 322 Ciceroiiis
1231 292 1298 321 ex-

268 340 445 397 pendere
460 356 469 381 :
487 335 782 393 Praeclariffimae
802 338 848 379 de
863 337 965 379 XII.
989 337 1160 379 tabulam
1176 348 1299 377 trans-

265 399 352 440 Iaetae
365 399 448 441 duae
467 428 479 450 ‚
511 410 677 451 quarum
700 395 826 436 altera
847 394 1067 448 privilegia
1091 395 1192 435 toliit
1211 408 1225 432 .·
1242 393 1302 434 al-

268 466 352 497 tera
376 456 424 497 de
447 453 572 508 capite
608 452 712 495 civis
741 452 893 507 rogari,
925 449 1000 503 nist
1043 452 1214 493 maximo
1245 466 1303 491 co-

266 513 459 563 maiam,
490 520 603 552 vetat
629 539 640 552 .

389 567 522 610 Postea
557 564 742 617 subj'icit:

327 627 437 669 Cum
467 624 564 679 legis
593 624 666 667 haec
696 624 764 666 vis
787 620 841 675 fit
864 654 876 676 ,
902 623 1048 676 scitum
1081 620 1131 677 est
1162 619 1305 676 iussum

269 683 315 726 in
346 697 475 724 omnes
505 696 524 733 5
551 678 653 734 ferri
695 682 743 723 de
766 680 937 737 singulis
966 678 1042 734 nist
1073 679 1309 722 centuriatis

273 740 446 783 comitiis
476 740 681 781 noluerunt
695 770 707 781 .

334 798 448 839 Cum
483 795 569 839 haec
606 795 732 850 igitur
767 794 918 839 Cicero
951 805 1133 850 opponat
1165 789 1309 846 izrffum

276 855 320 897 in
341 869 498 905 omneS,
526 853 658 908 qualis
692 853 746 895 est
775 852 866 906 lex,
900 853 940 894 ἃ
967 851 1068 906 ferri
1106 852 1152 893 de
1171 849 1306 905 fingu-

276 912 356 964 lis,
389 910 495 965 quod
526 910 579 954 est
611 909 902 966 privilegium3
936 921 1070 965 patet,
1105 908 1171 960 id,
1206 905 1310 961 quod

278 967 459 1023 sequitur
489 998 501 1019 ,
532 965 607 1021 mfi
642 969 872 1010 centuriatis
907 967 1076 1010 comitiis
1108 963 1310 1020 pertinere

278 1025 328 1067 ad
363 1023 602 1079 privilegia3
638 1039 714 1067 nec
736 1024 830 1068 ferri
853 1025 899 1068 de
921 1023 1086 1077 singulis
1109 1021 1311 1076 accipien-

280 1080 382 1124 dum
407 1081 480 1124 esse
509 1081 637 1123 solum
664 1081 712 1124 de
737 1081 870 1136 capite
895 1082 996 1125 civis
1019 1079 1229 1129 Romani,
1253 1076 1313 1120 sed

281 1137 329 1181 de
349 1138 545 1181 omnibus
571 1137 800 1195 privilegiis
822 1138 941 1193 aliis,
967 1138 1044 1182 five
1067 1137 1171 1180 scitis
1197 1135 1314 1177 unius

282 1194 436 1250 privati
458 1195 599 1248 causa,
619 1208 711 1239 tum
738 1196 782 1239 in
809 1211 974 1250 poenam
993 1226 1006 1249 ‚
1036 1207 1124 1237 tum
1151 1194 1194 1236 in
1217 1205 1310 1245 prae-

281 1252 416 1295 mium
450 1252 588 1305 illius3
618 1252 717 1295 adeo
753 1266 796 1296 ut
821 1252 1007 1306 exceptio
1036 1250 1111 1305 m'fi
1145 1248 1314 1291 maximo

283 1311 488 1351 comitiatu
530 1309 577 1352 ad
613 1322 830 1364 utrumque
861 1310 1056 1352 referatur
1077 1340 1085 1349 .
1115 1303 1317 1360 Qiamvis

284 1376 423 1408 autem
461 1364 679 1421 privilegia
704 1366 919 1420 irroganda
944 1381 1029 1407 non
1061 1364 1164 1416 sint,
1197 1375 1311 1416 prop-

287 1433 398 1465 terea
423 1434 562 1466 tamen
589 1421 765 1466 minime
800 1423 951 1466 sublata
986 1420 1159 1464 facultas
1183 1419 1235 1462 est
1262 1417 1317 1459 fe—

285 1479 400 1523 rendi
423 1478 523 1531 juris
551 1479 793 1535 fingulariS,
824 1480 929 1535 quod
956 1479 1065 1522 aliud
1094 1476 1248 1532 prorsus
1267 1473 1320 1516 est

285 1551 311 1580 a
354 1536 605 1592 privilegiis,
639 1549 844 1593 utcunque
876 1536 961 1580 haec
999 1536 1190 1590 posterior
1227 1542 1320 1574 ταῖς

287 1593 546 1646 confuderit,
578 1610 624 1637 ac
657 1594 920 1650 privilegium
954 1593 1081 1637 etiam
1107 1589 1319 1646 appellarit

287 1665 333 1695 ea
349 1683 361 1703 ,
382 1666 469 1707 quae
491 1652 579 1694 sunt
602 1650 698 1702 juris
719 1651 931 1707 singularis
947 1682 957 1702 ‚
981 1664 1128 1703 nempe
1147 1646 1321 1697 dotium,

288 1708 538 1752 creditorum
556 1740 567 1761 ,
600 1708 761 1751 militiae
781 1740 792 1760 ‚
824 1707 1109 1759 ecclesiarum3
1132 1719 1219 1761 quae
1240 1717 1323 1745 non

287 1765 333 1809 in
361 1765 563 1821 privatam
586 1766 825 1820 personam,
850 1766 909 1809 sed
930 1765 973 1808 in
999 1776 1157 1808 certum
1182 1760 1316 1803 homi-

290 1837 421 1876 num,
455 1835 522 1865 aut
560 1823 820 1878 negotiorum
858 1837 983 1877 genus
1024 1820 1320 1874 concipiuntur·

291 1881 359 1931 (a
384 1880 402 1932 )
436 1881 642 1922 Dicuntur
669 1895 764 1923 vero
798 1877 1057 1923 Decemviris
1094 1874 1327 1933 privilegia,

293 1953 381 1992 quae
400 1937 445 1980 in
481 1936 655 1992 singulas
681 1938 868 1993 personas
894 1936 1107 1989 feruntur,
1141 1934 1235 1989 quia
1260 1947 1327 1973 ve-

294 2006 398 2037 teres
435 2009 505 2047 pro
528 1993 698 2048 fingult's
727 1994 919 2044 ,dicebant
945 1994 1087 2049 privi,
1120 1992 1223 2034 unde
1245 1989 1328 2044 pri-

294 2063 441 2101 vatus,
475 2050 518 2093 8<
546 2052 805 2106 privilegium
838 2083 850 2104 ,
882 2051 991 2106 quasi
1025 2052 1086 2092 lex
1115 2051 1162 2090 de
1186 2048 1327 2102 priva-

295 2109 350 2150 tis
371 2139 383 2158 ,
415 2109 477 2148 lex
506 2107 554 2149 de
577 2106 747 2163 singulis
767 2140 776 2150 .
812 2109 938 2150 Porro
969 2106 1038 2150 etfi
1072 2106 1241 2148 verbum
1275 2103 1331 2145 ir·-

297 2179 431 2219 rogare
464 2163 702 2220 plerumque
729 2165 940 2208 contineat
961 2178 1155 2219 poenarn3
1185 2177 1233 2204 ex
1255 2160 1331 2203 hoc

301 2233 442 2264 tamen
468 2223 573 2264 X11.
594 2222 714 2265 tabul.
747 2223 838 2266 loco
864 2233 1055 2276 apparet,
1086 2220 1211 2263 etiam
1244 2233 1329 2272 per-

297 2278 428 2323 tinere
470 2278 518 2320 ad
555 2278 822 2331 utilitatem3
865 2295 962 2322 nam
1000 2278 1068 2321 hic
1116 2290 1332 2331 utramque

297 2335 610 2390 compleffltur,
644 2337 703 2389 (*)
738 2337 966 2392 retinetque
990 2334 1333 2391 significationem

296 2394 495 2448 originis.
527 2394 698 2436 Etenim
725 2396 894 2450 irrogare
914 2393 1185 2447 compositum
1214 2391 1266 2434 cst
1287 2405 1334 2431 ex

299 2452 344 2493 in
367 2451 411 2492 &
431 2465 588 2505 rogare,
622 2451 698 2494 hoc
718 2452 772 2495 est
803 2467 933 2507 rogare
958 2452 1001 2492 in
1022 2451 1226 2506 aliquem,
1260 2448 1336 2489 five

300 2508 353 2550 ob
377 2507 576 2549 damnum
610 2539 622 2560 ,
655 2508 733 2551 five
764 2509 816 2551 ob
846 2507 1095 2551 utilitatem.
1128 2507 1194 2547 Ob
1225 2504 1336 2546 dam-

301 2580 405 2607 num
431 2564 694 2619 privilegium
721 2565 947 2620 irrogatum
972 2564 1048 2606 fuit
1074 2564 1123 2605 ab
1153 2560 1338 2616 Ephesiis

301 2620 487 2665 adversus
516 2621 800 2667 Heraclitum:
836 2622 900 2677 (b)
931 2637 1055 2677 quem
1082 2621 1151 2664 etsi
1173 2634 1255 2662 non
1280 2618 1338 2665 dj-

301 2678 442 2736 reflzo,
474 2693 619 2724 tamen
650 2679 814 2737 oblique
847 2691 1043 2723 notarunt
1074 2710 1086 2733 ‚
1117 2693 1214 2722 curn
1246 2688 1340 2719 ante

301 2816 564 2827 ———-
568 2817 688 2829 -.--—
692 2810 1235 2826 ——-———--—-——.—-
1239 2812 1342 2820 -.--

346 2851 410 2891 (a)
433 2850 546 2887 cujac.
573 2849 695 2890 obs-13·
716 2858 820 2892 cape„

349 2897 408 2937 (³)
431 2895 644 2930 Contrarium
670 2895 776 2928 verius
802 2894 906 2928 visum
933 2893 1092 2928 Mar-cilio
1121 2915 1132 2930 ,
1158 2890 1214 2934 qui
1238 2888 1344 2931 privi-

307 2939 393 2982 legia
419 2949 550 2973 tantuin
578 2940 610 2972 in
637 2951 768 2982 poenam
795 2940 968 2982 irroganda
999 2937 1166 2982 prohtberi
1193 2936 1340 2977 putabat,

309 2994 370 3026 pro
393 2986 527 3027 singulis
550 2994 662 3018 autem
702 2996 818 3026 rogare
857 2986 978 3018 licuisse
1004 2984 1154 3017 censebat
1184 3003 1192 3011 .
1232 2984 1342 3022 Quum

314 3028 510 3063 sententiam
536 3030 683 3071 pluribus
720 3031 880 3064 adstruxit
919 3029 1101 3063 Everardus
1141 3032 1226 3061 Otto
1253 3024 1340 3058 t’raef.

314 3074 356 3105 Τ.
375 3075 429 3105 IV.
463 3084 511 3112 13.
537 3075 708 3119 effecitque
731 3098 743 3116 ,
770 3076 869 3110 ut-in
892 3087 965 3110 earn
991 3077 1022 3109 δι
1047 3074 1105 3118 ipsi
1130 3074 1343 3109 concedamus

312 3118 459 3154 lubentes
483 3119 633 3154 volentes
661 3141 671 3153 .

1129 81 1970 144 TABULARUM.

1347 160 1534 206 occasum
1568 156 1659 202 solis
1689 154 1881 200 excedere
1923 151 2115 206 jusserunt
2147 154 2384 214 hominem,

1350 219 1418 276 qui
1450 219 1586 262 oderet
1625 228 1770 258 ornnes
1803 243 1816 265 ‚
1856 211 1898 257 8<
1943 226 2156 266 nunquam
2190 214 2339 259 rideret
2371 249 2384 261 .

1351 280 1452 332 Quae
1483 275 1528 319 in
1561 287 1691 317 unum
1734 268 1997 315 Heraclitum
2031 271 2339 316 conveniebant
2372 305 2384 318 0

1352 334 1543 378 Noxium
1575 344 1734 387 quoque
1767 325 2032 383 privilegium
2065 325 2262 380 irrogavit
2280 331 2391 375 Clo-

1351 392 1440 434 dius
1470 401 1613 434 contra
1656 387 1909 430 Ciceronem
1942 382 2075 428 ferens
2100 415 2113 438 ‚
2158 397 2202 427 ut
2232 388 2303 441 qui
2334 389 2392 430 ci-

1353 464 1443 492 vem
1473 448 1702 490 Romanum
1735 443 2005 485 indemnatum
2037 439 2203 496 necaffet
2235 474 2247 495 ,
2281 445 2317 485 ei
2347 462 2394 486 a·

1353 523 1433 562 qua
1474 503 1530 547 <J
1561 502 1646 558 igni
1676 501 1972 542 interdiceretur
2012 529 2022 540 .
2067 500 2228 553 Quibus
2262 501 2392 544 verbis

1355 577 1438 606 non
1470 560 1635 604 obscure
1666 555 1886 600 Ciceronis
1919 567 2040 609 caput
2083 557 2348 610 appetebatur
2379 574 2416 600 ‚²

1357 623 1465 664 Item
1495 619 1540 661 δε
1583 614 1684 659 illud
1728 615 1771 657 in
1804 614 2076 655 Eumenem:
2122 629 2168 654 ne
2215 615 2279 656 cui
2310 615 2393 671 regi

1354 679 1526 721 Romam
1556 675 1692 717 venire
1723 672 1852 713 liceret
1878 701 1887 713 .
1922 669 2058 713 Utilia
2092 684 2187 713 vero
2223 672 2389 725 privile-

1356 737 1516 791 giorum
1549 729 1739 784 exempla
1782 728 1872 769 sunt
1904 725 1975 769 illa
2007 758 2018 778 ‚
2054 742 2199 780 nempe
2233 729 2392 782 rogatio

1357 793 1403 836 de
1437 790 1565 834 reditu
1608 790 1673 830 M.
1698 784 1835 829 Tuliii
1858 817 1870 836 ,
1905 784 1967 826 lex
2003 783 2185 827 Manilia
2229 786 2276 829 de
2308 786 2391 829 im-

1359 850 1471 905 perio
1503 848 1587 890 Cn.
1610 842 1797 899 Pompeii
1823 841 2002 897 Magni,
2036 842 2079 884 ἃ.
2111 840 2259 884 similia
2282 873 2291 885 .
2326 844 2395 887 En

1360 922 1454 950 vero
1481 905 1615 960 legem
1642 898 2002 944 Decemviralem:

1440 959 1719 1033 Privilegia
1762 977 1825 1011 ne
1862 957 2131 1031 irroganto
2168 957 2257 1012 nisi
2288 976 2399 1012 ma,-

1362 1041 1511 1096 ximo
1536 1036 1814 1093 comitiatu
1843 1075 1857 1091 .

1507 1192 1947 1240 CAPUT
2068 1192 2246 1237 LXXV.

1567 1308 1633 1352 De
1656 1306 1801 1361 Capite
1823 1304 1947 1349 Civis
1972 1304 2151 1348 Romam·
2167 1338 2175 1348 .

1372 1418 1734 1527 COnsequitur
1766 1417 1873 1461 hanc
1907 1416 2042 1473 legem
2087 1417 2160 1461 illa
2192 1418 2240 1462 de
2271 1419 2403 1476 capite

1504 1479 1605 1522 civis
1640 1474 1821 1519 Romani
1853 1506 1865 1528 ,
1898 1475 1944 1517 de
1977 1491 2058 1529 quo
2087 1476 2301 1520 decernere
2335 1493 2404 1532 pet·

1371 1538 1476 1593 leges
1508 1536 1612 1579 XII.
1646 1532 1772 1576 tabul.
1804 1547 1889 1575 non
1924 1531 2095 1587 licebat,
2129 1533 2200 1576 nisi
2223 1536 2407 1578 comitiis

1372 1591 1610 1638 centuriatis
1640 1622 1649 1633 .
1693 1588 1816 1631 Unde
1864 1602 2068 1643 apparet,
2109 1592 2252 1646 quanti
2303 1592 2406 1635 civis

1373 1656 1587 1695 Romanus
1614 1659 1844 1703 putaretur:
1880 1661 1975 1688 cum
1999 1646 2045 1689 de
2071 1656 2120 1690 eo
2153 1648 2314 1691 nonnisi
2338 1665 2410 1703 po-

1376 1709 1492 1765 pulus
1524 1704 1710 1759 judicarit
1747 1702 1954 1746 universus
1978 1703 2118 1747 eadem
2152 1705 2410 1748 solemnitate

1375 1780 1492 1822 atque
1527 1763 1670 1807 ordine
1704 1772 1956 1805 convocatus
1977 1791 1989 1813 ‚
2020 1777 2066 1804 ac
2102 1761 2127 1804 si
2168 1762 2213 1805 de
2251 1763 2409 1807 summa

1378 1821 1609 1877 reipublicae
1649 1819 1693 1862 &
1728 1818 1774 1861 de
1804 1816 2010 1861 creatione
2039 1817 2243 1870 majorum
2276 1819 2408 1874 magi-

1377 1882 1571 1924 stratuum
1595 1889 1806 1933 ageretur.
1841 1875 1955 1917 Hine
1987 1877 2136 1918 merito
2163 1877 2312 1920 Cicero
2343 1876 2411 1919 ni-

1378 1938 1437 1981 hil
1460 1938 1505 1980 de
1534 1936 1568 1978 se
1593 1935 1729 1977 ae‘turn
1754 1931 1842 1983 jure
1864 1932 2047 1986 dicebat,
2065 1932 2168 1976 nihil
2193 1949 2305 1976 more
2324 1949 2411 1977 τηεμ

1378 1995 1511 2047 iorum
1536 2009 1558 2035 a
1583 1992 1624 2033 P.
1639 1990 1813 2033 Clodio:
1849 1988 1943 2044 quia
1970 2006 2064 2032 cum
2093 2007 2217 2034 nem)
2242 1990 2334 2034 tolli
2365 1992 2413 2035 de

1380 2052 1546 2097 civitate
1573 2047 1750 2102 potuerit
1781 2045 1861 2088 fine
1899 2044 2080 2099 judici03
2113 2048 2158 2091 de
2192 2049 2322 2102 capite
2355 2049 2414 2090 ci⁴

1381 2109 1441 2152 vis
1482 2104 1669 2150 Rotnani
1709 2118 1759 2145 ne
1800 2101 1968 2152 judicari
2018 2103 2181 2159 quidem
2224 2104 2414 2158 licuerit,

1383 2165 1454 2209 nisi
1492 2161 1675 2207 comitiis
1710 2159 1952 2203 centuriatis
1981 2191 1990 2202 .
2042 2161 2162 2215 Quod
2194 2176 2288 2204 cum
2321 2161 2420 2204 alibi

1384 2223 1479 2279 saepe
1512 2219 1716 2270 inculcet,
1748 2229 1837 2260 tum
1871 2216 1984 2272 lib.3.
2007 2217 2055 2259 de
2081 2218 2232 2273 legibus
2252 2220 2295 2260 L.
2316 2219 2424 2262 Cot-

1384 2294 1430 2323 tce
1465 2277 1663 2322 sententia
1695 2274 1958 2327 comprobat.
1992 2275 2155 2330 Capitis
2187 2288 2325 2319 autern
2347 2293 2418 2331 ap-

1385 2336 1605 2393 pellatione
1639 2333 1723 2376 vita
1751 2363 1762 2384 ,
1798 2331 1958 2374 libertas
1983 2363 1995 2385 ,
2027 2333 2174 2376 civitas
2199 2365 2211 2386 ,
2242 2333 2418 2386 familia,

1384 2396 1426 2438 ὃς
1458 2390 1670 2435 aestimatio
1701 2388 1939 2432 continetur
1962 2421 1974 2441 ,
2023 2402 2068 2433 ut
2102 2403 2211 2444 patet
2242 2406 2290 2433 ex
2326 2391 2422 2446 plu-

1387 2452 1493 2494 ribus
1534 2448 1752 2492 Ciceronis
1795 2445 1924 2488 locis·
1967 2447 2064 2497 (c)
2114 2447 2307 2489 Prseterea
2357 2449 2424 2491 in-

1387 2509 1625 2551 demnatum
1677 2502 1890 2547 nerninem
1936 2502 2108 2546 interfici
2156 2503 2376 2547 voluerunt
2408 2537 2418 2547 .

1388 2566 1476 2617 (d)
1520 2561 1640 2616 Quod
1683 2576 1732 2603 ex
1767 2560 1940 2615 Lycurgi
1988 2559 2146 2616 legibus
2179 2561 2427 2607 translatum

1392 2621 1606 2676 suspicatur
1637 2617 1831 2668 Cujacius
1862 2632 1910 2660 ex
1944 2616 2118 2660 Valerio
2144 2649 2155 2661 .
2186 2620 2241 2670 (e
2266 2620 2283 2670 )
2316 2620 2425 2669 Eam

1388 2681 1441 2723 ob
1485 2677 1644 2722 causam
1688 2692 1711 2719 a
1755 2674 2179 2776 populoAQuaestores
2223 2677 2428 2732 parricidii

1963 2749 1985 2775 a
2048 2749 2070 2776 2
2301 2750 2431 2779 -crea-

2262 2812 2430 2821 -ι--ευι

1439 2846 1489 2886 (b)
1517 2848 1553 2877 ln
1579 2844 1669 2888 epist.
1696 2847 1739 2879 ad
1770 2846 1919 2878 Hermoni.
1938 2845 2009 2878 vid·
2037 2845 2133 2878 Petit.
2161 2846 2196 2877 in
2229 2848 2292 2888 leg.
2324 2846 2430 2878 Afric,

1389 2895 1570 2977 masi}
1595 2937 1681 2967 Verr.
1698 2913 1762 2977 ,pm
1788 2936 1910 2979 Quint.
1940 2933 2028 2968 GelI.
2057 2934 2149 2974 liin}
2179 2935 2338 2976 cap-5119.

1435 2983 1494 3022 (d)
1520 2981 1665 3013 Salvian.
1691 2982 1730 3013 de
1754 2981 1907 3023 gubernio
1931 2980 1999 3014 Dei
2022 2982 2082 3012 l-8.
2114 2982 2149 3013 in
2170 2980 2264 3022 13:13,
2294 2982 2374 3025 Aug.
2392 2978 2430 3013 dt

1392 3028 1492 3060 civit·
1525 3026 1590 3058 Dei
1614 3024 1707 3057 liba.

1438 3074 1482 3115 μ)
1510 3071 1617 3113 Obs4.
1637 3079 1722 3105 σαι.
