2596 3479
212 135 364 177 teribus
391 128 640 186 significabat
663 135 805 177 circum
831 151 851 176 a
872 149 1001 189 graeco
1014 133 1108 184 α’μφι
1129 165 1141 186 ,
1178 151 1257 180 un-

217 193 264 234 de
297 188 472 231 anbitus
504 189 686 234 honorum
707 223 718 243 ,
751 204 962 247 propterea
986 188 1092 246 quod
1115 190 1162 234 in
1187 208 1258 236 eo-

218 263 312 294 rum
340 246 538 302 petitione
569 248 830 304 supplicando
857 248 1128 291 circumirent
1153 279 1162 292 .
1195 251 1260 302 (a)

218 306 439 352 Sextertius
470 304 578 348 valet
602 307 699 349 duis
723 304 816 348 asses
841 321 935 349 cum
964 305 1114 349 seruisse
1138 323 1147 348 ε
1183 323 1264 350 un-

221 367 269 413 de
291 365 370 407 duo
397 362 510 418 pedes
532 395 543 416 ‚
575 364 617 406 ὃ(
645 363 763 406 semis
787 361 938 406 dicitur
964 379 1029 418 pes
1056 363 1264 413 sextertius

222 425 267 469 in
296 423 381 475 lege
400 422 503 465 XII.
531 421 655 464 tabul.
682 433 723 463 ut
754 420 944 465 Volusi-is
970 422 1205 466 Mirtianus
1220 424 1266 466 de

223 483 300 526 alfe
331 480 495 522 scribit.
528 480 612 530 (b)
646 478 906 523 Rusticorum
933 493 1070 523 autem
1099 481 1264 536 praedio-

224 555 316 584 rum
347 537 557 581 servitutes
593 536 933 581 contrahentium
970 537 1187 581 arbitrium
1226 539 1267 582 &

224 598 414 641 voluntas
452 595 684 637 moderatur
719 611 728 636 :
783 610 865 650 quo
907 610 1004 638 vero
1046 596 1157 650 ρεὲἶει
1183 611 1267 638 non

225 665 531 712 pervenerunt3
563 667 611 695 eo
637 651 744 707 leges
769 653 1049 696 extenduntur
1075 686 1084 695 .
1132 655 1267 709 Atque

225 729 275 757 cx
303 711 457 767 legibus
483 710 586 752 XII.
614 709 738 753 tabul,
767 721 929 754 tantum
959 711 1171 754 definitam
1198 711 1270 755 ha-

226 773 368 816 bemus
390 801 403 822 ,
422 781 543 825 atque
567 766 841 823 praescriptam
871 769 945 810 viae
972 767 1234 813 latitudinem
1258 801 1270 821 ‚

225 844 350 887 quam
381 826 473 870 0610
505 825 651 882 pedum
683 825 726 868 in
762 825 990 881 poi-roffam
1025 858 1036 877 ‚
1090 825 1167 869 hoc
1215 827 1269 869 est

226 888 274 932 in
298 884 494 928 directum
527 915 539 937 ‚
591 883 668 926 five
699 899 778 939 qua
805 883 911 926 reela
937 883 1116 925 tenditur
1142 915 1154 938 ‚
1195 883 1270 927 effe

227 944 476 995 voluerunt,
509 943 589 994 (c)
617 941 811 984 sexdecim
845 941 886 982 in
916 940 1192 995 amfraffim,
1225 941 1270 984 fi·

229 1019 280 1051 ve
305 1004 345 1045 in
371 1001 479 1043 flexu
516 1032 528 1053 ‚
578 1013 743 1054 propter
782 999 1051 1042 commodum
1097 998 1270 1043 ducendi

187 1076 190 1077 ⁷
229 1058 412 1105 vehiculi
435 1090 445 1111 ‚
466 1056 571 1113 quod
597 1056 639 1098 in
665 1056 883 1112 angustiori
913 1056 1038 1109 spatio
1060 1058 1163 1100 verti
1187 1072 1271 1100 non

229 1118 358 1173 potest
389 1147 402 1170 ‚
447 1114 523 1158 nisi
550 1114 628 1156 viae
654 1128 807 1156 nomen
837 1112 966 1156 laxius
997 1146 1012 1169 ‚
1061 1114 1105 1157 ἃ
1133 1128 1275 1170 praeter

229 1176 335 1219 XII.
371 1172 495 1216 tabul.
533 1171 689 1214 sensum
731 1171 983 1226 accipiamus
1021 1188 1117 1216 cum
1164 1172 1274 1216 AElio

231 1233 359 1277 Gallo
390 1246 402 1282 3
449 1231 528 1283 (*)
554 1230 640 1281 (d)
665 1241 709 1272 ut
735 1244 819 1271 non
849 1229 971 1272 modo
1001 1229 1174 1284 spatium
1202 1232 1274 1272 du-

234 1290 351 1334 cendi
378 1287 554 1331 vehiculi
578 1319 589 1339 ‚
613 1286 673 1328 sed
696 1286 738 1329 ὃς
768 1286 907 1329 semita
933 1317 944 1339 ,
964 1286 1006 1329 δε
1036 1287 1112 1329 iter
1132 1287 1275 1331 eodem

234 1348 314 1389 viae
339 1344 536 1388 vocabulo
563 1343 702 1385 veniat
723 1374 735 1395 ‚
768 1343 957 1398 ampliori
987 1357 1128 1386 tamen
1156 1344 1276 1400 figni-

235 1403 427 1448 ficatione
463 1433 472 1442 .
525 1400 607 1454 Qui
639 1413 776 1443 autem
812 1400 898 1456 lege
926 1401 1126 1445 servitutis
1158 1401 1275 1445 alteri

233 1462 349 1504 debet
374 1460 488 1502 viam
510 1490 521 1511 ‚
553 1473 689 1500 curare
714 1472 877 1512 oportet
916 1490 928 1511 ,
981 1472 1022 1501 ut
1054 1475 1100 1501 ea
1134 1474 1272 1514 perpe-

236 1532 305 1562 tua
343 1517 502 1560 munita
531 1514 576 1557 fit
603 1515 650 1557 ad
678 1515 856 1558 vehiculi
888 1516 1234 1558 commoditatem
1266 1548 1278 1569 ,

237 1577 315 1627 (e)
342 1575 445 1630 quod
471 1572 498 1615 si
526 1571 751 1627 neglexerit
775 1605 786 1625 ,
807 1585 895 1615 tum
921 1589 968 1616 ex
995 1574 1149 1628 legibus
1173 1575 1278 1617 XII.

239 1632 471 1677 tabularum
510 1628 568 1681 jus
591 1630 760 1672 domino
785 1630 977 1674 tribuitur
1003 1629 1184 1674 vehiculi
1209 1630 1277 1673 du-

239 1690 355 1734 cendi
381 1704 448 1743 per
472 1685 644 1729 fundum
672 1687 912 1731 servientem
934 1704 1190 1743 quacumque
1213 1703 1280 1731 ve-

241 1749 291 1792 lit
317 1779 326 1790 .
378 1748 479 1801 Quae
504 1743 673 1788 facultas
699 1745 888 1800 quamvis
913 1761 962 1788 ex
992 1745 1147 1800 legibus
1173 1746 1278 1788 XII.

241 1804 368 1848 tabul.
407 1804 452 1845 sit
496 1802 660 1845 infinita
698 1818 707 1843 z
761 1814 901 1846 tamen
944 1802 1281 1858 interpretatione

241 1862 487 1918 prudentum
521 1859 576 1901 ita
615 1871 865 1913 temperatur
895 1892 908 1914 ,
959 1872 1004 1903 ut
1032 1860 1057 1902 s1
1086 1859 1150 1902 via
1172 1875 1284 1902 com-

242 1919 363 1962 mode
407 1929 538 1971 pateat
576 1915 655 1959 alia
693 1932 742 1959 ex
781 1929 893 1971 parte
931 1917 1010 1960 sine
1037 1917 1285 1960 detrimento

244 1976 358 2019 fundi
387 1973 627 2017 servientis:
665 1985 752 2016 tum
780 1975 1030 2028 parcendum
1056 1974 1102 2017 fit
1129 1974 1286 2027 vineis,

243 2033 354 2077 villis
373 2064 383 2084 ‚
416 2032 457 2073 ὅς
485 2031 606 2073 satis:
641 2046 765 2087 eaque
791 2032 855 2074 via
885 2031 1004 2074 semel
1030 2032 1182 2084 ele&a‚
1209 2032 1286 2075 im·

245 2091 448 2147 posterum
476 2099 661 2131 teneatur
695 2120 704 2131 .
748 2088 823 2131 Sed
847 2088 976 2143 etiam
1004 2088 1124 2133 latius
1147 2102 1289 2132 exten-

246 2152 354 2191 ditur
382 2145 511 2190 sensus
536 2145 635 2198 legis
657 2177 669 2199 ,
709 2162 790 2202 quo
818 2162 900 2190 non
931 2159 1092 2190 tanturn
1119 2146 1165 2189 de
1195 2146 1276 2188 funv

246 2206 296 2247 do
319 2203 516 2247 serviente
540 2234 552 2255 ‚
577 2202 636 2245 sed
660 2203 706 2245 de
726 2202 862 2246 fundis
881 2204 1074 2247 omnibus
1096 2204 1171 2246 viae
1192 2219 1290 2247 con-

249 2260 477 2305 tinentibus
503 2258 750 2314 accipiatur:
776 2272 818 2303 ut
843 2261 869 2303 fi
893 2260 1051 2304 domini
1075 2261 1185 2304 viam
1207 2276 1289 2305 non

296 2423 355 2461 (a)
384 2422 491 2454 Festus
506 2422 540 2452 in
557 2420 651 2452 verbo
668 2420 811 2453 ambitus
828 2443 835 2451 .
856 2423 959 2452 varro
973 2422 1068 2461 lib.4.
1085 2423 1122 2453 de
1136 2423 1284 2464 ling-lat.

252 2473 289 2502 L.
307 2470 517 2502 Imperatores
530 2464 566 2507 ff
585 2467 621 2498 dc
632 2467 747 2506 servit.
767 2464 877 2498 urbm.
903 2467 1047 2506 pmdfor.

296 2512 355 2554 (b)
382 2514 628 2544 Hottomannus
646 2510 1004 2553 inleg.x11.tabul.ad
1018 2513 1098 2545 hanc
1114 2512 1176 2555 leg.
1189 2512 1292 2552 Eriss.

254 2562 311 2594 loc.
331 2558 384 2590 cit.
402 2557 440 2589 <3⁴
455 2556 566 2593 Cui-zc-
583 2557 651 2589 ead.
671 2556 796 2594 obstrv.

300 2603 354 2642 (c)
380 2603 406 2631 L
423 2605 453 2633 8.
473 2603 641 2642 deservit.
660 2600 723 2643 mſs
751 2599 848 2643 praess.

301 2651 321 2687 (
333 2649 351 2666 ⁴¹
367 2647 387 2684 )
436 2647 671 2688 Interpretatio
689 2648 865 2681 verborum
883 2646 965 2681 Aelii
980 2646 1070 2681 Galli
1087 2647 1120 2679 iri
1136 2644 1295 2689 L·137.ff2

259 2693 297 2727 de
316 2695 347 2724 V.
366 2693 403 2723 ὃ.
439 2692 578 2723 naturali
607 2691 848 2733 pulchritudine
866 2693 970 2733 placet
986 2715 995 2729 ,
1024 2694 1162 2724 minime
1185 2701 1297 2725 tamen

262 2739 340 2772 talis
354 2737 398 2770 est
414 2758 423 2773 ‚
452 2745 486 2768 ut
501 2736 540 2767 de
556 2734 624 2773 ejus
644 2737 837 2769 inventione
854 2736 936 2768 adeo
950 2737 1110 2779 glorietur
1125 2738 1299 2770 Marcilius

262 2796 290 2818 c.
310 2792 349 2822 32
391 2791 491 2824 quem
508 2781 642 2813 Aunori
665 2771 774 2814 nostpo
792 2781 950 2823 praeiviffe
979 2781 1147 2820 dicerem,
1175 2782 1232 2815 nisi
1252 2794 1300 2816 res

261 2829 339 2864 talis
356 2828 431 2860 effet
447 2847 456 2862 ,
483 2837 554 2869 quse
569 2824 664 2858 facile
684 2827 787 2858 cuivis
822 2826 855 2857 in
871 2835 1019 2858 mentem
1044 2826 1156 2859 venire
1172 2827 1275 2870 poffet
1291 2853 1298 2860 .

308 2873 584 2915 (d)L.p2ri1·s
602 2891 612 2908 ς
643 2880 712 2912 157·
736 2869 777 2915 ff.
793 2872 830 2904 de
850 2872 943 2903 ΜΣ·

311 2920 360 2959 (ε)
384 2919 452 2952 Cic.
475 2927 555 2949 orat.
570 2925 624 2959 pro
644 2917 757 2949 Caecin.

310 2966 368 3005 (f)
395 2962 500 2996 Lib.6.
520 2963 556 2994 de
572 2964 654 3004 ling.
671 2965 735 2995 lan.
911 2992 915 2994 .

311 3015 323 3050 (
341 3010 408 3048 W)
436 3013 526 3051 Aqua
543 3008 651 3049 pluvia
667 3018 706 3040 ex
721 3017 837 3040 earum
853 3017 965 3040 rerum
983 3016 1120 3040 numero
1135 3007 1196 3041 effe
1214 3006 1305 3040 vide-

269 3056 296 3089 ri
317 3055 407 3097 poffit
422 3077 431 3093 ‚
457 3064 526 3096 quae
541 3076 551 3090 ,
578 3053 664 3095 quod
687 3052 728 3086 ab
761 3053 916 3086 omnibus
933 3050 1028 3084 facile
1052 3052 1278 3086 discernuntur
1294 3075 1304 3092 ‚

269 3100 462 3136 definitione
478 3109 543 3133 non
564 3097 711 3144 indigent
728 3119 739 3138 ‚
765 3097 825 3131 nisi
843 3105 971 3132 veteres
987 3097 1085 3133 aliter
1105 3108 1184 3132 voce
1200 3099 1244 3132 uli
1259 3098 1307 3132 es-

640 59 743 114 DE
785 56 976 131 JURE
1020 56 1450 118 NATURALt
1486 102 1503 134 ‚
1544 63 1918 119 GENTmM
1960 105 1980 137 ‚

1314 139 1533 192 muniant,
1554 140 1684 184 cuivis
1707 141 1829 185 liceat
1861 157 1930 196 per
1954 155 2069 197 agros
2089 156 2230 186 eorum
2246 173 2258 197 ‚
2279 157 2359 198 qua

1315 198 1585 259 commodum
1608 199 1664 242 est
1695 230 1706 248 ‚
1750 199 1837 253 ‚five
1869 215 1962 242 curn
1996 199 2185 243 vehiculo
2222 233 2235 255 ,
2280 201 2358 243 sive

1316 269 1412 296 cum
1436 267 1624 304 jumento
1651 256 1846 300 transtre.
1883 260 1947 300 En
1976 262 2098 301 verba
2122 258 2222 312 legis
2252 289 2267 312 ,
2309 270 2357 300 ut

1315 327 1338 353 a
1363 311 1481 354 novis
1505 311 1726 356 redduntur
1750 315 2070 368 interpretibus:

1397 372 1499 425 Via
1566 373 1620 426 in
1682 375 1976 446 porreelum
2042 377 2201 429 VIII.
2277 392 2367 448 pe-

1317 449 1443 579 dam
1488 489 1505 519 ‚
1557 447 1613 503 in
1667 453 1923 508 amfratsto
1967 455 2114 509 XVI.
2176 452 2368 527 pedum

1323 547 1347 580 e
1398 546 1472 580 0.

1397 605 1449 659 Si
1499 603 1584 660 via
1640 626 1732 681 per
1784 607 2066 680 amsegetes
2110 609 2363 663 immuni-

1319 698 1373 737 ta
1415 681 1582 756 escit,
1616 704 1719 759 qua
1762 683 1905 739 volet
1937 686 2238 757 jumentum
2275 686 2371 740 du-

1321 763 1428 817 cito
1451 802 1464 816 .

1397 839 1674 895 Amfra&0
1708 837 1728 911 )
1761 840 1898 884 Varro
1927 857 1937 882 τ
1983 838 2062 895 (f)
2111 836 2368 893 Amfrac‘ium

1319 914 1372 971 est
1412 917 1463 959 ab
1507 918 1654 972 origine
1692 917 1845 971 flexum
1893 921 2082 976 duplici,
2130 919 2278 963 difiurn
2313 917 2366 960 ab

1320 975 1473 1016 ambitu
1502 1006 1514 1026 ‚
1546 981 1601 1016 Θ
1626 973 1846 1031 frangendo

1322 1033 1364 1074 in
1389 1031 1531 1074 direfio
1559 1033 1662 1086 pedu
1680 1049 1704 1072 n
1733 1035 1810 1076 0530
1834 1031 1905 1088 effe
1939 1065 1952 1086 ‚
1983 1036 2025 1076 in
2050 1033 2242 1087 amfraffo
2268 1032 2370 1087 sex-

1321 1090 1476 1143 decim,
1508 1090 1552 1131 id
1574 1087 1627 1143 est
1651 1090 1693 1132 in
1716 1089 1827 1144 flexu
1856 1123 1866 1134 .

1883 1010 1892 1019 .
1938 978 2007 1020 Ab
2036 995 2075 1020 eo
2101 979 2202 1032 leges
2227 976 2369 1029 jubeat

1402 1150 1742 1222 Amsegetes]
1784 1136 1978 1192 dicuntur
2013 1148 2100 1204 agri
2132 1146 2201 1191 fibi
2231 1145 2375 1191 eadem

1325 1225 1369 1267 in
1396 1225 1460 1267 via
1486 1240 1747 1270 occurrentes
1778 1259 1790 1281 ,
1846 1225 1922 1272 five
1950 1244 2128 1284 quorum
2156 1227 2288 1271 affinis
2317 1225 2376 1268 se-

1325 1297 1394 1337 ges
1422 1282 1534 1324 viam
1559 1284 1758 1338 attingit:
1793 1286 1899 1329 unde
1930 1287 2063 1330 Festus
2091 1318 2103 1338 ‚
2149 1284 2377 1341 Amsegetes

1325 1341 1510 1382 dicuntur
1530 1371 1542 1392 ‚
1576 1358 1739 1395 quorum
1762 1342 1901 1397 affinis
1921 1343 2032 1399 seges
2055 1344 2167 1386 viam
2195 1342 2375 1396 attingit*-

1325 1401 1471 1439 -Senlus
1495 1412 1631 1440 autem
1662 1397 1760 1454 legis
1784 1401 1869 1443 est:
1903 1403 1953 1443 Se·
1980 1402 2052 1444 via
2085 1401 2136 1443 ab
2174 1399 2235 1442 his
2259 1430 2273 1451 ‚
2302 1395 2376 1452 qul

1329 1455 1466 1497 vicina
1490 1456 1637 1509 paedia
1658 1455 1850 1511 poffiient
1871 1490 1882 1511 ‚
1918 1460 2077 1500 munita
2104 1474 2179 1499 non
2199 1455 2280 1509 sit,
2311 1455 2376 1508 ju-

1328 1525 1500 1555 mentum
1526 1528 1637 1568 agere
1661 1514 1851 1569 quisquis
1885 1517 1981 1557 velit
2009 1516 2075 1567 jus
2109 1512 2207 1568 esto.

1448 1627 1490 1670 C
1551 1628 1590 1670 A
1654 1627 1685 1669 P
1745 1630 1789 1671 U
1851 1630 1895 1672 T
1995 1627 2264 1674 XXXIV.

2088 1743 2239 1796 .<**>

1342 1855 1560 1920 FAvit
1603 1857 1731 1902 etiam
1778 1858 1842 1902 lex
1875 1861 1997 1904 XII..
2030 1858 2156 1902 tabul.
2208 1871 2257 1900 ne
2288 1855 2382 1917 quis

1344 1921 1431 1958 &A
1468 1929 1590 1968 opere
1636 1916 1874 1960 manufafi‘m
1920 1933 2068 1972 aquam
2098 1913 2281 1971 pluviam
2313 1929 2385 1957 ex-

1336 1970 1492 2025 cipiens
1521 2003 1535 2022 ,
1579 1975 1741 2016 cursum
1788 1975 1895 2017 illius
1937 1974 2086 2028 dirigat
2119 1975 2160 2015 in
2192 1971 2379 2014 alienum

1340 2029 1530 2077 praedium
1565 2060 1576 2082 ,
1628 2032 1733 2083 quod
1782 2032 1873 2074 inde
1922 2033 2097 2074 deterius
2150 2028 2380 2072 reddatur:

1339 2087 1442 2129 unde
1473 2100 1562 2128 orta
1595 2086 1649 2129 est
1681 2103 1795 2143 aquae
1830 2089 1976 2144 pluviae
2008 2087 2190 2131 arcendae
2221 2085 2331 2128 aetio
2362 2115 2378 2138 ‚

1337 2159 1460 2198 quam
1526 2144 1836 2195 Wesembecius
1887 2161 2097 2200 perperam
2157 2142 2276 2186 refert
2335 2141 2386 2184 ad

1344 2200 1522 2243 Praetoris
1583 2201 1779 2245 Ediffium
1819 2235 1831 2257 ‚
1882 2219 1977 2245 curn
2011 2202 2177 2245 initium
2223 2198 2385 2241 duxerit

1339 2275 1361 2300 a
1394 2259 1498 2300 XII.
1550 2258 1676 2300 tabul.
1723 2259 1836 2311 cujus
1878 2261 1961 2303 haec
1995 2260 2115 2302 verba
2147 2255 2385 2355 profertlex

2349 2327 2391 2355 a·

1354 2389 1361 2395 ,
1384 2387 1594 2399 ,,-,-,.,,,-,
1597 2387 1925 2395 ......
2024 2388 2147 2397 ,-,.-
2152 2386 2163 2393 .
2167 2382 2388 2396 ---..

1342 2417 1409 2450 sent
1435 2428 1473 2449 ac
1490 2420 1588 2459 vulgo
1603 2419 1640 2450 fit
1655 2441 1662 2449 .
1696 2422 1777 2452 Ecce
1793 2421 1883 2452 enim
1906 2430 1991 2461 aqua
2009 2419 2117 2460 piuvssa
2136 2418 2174 2449 iis
2192 2427 2256 2448 non
2274 2425 2389 2457 quam-

1346 2463 1398 2496 vis
1413 2472 1531 2504 aquam
1548 2463 1644 2496 imbri
1659 2465 1834 2501 eollee'tam
1850 2487 1860 2501 ,
1895 2464 1945 2496 sed
1959 2475 2031 2496 earn
2051 2485 2060 2501 ,
2087 2473 2157 2505 quae
2175 2461 2214 2493 de
2233 2461 2316 2496 coelo
2335 2470 2390 2492 ve-

1345 2510 1394 2540 nit
1429 2508 1458 2540 8t
1479 2508 1542 2540 loci
1576 2508 1658 2540 vitio
1688 2509 1743 2543 vel
1776 2521 1875 2542 mann
1910 2520 2030 2546 nocet,
2059 2508 2215 2550 significet
2234 2530 2242 2537 .
2270 2506 2387 2539 Cicero

1347 2556 1427 2594 Tap>
1460 2564 1484 2585 c·
1507 2564 1536 2593 9-
1585 2553 1636 2587 Ab
1663 2565 1744 2596 aqua
1773 2556 1885 2597 pluvia
1910 2554 2105 2594 exemplum
2132 2552 2221 2584 ducit
2251 2548 2389 2598 L'fstmss

1345 2599 1413 2632 tius
1446 2618 1456 2636 ‚
1483 2596 1614 2639 quando
1648 2599 1904 2637 jurisconsultos
1933 2600 1966 2632 in
1996 2599 2089 2631 rebus
2115 2597 2236 2629 vilibus
2263 2593 2387 2624 versari

1346 2642 1519 2676 contendit
1536 2664 1544 2672 .
1573 2644 1630 2674 Sed
1657 2655 1697 2676 eo
1731 2648 1892 2687 augustior
1919 2655 1971 2678 ars
1999 2642 2103 2676 videri
2128 2640 2267 2673 debebat
2289 2658 2300 2677 ⁴.
2323 2647 2386 2679 qua

1348 2699 1423 2722 cum
1456 2697 1503 2719 res
1520 2687 1704 2727 splendidas
1734 2692 1875 2734 minimg
1903 2691 2069 2731 negligat,
2097 2688 2200 2719 etiam
2232 2682 2269 2715 ad
2287 2683 2387 2714 vilio-

1350 2744 1399 2767 res
1423 2730 1591 2765 descendit
1644 2737 1688 2766 De
1718 2735 1896 2776 splendidis
1941 2745 2053 2766 tamen
2084 2731 2187 2763 rarius
2214 2728 2385 2778 quaesitum

1348 2777 1447 2812 credo
1468 2802 1478 2818 ‚
1525 2786 1676 2819 tempore
1706 2779 1778 2812 latae
1809 2780 1913 2823 Iegis,
1941 2788 2039 2821 quam
2066 2777 2104 2809 de
2138 2785 2222 2817 aqua
2246 2774 2388 2816 pluvia.

1350 2828 1402 2858 Ne
1440 2833 1518 2857 vero
1559 2821 1643 2860 justo
1668 2825 1801 2857 tenuior
1840 2823 2008 2857 videretur
2045 2821 2201 2855 trust-atio
2237 2819 2275 2851 de
2305 2827 2389 2860 aqua

1354 2869 1498 2912 pluvia,
1535 2867 1743 2911 interspergit
1770 2869 1802 2902 ei
1831 2869 1953 2901 Austor
1991 2867 2176 2900 dostrinam
2219 2863 2258 2896 de
2297 2872 2389 2905 aque

1351 2913 1501 2948 duffibus
1530 2913 1561 2945 δι’.
1592 2913 1766 2957 regionum
1796 2915 1955 2947 varietate
1984 2933 1995 2950 ³
2022 2924 2123 2956 eoque
2151 2911 2251 2942 decus
2280 2909 2312 2940 &
2340 2907 2392 2940 su·

1352 2960 1553 2994 blimitatem
1581 2959 1625 2992 rei
1653 2959 1754 2993 etiarn
1784 2960 1929 2993 minimae
1955 2960 1984 2991 8(
2028 2958 2140 3001 agresti
2164 2954 2304 2991 adjicit.
2332 2950 2390 2986 Af-

1353 3006 1428 3040 finis
1452 3005 1514 3047 legi
1541 3005 1653 3036 nostrae
1682 3006 1734 3037 lex
1762 3012 1857 3038 vetus
1884 3004 1922 3037 de
1938 3015 2020 3047 aqua
2049 3014 2113 3036 non
2135 2994 2389 3050 oletandaoapud

1354 3050 1550 3083 Frontinum
1566 3072 1573 3080 .
1602 3049 1738 3082 Oletare
1763 3058 1876 3083 autem
1892 3060 1974 3092 aqua
1999 3048 2216 3087 dicebantur,
2243 3055 2299 3089 qut
2315 3053 2390 3080 eam

1355 3106 1411 3140 per
1435 3092 1594 3134 injuriam
1630 3095 1885 3138 corrumpebant
1906 3114 1916 3125 ·

1478 1742 1545 1786 De
1570 1743 1693 1799 Aqua
1719 1745 1869 1799 pluvia
1891 1746 2059 1788 arcenda
