<?xml version="1.0" encoding="UTF-8"?>
<!DOCTYPE html PUBLIC "-//W3C//DTD XHTML 1.0 Transitional//EN"
    "http://www.w3.org/TR/xhtml1/DTD/xhtml1-transitional.dtd">
<html xmlns="http://www.w3.org/1999/xhtml" xml:lang="en" lang="en">
 <head>
  <title>
</title>
<meta http-equiv="Content-Type" content="text/html;charset=utf-8" />
  <meta name='ocr-system' content='tesseract 3.04.00' />
  <meta name='ocr-capabilities' content='ocr_page ocr_carea ocr_par ocr_line ocrx_word'/>
</head>
<body>
  <div class='ocr_page' id='page_1' title='image "./janivincentiigra01gravuoft_0078.png"; bbox 0 0 2524 3479; ppageno 0'>
   <div class='ocr_carea' id='block_1_1' title="bbox 235 154 298 193">
    <p class='ocr_par' dir='ltr' id='par_1_1' title="bbox 235 154 298 193">
     <span class='ocr_line' id='line_1_1' title="bbox 235 154 298 193; baseline -0.079 0"><span class='ocrx_word' id='word_1_1' title='bbox 235 154 298 193; x_wconf 87' lang='lat'>22</span> 
     </span>
    </p>
   </div>
   <div class='ocr_carea' id='block_1_2' title="bbox 660 135 1859 195">
    <p class='ocr_par' dir='ltr' id='par_1_2' title="bbox 660 135 1859 195">
     <span class='ocr_line' id='line_1_2' title="bbox 660 135 1859 195; baseline 0.005 -7"><span class='ocrx_word' id='word_1_2' title='bbox 660 136 777 189; x_wconf 91' lang='lat' dir='ltr'>DE</span> <span class='ocrx_word' id='word_1_3' title='bbox 834 135 1092 189; x_wconf 91' lang='lat' dir='ltr'><strong>ORTU</strong></span> <span class='ocrx_word' id='word_1_4' title='bbox 1151 137 1269 192; x_wconf 90' lang='lat' dir='ltr'>ET</span> <span class='ocrx_word' id='word_1_5' title='bbox 1325 135 1859 195; x_wconf 86' lang='lat' dir='ltr'><strong>PROGRESSU</strong></span> 
     </span>
    </p>
   </div>
   <div class='ocr_carea' id='block_1_3' title="bbox 230 210 2322 274">
    <p class='ocr_par' dir='ltr' id='par_1_3' title="bbox 230 210 2322 274">
     <span class='ocr_line' id='line_1_3' title="bbox 230 210 2322 274; baseline 0.004 -18"><span class='ocrx_word' id='word_1_6' title='bbox 230 227 321 258; x_wconf 84' lang='lat' dir='ltr'>rum</span> <span class='ocrx_word' id='word_1_7' title='bbox 348 210 503 268; x_wconf 88' lang='lat' dir='ltr'>primus</span> <span class='ocrx_word' id='word_1_8' title='bbox 530 221 682 255; x_wconf 77' lang='lat' dir='ltr'>naturae</span> <span class='ocrx_word' id='word_1_9' title='bbox 707 211 766 262; x_wconf 81' lang='lat' dir='ltr'>jus</span> <span class='ocrx_word' id='word_1_10' title='bbox 781 212 932 254; x_wconf 78' lang='lat' dir='ltr'>extulit</span> <span class='ocrx_word' id='word_1_11' title='bbox 950 242 961 264; x_wconf 90' lang='lat'>,</span> <span class='ocrx_word' id='word_1_12' title='bbox 982 210 1023 254; x_wconf 71' lang='lat'>8&lt;</span> <span class='ocrx_word' id='word_1_13' title='bbox 1041 211 1252 256; x_wconf 87' lang='lat' dir='ltr'>matrimo-</span> <span class='ocrx_word' id='word_1_14' title='bbox 1307 230 1374 257; x_wconf 88' lang='lat' dir='ltr'>mo</span> <span class='ocrx_word' id='word_1_15' title='bbox 1396 214 1600 269; x_wconf 87' lang='lat' dir='ltr'>imperio,</span> <span class='ocrx_word' id='word_1_16' title='bbox 1635 215 1842 260; x_wconf 84' lang='lat' dir='ltr'>silentibus</span> <span class='ocrx_word' id='word_1_17' title='bbox 1869 213 1960 258; x_wconf 82' lang='lat' dir='ltr'>aliis</span> <span class='ocrx_word' id='word_1_18' title='bbox 1991 216 2322 274; x_wconf 79' lang='lat' dir='ltr'>magistratibus:</span> 
     </span>
    </p>
   </div>
   <div class='ocr_carea' id='block_1_4' title="bbox 229 268 1258 846">
    <p class='ocr_par' dir='ltr' id='par_1_4' title="bbox 229 268 1258 846">
     <span class='ocr_line' id='line_1_4' title="bbox 229 268 1255 325; baseline -0.002 -11"><span class='ocrx_word' id='word_1_19' title='bbox 229 272 317 324; x_wconf 90' lang='lat' dir='ltr'>nii,</span> <span class='ocrx_word' id='word_1_20' title='bbox 351 269 604 313; x_wconf 74' lang='lat' dir='ltr'>educationis</span> <span class='ocrx_word' id='word_1_21' title='bbox 632 270 852 312; x_wconf 86' lang='lat' dir='ltr'>liberorum</span> <span class='ocrx_word' id='word_1_22' title='bbox 876 301 887 320; x_wconf 81' lang='grc'>,</span> <span class='ocrx_word' id='word_1_23' title='bbox 915 268 1082 324; x_wconf 80' lang='lat' dir='ltr'>juraque</span> <span class='ocrx_word' id='word_1_24' title='bbox 1114 285 1255 325; x_wconf 86' lang='lat' dir='ltr'>paren-</span> 
     </span>
     <span class='ocr_line' id='line_1_5' title="bbox 229 326 1258 383; baseline -0.001 -11"><span class='ocrx_word' id='word_1_25' title='bbox 229 343 322 374; x_wconf 90' lang='lat' dir='ltr'>tum</span> <span class='ocrx_word' id='word_1_26' title='bbox 345 328 539 371; x_wconf 86' lang='lat' dir='ltr'>stabilivit</span> <span class='ocrx_word' id='word_1_27' title='bbox 560 359 569 370; x_wconf 88' lang='lat'><em>.</em></span> <span class='ocrx_word' id='word_1_28' title='bbox 602 326 803 378; x_wconf 76' lang='lat' dir='ltr'>Alterius</span> <span class='ocrx_word' id='word_1_29' title='bbox 825 327 1011 383; x_wconf 83' lang='lat' dir='ltr'>gentium</span> <span class='ocrx_word' id='word_1_30' title='bbox 1040 329 1258 382; x_wconf 77' lang='lat' dir='ltr'>expressit,</span> 
     </span>
     <span class='ocr_line' id='line_1_6' title="bbox 229 385 1255 439; baseline -0.001 -8"><span class='ocrx_word' id='word_1_31' title='bbox 229 404 276 431; x_wconf 87' lang='lat' dir='ltr'>ac</span> <span class='ocrx_word' id='word_1_32' title='bbox 297 387 343 429; x_wconf 91' lang='lat' dir='ltr'>de</span> <span class='ocrx_word' id='word_1_33' title='bbox 360 385 596 429; x_wconf 79' lang='lat' dir='ltr'>homicidiis</span> <span class='ocrx_word' id='word_1_34' title='bbox 611 418 622 438; x_wconf 84' lang='lat'><strong>‚</strong></span> <span class='ocrx_word' id='word_1_35' title='bbox 656 386 701 427; x_wconf 85' lang='lat' dir='ltr'>de</span> <span class='ocrx_word' id='word_1_36' title='bbox 719 386 832 428; x_wconf 82' lang='lat' dir='ltr'>bonae</span> <span class='ocrx_word' id='word_1_37' title='bbox 849 386 935 429; x_wconf 82' lang='lat' dir='ltr'>fidei</span> <span class='ocrx_word' id='word_1_38' title='bbox 955 386 1229 430; x_wconf 63' lang='lat' dir='ltr'>contriissibus</span> <span class='ocrx_word' id='word_1_39' title='bbox 1245 419 1255 439; x_wconf 77' lang='lat'>,</span> 
     </span>
     <span class='ocr_line' id='line_1_7' title="bbox 230 443 1255 501; baseline 0 -13"><span class='ocrx_word' id='word_1_40' title='bbox 230 445 278 490; x_wconf 90' lang='lat' dir='ltr'>de</span> <span class='ocrx_word' id='word_1_41' title='bbox 306 443 503 499; x_wconf 84' lang='lat' dir='ltr'>sepultura</span> <span class='ocrx_word' id='word_1_42' title='bbox 533 443 636 499; x_wconf 77' lang='lat' dir='ltr'>leges</span> <span class='ocrx_word' id='word_1_43' title='bbox 662 443 1113 500; x_wconf 79' lang='lat' dir='ltr'>aliquotpromulgavii·</span> <span class='ocrx_word' id='word_1_44' title='bbox 1130 478 1141 498; x_wconf 83' lang='lat'>,</span> <span class='ocrx_word' id='word_1_45' title='bbox 1160 462 1255 501; x_wconf 79' lang='lat' dir='ltr'>prae-</span> 
     </span>
     <span class='ocr_line' id='line_1_8' title="bbox 232 501 1252 555; baseline -0.001 -9"><span class='ocrx_word' id='word_1_46' title='bbox 232 516 295 546; x_wconf 89' lang='lat' dir='ltr'>ter</span> <span class='ocrx_word' id='word_1_47' title='bbox 315 502 605 552; x_wconf 73' lang='lat' dir='ltr'>caeremonias,</span> <span class='ocrx_word' id='word_1_48' title='bbox 638 501 822 555; x_wconf 86' lang='lat' dir='ltr'>&amp;ritus,</span> <span class='ocrx_word' id='word_1_49' title='bbox 852 503 895 546; x_wconf 86' lang='lat'>&amp;</span> <span class='ocrx_word' id='word_1_50' title='bbox 921 504 1140 546; x_wconf 78' lang='lat' dir='ltr'>Sacrorum</span> <span class='ocrx_word' id='word_1_51' title='bbox 1164 504 1252 546; x_wconf 84' lang='lat' dir='ltr'>reli-</span> 
     </span>
     <span class='ocr_line' id='line_1_9' title="bbox 231 561 1254 618; baseline 0 -15"><span class='ocrx_word' id='word_1_52' title='bbox 231 561 426 618; x_wconf 85' lang='lat' dir='ltr'>gionem,</span> <span class='ocrx_word' id='word_1_53' title='bbox 463 575 550 616; x_wconf 81' lang='lat' dir='ltr'>quae</span> <span class='ocrx_word' id='word_1_54' title='bbox 578 561 765 603; x_wconf 86' lang='lat' dir='ltr'>Numam</span> <span class='ocrx_word' id='word_1_55' title='bbox 796 563 1045 617; x_wconf 74' lang='lat' dir='ltr'>prcecipuum</span> <span class='ocrx_word' id='word_1_56' title='bbox 1074 563 1254 615; x_wconf 62' lang='lat' dir='ltr'>agnolcit</span> 
     </span>
     <span class='ocr_line' id='line_1_10' title="bbox 230 617 1230 671; baseline 0 -9"><span class='ocrx_word' id='word_1_57' title='bbox 230 618 467 662; x_wconf 69' lang='lat' dir='ltr'>au&amp;‹irem.</span> <span class='ocrx_word' id='word_1_58' title='bbox 504 619 727 662; x_wconf 80' lang='lat' dir='ltr'>Postremus</span> <span class='ocrx_word' id='word_1_59' title='bbox 752 617 829 669; x_wconf 80' lang='lat' dir='ltr'>juri</span> <span class='ocrx_word' id='word_1_60' title='bbox 857 619 969 663; x_wconf 86' lang='lat' dir='ltr'>civili</span> <span class='ocrx_word' id='word_1_61' title='bbox 997 621 1080 671; x_wconf 63' lang='lat'>(²⁴⁸)</span> <span class='ocrx_word' id='word_1_62' title='bbox 1105 621 1230 662; x_wconf 83' lang='lat' dir='ltr'>conlli</span> 
     </span>
     <span class='ocr_line' id='line_1_11' title="bbox 231 675 1253 732; baseline 0.002 -13"><span class='ocrx_word' id='word_1_63' title='bbox 231 680 383 719; x_wconf 86' lang='lat' dir='ltr'>tuendo</span> <span class='ocrx_word' id='word_1_64' title='bbox 412 675 575 719; x_wconf 86' lang='lat' dir='ltr'>vacavit</span> <span class='ocrx_word' id='word_1_65' title='bbox 596 709 608 730; x_wconf 87' lang='lat'>‚</span> <span class='ocrx_word' id='word_1_66' title='bbox 639 676 682 719; x_wconf 66' lang='grc' dir='ltr'>ὃς</span> <span class='ocrx_word' id='word_1_67' title='bbox 713 678 757 719; x_wconf 89' lang='lat' dir='ltr'>de</span> <span class='ocrx_word' id='word_1_68' title='bbox 785 677 1058 720; x_wconf 60' lang='lat' dir='ltr'>contractibus</span> <span class='ocrx_word' id='word_1_69' title='bbox 1089 709 1101 730; x_wconf 81' lang='lat'>‚</span> <span class='ocrx_word' id='word_1_70' title='bbox 1133 690 1253 732; x_wconf 85' lang='lat' dir='ltr'>atque</span> 
     </span>
     <span class='ocr_line' id='line_1_12' title="bbox 232 733 1251 791; baseline 0.001 -14"><span class='ocrx_word' id='word_1_71' title='bbox 232 733 388 777; x_wconf 58' lang='lat' dir='ltr'>deliffiq</span> <span class='ocrx_word' id='word_1_72' title='bbox 427 734 729 790; x_wconf 84' lang='lat' dir='ltr'>quinquaginta</span> <span class='ocrx_word' id='word_1_73' title='bbox 763 735 927 791; x_wconf 79' lang='lat' dir='ltr'>rogavit</span> <span class='ocrx_word' id='word_1_74' title='bbox 958 734 1063 789; x_wconf 84' lang='lat' dir='ltr'>leges</span> <span class='ocrx_word' id='word_1_75' title='bbox 1095 768 1107 788; x_wconf 89' lang='lat'>,</span> <span class='ocrx_word' id='word_1_76' title='bbox 1152 736 1251 778; x_wconf 89' lang='lat' dir='ltr'>item</span> 
     </span>
     <span class='ocr_line' id='line_1_13' title="bbox 230 790 1194 846; baseline -0.001 -11"><span class='ocrx_word' id='word_1_77' title='bbox 230 791 277 836; x_wconf 87' lang='lat' dir='ltr'>de</span> <span class='ocrx_word' id='word_1_78' title='bbox 308 790 464 837; x_wconf 86' lang='lat' dir='ltr'>foenore</span> <span class='ocrx_word' id='word_1_79' title='bbox 488 823 500 846; x_wconf 86' lang='lat'>‚</span> <span class='ocrx_word' id='word_1_80' title='bbox 533 793 580 836; x_wconf 89' lang='lat' dir='ltr'>de</span> <span class='ocrx_word' id='word_1_81' title='bbox 609 793 778 837; x_wconf 80' lang='lat' dir='ltr'>nexibus</span> <span class='ocrx_word' id='word_1_82' title='bbox 805 809 880 838; x_wconf 86' lang='lat' dir='ltr'>aere</span> <span class='ocrx_word' id='word_1_83' title='bbox 906 791 1041 836; x_wconf 85' lang='lat' dir='ltr'>alieno</span> <span class='ocrx_word' id='word_1_84' title='bbox 1063 824 1072 834; x_wconf 90' lang='lat'><strong>.</strong></span> <span class='ocrx_word' id='word_1_85' title='bbox 1106 794 1194 845; x_wconf 79' lang='lat' dir='ltr'>(a)</span> 
     </span>
    </p>
   </div>
   <div class='ocr_carea' id='block_1_5' title="bbox 359 907 1135 1050">
    <p class='ocr_par' dir='ltr' id='par_1_5' title="bbox 359 907 1135 1050">
     <span class='ocr_line' id='line_1_14' title="bbox 359 907 1135 953; baseline -0.003 -1"><span class='ocrx_word' id='word_1_86' title='bbox 359 908 401 952; x_wconf 89' lang='lat' dir='ltr'>C</span> <span class='ocrx_word' id='word_1_87' title='bbox 461 909 502 953; x_wconf 89' lang='lat' dir='ltr'>A</span> <span class='ocrx_word' id='word_1_88' title='bbox 564 909 596 952; x_wconf 94' lang='lat' dir='ltr'>P</span> <span class='ocrx_word' id='word_1_89' title='bbox 656 910 700 952; x_wconf 93' lang='lat' dir='ltr'>U</span> <span class='ocrx_word' id='word_1_90' title='bbox 761 910 805 953; x_wconf 91' lang='lat' dir='ltr'>T</span> <span class='ocrx_word' id='word_1_91' title='bbox 897 907 1135 953; x_wconf 85' lang='lat' dir='ltr'>XXXII.</span> 
     </span>
     <span class='ocr_line' id='line_1_15' title="bbox 509 996 968 1050; baseline -0.011 -8"><span class='ocrx_word' id='word_1_92' title='bbox 509 997 576 1042; x_wconf 82' lang='lat' dir='ltr'>De</span> <span class='ocrx_word' id='word_1_93' title='bbox 601 998 700 1050; x_wconf 78' lang='lat' dir='ltr'>Jure</span> <span class='ocrx_word' id='word_1_94' title='bbox 731 996 968 1041; x_wconf 76' lang='lat' dir='ltr'>x11.Tab.</span> 
     </span>
    </p>
   </div>
   <div class='ocr_carea' id='block_1_6' title="bbox 228 1080 1252 2586">
    <p class='ocr_par' dir='ltr' id='par_1_6' title="bbox 300 1080 1250 1138">
     <span class='ocr_line' id='line_1_16' title="bbox 300 1080 1250 1138; baseline 0.003 -15"><span class='ocrx_word' id='word_1_95' title='bbox 300 1080 328 1105; x_wconf 45' lang='grc' dir='ltr'>Ἴ</span> <span class='ocrx_word' id='word_1_96' title='bbox 349 1082 438 1124; x_wconf 91' lang='lat' dir='ltr'>Um</span> <span class='ocrx_word' id='word_1_97' title='bbox 462 1096 559 1125; x_wconf 89' lang='lat' dir='ltr'>vero</span> <span class='ocrx_word' id='word_1_98' title='bbox 579 1083 860 1126; x_wconf 84' lang='lat' dir='ltr'>C.Terentius</span> <span class='ocrx_word' id='word_1_99' title='bbox 881 1082 982 1126; x_wconf 85' lang='lat' dir='ltr'>Arsa</span> <span class='ocrx_word' id='word_1_100' title='bbox 1002 1081 1122 1126; x_wconf 82' lang='lat' dir='ltr'>Trib.</span> <span class='ocrx_word' id='word_1_101' title='bbox 1145 1080 1250 1138; x_wconf 82' lang='lat' dir='ltr'><strong>pleb.</strong></span> 
     </span>
    </p>

    <p class='ocr_par' dir='ltr' id='par_1_7' title="bbox 228 1140 1252 2586">
     <span class='ocr_line' id='line_1_17' title="bbox 366 1140 1250 1195; baseline 0.005 -15"><span class='ocrx_word' id='word_1_102' title='bbox 366 1151 410 1181; x_wconf 91' lang='lat' dir='ltr'>ut</span> <span class='ocrx_word' id='word_1_103' title='bbox 435 1140 667 1184; x_wconf 85' lang='lat' dir='ltr'>Consulum</span> <span class='ocrx_word' id='word_1_104' title='bbox 694 1141 1069 1185; x_wconf 87' lang='lat' dir='ltr'>immoderatamin</span> <span class='ocrx_word' id='word_1_105' title='bbox 1088 1141 1250 1195; x_wconf 82' lang='lat' dir='ltr'>plebem</span> 
     </span>
     <span class='ocr_line' id='line_1_18' title="bbox 232 1196 1246 1256; baseline 0.004 -19"><span class='ocrx_word' id='word_1_106' title='bbox 232 1196 472 1250; x_wconf 86' lang='lat' dir='ltr'>potestatem</span> <span class='ocrx_word' id='word_1_107' title='bbox 505 1198 750 1253; x_wconf 88' lang='lat' dir='ltr'>deprimeret</span> <span class='ocrx_word' id='word_1_108' title='bbox 783 1232 795 1253; x_wconf 89' lang='lat'>,</span> <span class='ocrx_word' id='word_1_109' title='bbox 847 1199 978 1256; x_wconf 82' lang='lat' dir='ltr'>legem</span> <span class='ocrx_word' id='word_1_110' title='bbox 1011 1198 1246 1255; x_wconf 87' lang='lat' dir='ltr'>promulga-</span> 
     </span>
     <span class='ocr_line' id='line_1_19' title="bbox 228 1253 1240 1315; baseline 0.003 -18"><span class='ocrx_word' id='word_1_111' title='bbox 228 1253 283 1297; x_wconf 80' lang='lat' dir='ltr'>rit</span> <span class='ocrx_word' id='word_1_112' title='bbox 306 1253 352 1298; x_wconf 89' lang='lat' dir='ltr'>de</span> <span class='ocrx_word' id='word_1_113' title='bbox 378 1255 559 1310; x_wconf 87' lang='lat' dir='ltr'>quinque</span> <span class='ocrx_word' id='word_1_114' title='bbox 584 1256 707 1312; x_wconf 87' lang='lat' dir='ltr'>viris,</span> <span class='ocrx_word' id='word_1_115' title='bbox 735 1258 803 1315; x_wconf 92' lang='lat' dir='ltr'>qui</span> <span class='ocrx_word' id='word_1_116' title='bbox 829 1256 933 1314; x_wconf 82' lang='lat' dir='ltr'>leges</span> <span class='ocrx_word' id='word_1_117' title='bbox 955 1256 1240 1301; x_wconf 89' lang='lat' dir='ltr'>consulariim-</span> 
     </span>
     <span class='ocr_line' id='line_1_20' title="bbox 232 1310 1248 1371; baseline 0.003 -17"><span class='ocrx_word' id='word_1_118' title='bbox 232 1310 345 1366; x_wconf 89' lang='lat' dir='ltr'>perio</span> <span class='ocrx_word' id='word_1_119' title='bbox 379 1313 668 1367; x_wconf 86' lang='lat' dir='ltr'>perscriberent</span> <span class='ocrx_word' id='word_1_120' title='bbox 694 1348 707 1369; x_wconf 85' lang='lat'>‚</span> <span class='ocrx_word' id='word_1_121' title='bbox 740 1316 923 1360; x_wconf 86' lang='lat' dir='ltr'>creandis</span> <span class='ocrx_word' id='word_1_122' title='bbox 951 1348 963 1370; x_wconf 90' lang='lat'>‚</span> <span class='ocrx_word' id='word_1_123' title='bbox 995 1331 1122 1371; x_wconf 87' lang='lat' dir='ltr'>eaque</span> <span class='ocrx_word' id='word_1_124' title='bbox 1146 1314 1248 1358; x_wconf 89' lang='lat' dir='ltr'>deli·</span> 
     </span>
     <span class='ocr_line' id='line_1_21' title="bbox 232 1368 1249 1429; baseline 0.006 -18"><span class='ocrx_word' id='word_1_125' title='bbox 232 1368 388 1412; x_wconf 89' lang='lat' dir='ltr'>beratio</span> <span class='ocrx_word' id='word_1_126' title='bbox 439 1371 563 1413; x_wconf 88' lang='lat' dir='ltr'>variis</span> <span class='ocrx_word' id='word_1_127' title='bbox 611 1374 948 1417; x_wconf 80' lang='lat' dir='ltr'>contentionibus</span> <span class='ocrx_word' id='word_1_128' title='bbox 992 1389 1061 1429; x_wconf 87' lang='lat' dir='ltr'>per</span> <span class='ocrx_word' id='word_1_129' title='bbox 1103 1374 1249 1417; x_wconf 85' lang='lat' dir='ltr'>decen·</span> 
     </span>
     <span class='ocr_line' id='line_1_22' title="bbox 233 1426 1249 1488; baseline 0.006 -19"><span class='ocrx_word' id='word_1_130' title='bbox 233 1426 358 1470; x_wconf 86' lang='lat' dir='ltr'>niurn</span> <span class='ocrx_word' id='word_1_131' title='bbox 390 1429 570 1472; x_wconf 57' lang='lat' dir='ltr'>extracta</span> <span class='ocrx_word' id='word_1_132' title='bbox 602 1429 759 1473; x_wconf 86' lang='lat' dir='ltr'>fuerit:</span> <span class='ocrx_word' id='word_1_133' title='bbox 803 1432 845 1474; x_wconf 87' lang='lat'>&amp;</span> <span class='ocrx_word' id='word_1_134' title='bbox 877 1432 962 1488; x_wconf 87' lang='lat' dir='ltr'>post</span> <span class='ocrx_word' id='word_1_135' title='bbox 986 1432 1249 1486; x_wconf 84' lang='lat' dir='ltr'>impetratam</span> 
     </span>
     <span class='ocr_line' id='line_1_23' title="bbox 232 1483 1248 1547; baseline 0.005 -19"><span class='ocrx_word' id='word_1_136' title='bbox 232 1483 576 1540; x_wconf 88' lang='lat' dir='ltr'>duplicandorum</span> <span class='ocrx_word' id='word_1_137' title='bbox 609 1489 898 1533; x_wconf 88' lang='lat' dir='ltr'>Tribunorum</span> <span class='ocrx_word' id='word_1_138' title='bbox 925 1489 1052 1547; x_wconf 90' lang='lat' dir='ltr'>plebis</span> <span class='ocrx_word' id='word_1_139' title='bbox 1079 1490 1248 1546; x_wconf 77' lang='lat' dir='ltr'>potesta-</span> 
     </span>
     <span class='ocr_line' id='line_1_24' title="bbox 231 1542 1248 1600; baseline 0.007 -16"><span class='ocrx_word' id='word_1_140' title='bbox 231 1554 315 1585; x_wconf 88' lang='lat' dir='ltr'>tem</span> <span class='ocrx_word' id='word_1_141' title='bbox 350 1542 600 1600; x_wconf 78' lang='lat' dir='ltr'>intermissa3</span> <span class='ocrx_word' id='word_1_142' title='bbox 634 1546 787 1590; x_wconf 81' lang='lat' dir='ltr'>revixit</span> <span class='ocrx_word' id='word_1_143' title='bbox 820 1548 988 1591; x_wconf 86' lang='lat' dir='ltr'>tandem</span> <span class='ocrx_word' id='word_1_144' title='bbox 1025 1546 1209 1591; x_wconf 86' lang='lat' dir='ltr'>Romilio</span> <span class='ocrx_word' id='word_1_145' title='bbox 1240 1579 1248 1586; x_wconf 86' lang='lat'><em>-</em></span> 
     </span>
     <span class='ocr_line' id='line_1_25' title="bbox 231 1600 1248 1660; baseline 0.006 -18"><span class='ocrx_word' id='word_1_146' title='bbox 231 1600 494 1657; x_wconf 89' lang='lat' dir='ltr'>Veturioque</span> <span class='ocrx_word' id='word_1_147' title='bbox 528 1603 637 1646; x_wconf 80' lang='lat' dir='ltr'>Coss.</span> <span class='ocrx_word' id='word_1_148' title='bbox 661 1604 702 1647; x_wconf 90' lang='lat' dir='ltr'>in</span> <span class='ocrx_word' id='word_1_149' title='bbox 725 1604 885 1659; x_wconf 87' lang='lat' dir='ltr'>plebem</span> <span class='ocrx_word' id='word_1_150' title='bbox 910 1608 1033 1648; x_wconf 86' lang='lat' dir='ltr'>Rom.</span> <span class='ocrx_word' id='word_1_151' title='bbox 1059 1621 1146 1660; x_wconf 86' lang='lat' dir='ltr'>quae</span> <span class='ocrx_word' id='word_1_152' title='bbox 1170 1605 1248 1648; x_wconf 90' lang='lat' dir='ltr'>rni-</span> 
     </span>
     <span class='ocr_line' id='line_1_26' title="bbox 231 1656 1247 1718; baseline 0.005 -18"><span class='ocrx_word' id='word_1_153' title='bbox 231 1656 367 1700; x_wconf 90' lang='lat' dir='ltr'>litiam</span> <span class='ocrx_word' id='word_1_154' title='bbox 399 1658 645 1704; x_wconf 52' lang='lat' dir='ltr'>detrefftabat</span> <span class='ocrx_word' id='word_1_155' title='bbox 678 1662 948 1718; x_wconf 84' lang='lat' dir='ltr'>impotentius</span> <span class='ocrx_word' id='word_1_156' title='bbox 994 1663 1247 1706; x_wconf 87' lang='lat' dir='ltr'>dominanti-</span> 
     </span>
     <span class='ocr_line' id='line_1_27' title="bbox 231 1715 1250 1776; baseline 0.007 -19"><span class='ocrx_word' id='word_1_157' title='bbox 231 1715 304 1758; x_wconf 91' lang='lat' dir='ltr'>bus</span> <span class='ocrx_word' id='word_1_158' title='bbox 338 1747 348 1757; x_wconf 90' lang='lat'><strong>.</strong></span> <span class='ocrx_word' id='word_1_159' title='bbox 399 1716 513 1760; x_wconf 88' lang='lat' dir='ltr'>Hinc</span> <span class='ocrx_word' id='word_1_160' title='bbox 547 1734 657 1762; x_wconf 89' lang='lat' dir='ltr'>anno</span> <span class='ocrx_word' id='word_1_161' title='bbox 688 1721 739 1762; x_wconf 88' lang='lat' dir='ltr'>ab</span> <span class='ocrx_word' id='word_1_162' title='bbox 772 1723 829 1763; x_wconf 92' lang='lat' dir='ltr'>U.</span> <span class='ocrx_word' id='word_1_163' title='bbox 856 1723 908 1764; x_wconf 90' lang='lat' dir='ltr'>C.</span> <span class='ocrx_word' id='word_1_164' title='bbox 934 1722 1072 1764; x_wconf 84' lang='lat' dir='ltr'><strong>CCC·</strong></span> <span class='ocrx_word' id='word_1_165' title='bbox 1104 1722 1250 1776; x_wconf 89' lang='lat' dir='ltr'>Spurio</span> 
     </span>
     <span class='ocr_line' id='line_1_28' title="bbox 229 1772 1243 1828; baseline 0.007 -14"><span class='ocrx_word' id='word_1_166' title='bbox 229 1772 413 1828; x_wconf 74' lang='lat' dir='ltr'>Tarpeio</span> <span class='ocrx_word' id='word_1_167' title='bbox 441 1806 454 1828; x_wconf 84' lang='lat'>‚</span> <span class='ocrx_word' id='word_1_168' title='bbox 485 1775 527 1819; x_wconf 69' lang='grc' dir='ltr'>ἃ</span> <span class='ocrx_word' id='word_1_169' title='bbox 558 1778 610 1819; x_wconf 88' lang='lat' dir='ltr'>A.</span> <span class='ocrx_word' id='word_1_170' title='bbox 637 1778 859 1822; x_wconf 87' lang='lat' dir='ltr'>Terminio</span> <span class='ocrx_word' id='word_1_171' title='bbox 884 1779 992 1822; x_wconf 79' lang='lat' dir='ltr'>Coss.</span> <span class='ocrx_word' id='word_1_172' title='bbox 1021 1794 1079 1822; x_wconf 91' lang='lat' dir='ltr'>res</span> <span class='ocrx_word' id='word_1_173' title='bbox 1104 1780 1152 1822; x_wconf 90' lang='lat' dir='ltr'>ad</span> <span class='ocrx_word' id='word_1_174' title='bbox 1179 1780 1243 1821; x_wconf 87' lang='lat' dir='ltr'>Se—</span> 
     </span>
     <span class='ocr_line' id='line_1_29' title="bbox 231 1831 1249 1888; baseline 0.007 -16"><span class='ocrx_word' id='word_1_175' title='bbox 231 1843 379 1874; x_wconf 84' lang='lat' dir='ltr'>natum</span> <span class='ocrx_word' id='word_1_176' title='bbox 410 1831 542 1875; x_wconf 86' lang='lat' dir='ltr'>delata</span> <span class='ocrx_word' id='word_1_177' title='bbox 567 1835 620 1877; x_wconf 85' lang='lat' dir='ltr'>est</span> <span class='ocrx_word' id='word_1_178' title='bbox 646 1867 658 1888; x_wconf 88' lang='lat'>‚</span> <span class='ocrx_word' id='word_1_179' title='bbox 692 1851 740 1879; x_wconf 80' lang='lat' dir='ltr'>ex</span> <span class='ocrx_word' id='word_1_180' title='bbox 775 1837 974 1880; x_wconf 82' lang='lat' dir='ltr'>sententia</span> <span class='ocrx_word' id='word_1_181' title='bbox 1005 1837 1045 1879; x_wconf 89' lang='lat' dir='ltr'>P.</span> <span class='ocrx_word' id='word_1_182' title='bbox 1074 1837 1249 1880; x_wconf 89' lang='lat' dir='ltr'>Romilii</span> 
     </span>
     <span class='ocr_line' id='line_1_30' title="bbox 231 1887 1252 1952; baseline 0.006 -21"><span class='ocrx_word' id='word_1_183' title='bbox 231 1887 388 1932; x_wconf 57' lang='lat' dir='ltr'>fafitum</span> <span class='ocrx_word' id='word_1_184' title='bbox 425 1889 464 1931; x_wconf 86' lang='lat' dir='ltr'>S.</span> <span class='ocrx_word' id='word_1_185' title='bbox 491 1891 544 1934; x_wconf 89' lang='lat' dir='ltr'>C.</span> <span class='ocrx_word' id='word_1_186' title='bbox 577 1891 725 1948; x_wconf 92' lang='lat' dir='ltr'>[quod</span> <span class='ocrx_word' id='word_1_187' title='bbox 751 1894 896 1939; x_wconf 88' lang='lat' dir='ltr'>deinde</span> <span class='ocrx_word' id='word_1_188' title='bbox 929 1895 1006 1938; x_wconf 89' lang='lat' dir='ltr'>fuit</span> <span class='ocrx_word' id='word_1_189' title='bbox 1040 1895 1252 1952; x_wconf 90' lang='lat' dir='ltr'>plebiscito</span> 
     </span>
     <span class='ocr_line' id='line_1_31' title="bbox 233 1946 1249 2007; baseline 0.006 -18"><span class='ocrx_word' id='word_1_190' title='bbox 233 1946 528 1991; x_wconf 81' lang='lat' dir='ltr'>confirmatum</span> <span class='ocrx_word' id='word_1_191' title='bbox 553 1949 569 2002; x_wconf 92' lang='lat'>]</span> <span class='ocrx_word' id='word_1_192' title='bbox 593 1963 634 1992; x_wconf 91' lang='lat' dir='ltr'>ut</span> <span class='ocrx_word' id='word_1_193' title='bbox 657 1951 782 1995; x_wconf 90' lang='lat' dir='ltr'>tribus</span> <span class='ocrx_word' id='word_1_194' title='bbox 803 1953 1036 1997; x_wconf 86' lang='lat' dir='ltr'>triremibus</span> <span class='ocrx_word' id='word_1_195' title='bbox 1065 1970 1136 2007; x_wconf 90' lang='lat' dir='ltr'>pro</span> <span class='ocrx_word' id='word_1_196' title='bbox 1163 1969 1249 1996; x_wconf 92' lang='lat' dir='ltr'>ma-</span> 
     </span>
     <span class='ocr_line' id='line_1_32' title="bbox 231 2001 1246 2066; baseline 0.008 -20"><span class='ocrx_word' id='word_1_197' title='bbox 231 2001 366 2054; x_wconf 82' lang='lat' dir='ltr'>jestate</span> <span class='ocrx_word' id='word_1_198' title='bbox 401 2005 520 2060; x_wconf 89' lang='lat' dir='ltr'>Reip.</span> <span class='ocrx_word' id='word_1_199' title='bbox 543 2008 669 2052; x_wconf 89' lang='lat' dir='ltr'>Rom.</span> <span class='ocrx_word' id='word_1_200' title='bbox 696 2011 1159 2066; x_wconf 66' lang='lat' dir='ltr'>magnificeinstruffls,</span> <span class='ocrx_word' id='word_1_201' title='bbox 1192 2011 1246 2054; x_wconf 89' lang='lat' dir='ltr'>le-</span> 
     </span>
     <span class='ocr_line' id='line_1_33' title="bbox 232 2061 1249 2119; baseline 0.009 -17"><span class='ocrx_word' id='word_1_202' title='bbox 232 2061 317 2115; x_wconf 84' lang='lat' dir='ltr'>gati</span> <span class='ocrx_word' id='word_1_203' title='bbox 352 2077 420 2117; x_wconf 90' lang='lat' dir='ltr'>per</span> <span class='ocrx_word' id='word_1_204' title='bbox 454 2062 622 2108; x_wconf 87' lang='lat' dir='ltr'>Italiam</span> <span class='ocrx_word' id='word_1_205' title='bbox 650 2097 662 2119; x_wconf 86' lang='lat'>‚</span> <span class='ocrx_word' id='word_1_206' title='bbox 706 2067 749 2110; x_wconf 87' lang='lat'>&amp;</span> <span class='ocrx_word' id='word_1_207' title='bbox 780 2068 1012 2113; x_wconf 83' lang='lat' dir='ltr'>universam</span> <span class='ocrx_word' id='word_1_208' title='bbox 1045 2069 1249 2113; x_wconf 78' lang='lat' dir='ltr'>Graeciam</span> 
     </span>
     <span class='ocr_line' id='line_1_34' title="bbox 233 2119 1251 2183; baseline 0.01 -24"><span class='ocrx_word' id='word_1_209' title='bbox 233 2119 413 2172; x_wconf 87' lang='lat' dir='ltr'>petitum</span> <span class='ocrx_word' id='word_1_210' title='bbox 447 2119 554 2177; x_wconf 80' lang='lat' dir='ltr'>leges</span> <span class='ocrx_word' id='word_1_211' title='bbox 585 2123 854 2170; x_wconf 79' lang='lat' dir='ltr'>mitterentur</span> <span class='ocrx_word' id='word_1_212' title='bbox 880 2143 889 2168; x_wconf 90' lang='lat'>:</span> <span class='ocrx_word' id='word_1_213' title='bbox 943 2127 1151 2183; x_wconf 89' lang='lat' dir='ltr'>creatique</span> <span class='ocrx_word' id='word_1_214' title='bbox 1183 2129 1251 2183; x_wconf 91' lang='lat' dir='ltr'>Sp.</span> 
     </span>
     <span class='ocr_line' id='line_1_35' title="bbox 232 2176 1252 2239; baseline 0.01 -21"><span class='ocrx_word' id='word_1_215' title='bbox 232 2176 490 2232; x_wconf 86' lang='lat' dir='ltr'>Postumius,</span> <span class='ocrx_word' id='word_1_216' title='bbox 521 2181 634 2224; x_wconf 83' lang='lat' dir='ltr'>Sext.</span> <span class='ocrx_word' id='word_1_217' title='bbox 667 2183 897 2239; x_wconf 73' lang='lat' dir='ltr'>Sulpicius,</span> <span class='ocrx_word' id='word_1_218' title='bbox 933 2188 986 2228; x_wconf 85' lang='lat' dir='ltr'>A.</span> <span class='ocrx_word' id='word_1_219' title='bbox 1019 2184 1206 2230; x_wconf 85' lang='lat' dir='ltr'>Manlius</span> <span class='ocrx_word' id='word_1_220' title='bbox 1239 2217 1252 2236; x_wconf 77' lang='lat'>,</span> 
     </span>
     <span class='ocr_line' id='line_1_36' title="bbox 233 2234 1252 2298; baseline 0.009 -22"><span class='ocrx_word' id='word_1_221' title='bbox 233 2234 304 2290; x_wconf 90' lang='lat' dir='ltr'>qui</span> <span class='ocrx_word' id='word_1_222' title='bbox 348 2235 533 2280; x_wconf 83' lang='lat' dir='ltr'>utiliores</span> <span class='ocrx_word' id='word_1_223' title='bbox 575 2239 811 2285; x_wconf 89' lang='lat' dir='ltr'>Civitatum</span> <span class='ocrx_word' id='word_1_224' title='bbox 854 2241 1105 2298; x_wconf 81' lang='lat' dir='ltr'>singularum</span> <span class='ocrx_word' id='word_1_225' title='bbox 1149 2273 1162 2295; x_wconf 84' lang='lat'>‚</span> <span class='ocrx_word' id='word_1_226' title='bbox 1211 2242 1252 2285; x_wconf 77' lang='grc' dir='ltr'>δ(</span> 
     </span>
     <span class='ocr_line' id='line_1_37' title="bbox 234 2290 1252 2355; baseline 0.01 -23"><span class='ocrx_word' id='word_1_227' title='bbox 234 2290 648 2339; x_wconf 64' lang='lat' dir='ltr'>Lacedaemoniorum</span> <span class='ocrx_word' id='word_1_228' title='bbox 691 2329 703 2352; x_wconf 85' lang='lat'>‚</span> <span class='ocrx_word' id='word_1_229' title='bbox 765 2311 884 2355; x_wconf 89' lang='lat' dir='ltr'>atque</span> <span class='ocrx_word' id='word_1_230' title='bbox 935 2299 1252 2344; x_wconf 76' lang='lat' dir='ltr'>Atheniensium</span> 
     </span>
     <span class='ocr_line' id='line_1_38' title="bbox 234 2348 1250 2414; baseline 0.011 -24"><span class='ocrx_word' id='word_1_231' title='bbox 234 2348 491 2405; x_wconf 79' lang='lat' dir='ltr'>potissimum</span> <span class='ocrx_word' id='word_1_232' title='bbox 525 2350 631 2409; x_wconf 82' lang='lat' dir='ltr'>leges</span> <span class='ocrx_word' id='word_1_233' title='bbox 663 2353 955 2412; x_wconf 89' lang='lat' dir='ltr'>descripserunt</span> <span class='ocrx_word' id='word_1_234' title='bbox 983 2390 990 2400; x_wconf 96' lang='lat'><strong>.</strong></span> <span class='ocrx_word' id='word_1_235' title='bbox 1037 2361 1138 2414; x_wconf 84' lang='lat' dir='ltr'>Quae</span> <span class='ocrx_word' id='word_1_236' title='bbox 1171 2360 1250 2401; x_wconf 87' lang='lat' dir='ltr'>Ro-</span> 
     </span>
     <span class='ocr_line' id='line_1_39' title="bbox 233 2406 1252 2470; baseline 0.011 -22"><span class='ocrx_word' id='word_1_237' title='bbox 233 2421 349 2470; x_wconf 74' lang='lat' dir='ltr'>mam</span> <span class='ocrx_word' id='word_1_238' title='bbox 381 2406 517 2452; x_wconf 81' lang='lat' dir='ltr'>allatae</span> <span class='ocrx_word' id='word_1_239' title='bbox 542 2441 554 2463; x_wconf 82' lang='lat'>,</span> <span class='ocrx_word' id='word_1_240' title='bbox 601 2412 767 2457; x_wconf 66' lang='lat' dir='ltr'>redaftse</span> <span class='ocrx_word' id='word_1_241' title='bbox 809 2414 975 2458; x_wconf 84' lang='lat' dir='ltr'>fuerunt</span> <span class='ocrx_word' id='word_1_242' title='bbox 1009 2416 1125 2459; x_wconf 87' lang='lat' dir='ltr'>simul</span> <span class='ocrx_word' id='word_1_243' title='bbox 1160 2432 1252 2459; x_wconf 89' lang='lat' dir='ltr'>curn</span> 
     </span>
     <span class='ocr_line' id='line_1_40' title="bbox 235 2462 1252 2526; baseline 0.012 -20"><span class='ocrx_word' id='word_1_244' title='bbox 235 2462 395 2520; x_wconf 85' lang='lat' dir='ltr'>legibus</span> <span class='ocrx_word' id='word_1_245' title='bbox 437 2465 597 2523; x_wconf 88' lang='lat' dir='ltr'>aliquot</span> <span class='ocrx_word' id='word_1_246' title='bbox 643 2471 784 2526; x_wconf 87' lang='lat' dir='ltr'>Regiis</span> <span class='ocrx_word' id='word_1_247' title='bbox 817 2473 860 2516; x_wconf 90' lang='lat' dir='ltr'>in</span> <span class='ocrx_word' id='word_1_248' title='bbox 891 2473 1105 2518; x_wconf 89' lang='lat' dir='ltr'>duodecim</span> <span class='ocrx_word' id='word_1_249' title='bbox 1140 2474 1252 2518; x_wconf 85' lang='lat' dir='ltr'>tabu-</span> 
     </span>
     <span class='ocr_line' id='line_1_41' title="bbox 237 2519 1252 2586; baseline 0.012 -21"><span class='ocrx_word' id='word_1_250' title='bbox 237 2519 296 2566; x_wconf 89' lang='lat' dir='ltr'>las</span> <span class='ocrx_word' id='word_1_251' title='bbox 328 2539 350 2567; x_wconf 88' lang='lat' dir='ltr'>a</span> <span class='ocrx_word' id='word_1_252' title='bbox 382 2523 626 2571; x_wconf 79' lang='lat' dir='ltr'>decemviris</span> <span class='ocrx_word' id='word_1_253' title='bbox 658 2528 706 2572; x_wconf 86' lang='lat' dir='ltr'>ad</span> <span class='ocrx_word' id='word_1_254' title='bbox 738 2529 778 2574; x_wconf 90' lang='lat' dir='ltr'>id</span> <span class='ocrx_word' id='word_1_255' title='bbox 801 2529 993 2586; x_wconf 54' lang='lat' dir='ltr'>delestis,</span> <span class='ocrx_word' id='word_1_256' title='bbox 1025 2548 1120 2577; x_wconf 90' lang='lat' dir='ltr'>curn</span> <span class='ocrx_word' id='word_1_257' title='bbox 1150 2532 1252 2576; x_wconf 90' lang='lat' dir='ltr'>sum-</span> 
     </span>
    </p>
   </div>
   <div class='ocr_carea' id='block_1_7' title="bbox 240 2656 348 2668">
    <p class='ocr_par' dir='ltr' id='par_1_8' title="bbox 240 2656 348 2668">
     <span class='ocr_line' id='line_1_42' title="bbox 240 2656 348 2668; baseline 0.009 -1"><span class='ocrx_word' id='word_1_258' title='bbox 240 2656 348 2668; x_wconf 67' lang='lat' dir='ltr'>——n—</span> 
     </span>
    </p>
   </div>
   <div class='ocr_carea' id='block_1_8' title="bbox 349 2659 560 2672">
    <p class='ocr_par' dir='ltr' id='par_1_9' title="bbox 349 2659 560 2672">
     <span class='ocr_line' id='line_1_43' title="bbox 349 2659 560 2672; baseline 0 807"><span class='ocrx_word' id='word_1_259' title='bbox 349 2659 560 2672; x_wconf 95' lang='lat' dir='ltr'> </span> 
     </span>
    </p>
   </div>
   <div class='ocr_carea' id='block_1_9' title="bbox 564 2666 668 2674">
    <p class='ocr_par' dir='ltr' id='par_1_10' title="bbox 564 2666 668 2674">
     <span class='ocr_line' id='line_1_44' title="bbox 564 2666 668 2674; baseline 0 0"><span class='ocrx_word' id='word_1_260' title='bbox 564 2666 668 2674; x_wconf 95' lang='lat' dir='ltr'> </span> 
     </span>
    </p>
   </div>
   <div class='ocr_carea' id='block_1_10' title="bbox 671 2666 776 2675">
    <p class='ocr_par' dir='ltr' id='par_1_11' title="bbox 671 2666 776 2675">
     <span class='ocr_line' id='line_1_45' title="bbox 671 2666 776 2675; baseline 0 804"><span class='ocrx_word' id='word_1_261' title='bbox 671 2666 776 2675; x_wconf 95' lang='lat' dir='ltr'> </span> 
     </span>
    </p>
   </div>
   <div class='ocr_carea' id='block_1_11' title="bbox 777 2668 883 2676">
    <p class='ocr_par' dir='ltr' id='par_1_12' title="bbox 777 2668 883 2676">
     <span class='ocr_line' id='line_1_46' title="bbox 777 2668 883 2676; baseline 0 0"><span class='ocrx_word' id='word_1_262' title='bbox 777 2668 883 2676; x_wconf 95' lang='lat' dir='ltr'> </span> 
     </span>
    </p>
   </div>
   <div class='ocr_carea' id='block_1_12' title="bbox 885 2669 989 2678">
    <p class='ocr_par' dir='ltr' id='par_1_13' title="bbox 885 2669 989 2678">
     <span class='ocr_line' id='line_1_47' title="bbox 885 2669 989 2678; baseline 0 801"><span class='ocrx_word' id='word_1_263' title='bbox 885 2669 989 2678; x_wconf 95' lang='lat' dir='ltr'> </span> 
     </span>
    </p>
   </div>
   <div class='ocr_carea' id='block_1_13' title="bbox 240 2694 1256 3198">
    <p class='ocr_par' dir='ltr' id='par_1_14' title="bbox 240 2694 1256 3198">
     <span class='ocr_line' id='line_1_48' title="bbox 278 2694 1253 2744; baseline 0.006 -15"><span class='ocrx_word' id='word_1_264' title='bbox 278 2694 345 2742; x_wconf 48' lang='lat'><strong>·(“)</strong></span> <span class='ocrx_word' id='word_1_265' title='bbox 372 2695 490 2727; x_wconf 80' lang='lat' dir='ltr'>Nescio</span> <span class='ocrx_word' id='word_1_266' title='bbox 518 2719 529 2736; x_wconf 92' lang='lat'>‚</span> <span class='ocrx_word' id='word_1_267' title='bbox 566 2709 677 2732; x_wconf 81' lang='lat' dir='ltr'>annon</span> <span class='ocrx_word' id='word_1_268' title='bbox 721 2699 798 2733; x_wconf 85' lang='lat' dir='ltr'>ferri</span> <span class='ocrx_word' id='word_1_269' title='bbox 839 2703 931 2744; x_wconf 87' lang='lat' dir='ltr'>poffit</span> <span class='ocrx_word' id='word_1_270' title='bbox 959 2702 1102 2735; x_wconf 59' lang='lat' dir='ltr'>auctoris</span> <span class='ocrx_word' id='word_1_271' title='bbox 1141 2702 1253 2735; x_wconf 84' lang='lat' dir='ltr'>distin—</span> 
     </span>
     <span class='ocr_line' id='line_1_49' title="bbox 241 2734 1253 2785; baseline 0.011 -16"><span class='ocrx_word' id='word_1_272' title='bbox 241 2734 310 2770; x_wconf 70' lang='lat' dir='ltr'>stio</span> <span class='ocrx_word' id='word_1_273' title='bbox 339 2760 351 2778; x_wconf 90' lang='lat'>,</span> <span class='ocrx_word' id='word_1_274' title='bbox 388 2750 406 2771; x_wconf 88' lang='lat' dir='ltr'>a</span> <span class='ocrx_word' id='word_1_275' title='bbox 433 2741 542 2782; x_wconf 83' lang='lat' dir='ltr'>Lipfio</span> <span class='ocrx_word' id='word_1_276' title='bbox 577 2743 679 2776; x_wconf 86' lang='lat' dir='ltr'>etiam</span> <span class='ocrx_word' id='word_1_277' title='bbox 717 2745 867 2779; x_wconf 82' lang='lat' dir='ltr'>adhibita</span> <span class='ocrx_word' id='word_1_278' title='bbox 894 2769 905 2785; x_wconf 88' lang='lat'><strong>‚</strong></span> <span class='ocrx_word' id='word_1_279' title='bbox 944 2748 974 2779; x_wconf 70' lang='grc' dir='ltr'><strong>ἃ</strong></span> <span class='ocrx_word' id='word_1_280' title='bbox 1017 2747 1040 2779; x_wconf 77' lang='lat' dir='ltr'>si</span> <span class='ocrx_word' id='word_1_281' title='bbox 1066 2748 1140 2780; x_wconf 85' lang='lat' dir='ltr'>aliis</span> <span class='ocrx_word' id='word_1_282' title='bbox 1191 2747 1253 2781; x_wconf 85' lang='lat' dir='ltr'>dis-</span> 
     </span>
     <span class='ocr_line' id='line_1_50' title="bbox 240 2781 1254 2836; baseline 0.011 -22"><span class='ocrx_word' id='word_1_283' title='bbox 240 2781 365 2824; x_wconf 80' lang='lat' dir='ltr'>pliceat</span> <span class='ocrx_word' id='word_1_284' title='bbox 391 2805 401 2816; x_wconf 87' lang='lat'><strong>.</strong></span> <span class='ocrx_word' id='word_1_285' title='bbox 445 2785 583 2819; x_wconf 87' lang='lat' dir='ltr'>Videtur</span> <span class='ocrx_word' id='word_1_286' title='bbox 608 2789 699 2821; x_wconf 83' lang='lat' dir='ltr'>enirn</span> <span class='ocrx_word' id='word_1_287' title='bbox 737 2790 826 2833; x_wconf 76' lang='lat' dir='ltr'>loqui</span> <span class='ocrx_word' id='word_1_288' title='bbox 867 2792 907 2824; x_wconf 89' lang='lat' dir='ltr'>de</span> <span class='ocrx_word' id='word_1_289' title='bbox 932 2792 974 2824; x_wconf 86' lang='lat' dir='ltr'>iis</span> <span class='ocrx_word' id='word_1_290' title='bbox 1010 2813 1020 2831; x_wconf 86' lang='lat'>‚</span> <span class='ocrx_word' id='word_1_291' title='bbox 1061 2803 1132 2836; x_wconf 76' lang='lat' dir='ltr'>quoe</span> <span class='ocrx_word' id='word_1_292' title='bbox 1159 2793 1254 2836; x_wconf 86' lang='lat' dir='ltr'>potis.</span> 
     </span>
     <span class='ocr_line' id='line_1_51' title="bbox 240 2827 1250 2876; baseline 0.012 -16"><span class='ocrx_word' id='word_1_293' title='bbox 240 2827 361 2862; x_wconf 75' lang='lat' dir='ltr'>simum</span> <span class='ocrx_word' id='word_1_294' title='bbox 386 2840 404 2861; x_wconf 81' lang='lat' dir='ltr'>a</span> <span class='ocrx_word' id='word_1_295' title='bbox 431 2831 574 2874; x_wconf 82' lang='lat' dir='ltr'>Regibus</span> <span class='ocrx_word' id='word_1_296' title='bbox 601 2834 762 2867; x_wconf 82' lang='lat' dir='ltr'>Romanis</span> <span class='ocrx_word' id='word_1_297' title='bbox 791 2835 913 2869; x_wconf 86' lang='lat' dir='ltr'>sancita</span> <span class='ocrx_word' id='word_1_298' title='bbox 938 2836 1073 2870; x_wconf 81' lang='lat' dir='ltr'>fuerunt</span> <span class='ocrx_word' id='word_1_299' title='bbox 1103 2859 1112 2876; x_wconf 85' lang='lat'>‚</span> <span class='ocrx_word' id='word_1_300' title='bbox 1139 2839 1198 2872; x_wconf 79' lang='lat' dir='ltr'>etsi</span> <span class='ocrx_word' id='word_1_301' title='bbox 1228 2839 1250 2872; x_wconf 84' lang='lat' dir='ltr'>ii</span> 
     </span>
     <span class='ocr_line' id='line_1_52' title="bbox 242 2873 1252 2927; baseline 0.012 -23"><span class='ocrx_word' id='word_1_302' title='bbox 242 2873 275 2924; x_wconf 61' lang='lat'>8}</span> <span class='ocrx_word' id='word_1_303' title='bbox 303 2874 383 2907; x_wconf 79' lang='lat' dir='ltr'>alias</span> <span class='ocrx_word' id='word_1_304' title='bbox 409 2874 493 2924; x_wconf 80' lang='lat' dir='ltr'>leges</span> <span class='ocrx_word' id='word_1_305' title='bbox 520 2878 830 2921; x_wconf 80' lang='lat' dir='ltr'>promulgaverint.</span> <span class='ocrx_word' id='word_1_306' title='bbox 859 2881 988 2914; x_wconf 83' lang='lat' dir='ltr'>Extulit</span> <span class='ocrx_word' id='word_1_307' title='bbox 1012 2883 1173 2916; x_wconf 84' lang='lat' dir='ltr'>Romulus</span> <span class='ocrx_word' id='word_1_308' title='bbox 1194 2895 1252 2927; x_wconf 88' lang='lat' dir='ltr'>po-</span> 
     </span>
     <span class='ocr_line' id='line_1_53' title="bbox 242 2918 1254 2969; baseline 0.013 -19"><span class='ocrx_word' id='word_1_309' title='bbox 242 2918 402 2953; x_wconf 85' lang='lat' dir='ltr'>tiffimum</span> <span class='ocrx_word' id='word_1_310' title='bbox 428 2930 478 2958; x_wconf 70' lang='lat' dir='ltr'>ius</span> <span class='ocrx_word' id='word_1_311' title='bbox 506 2925 643 2955; x_wconf 67' lang='lat' dir='ltr'>Natura</span> <span class='ocrx_word' id='word_1_312' title='bbox 669 2947 678 2963; x_wconf 89' lang='lat'>,</span> <span class='ocrx_word' id='word_1_313' title='bbox 703 2924 755 2956; x_wconf 91' lang='lat' dir='ltr'>sed</span> <span class='ocrx_word' id='word_1_314' title='bbox 782 2924 871 2958; x_wconf 89' lang='lat' dir='ltr'>idem</span> <span class='ocrx_word' id='word_1_315' title='bbox 895 2925 1045 2969; x_wconf 80' lang='lat' dir='ltr'>quaedam</span> <span class='ocrx_word' id='word_1_316' title='bbox 1071 2927 1110 2960; x_wconf 88' lang='lat' dir='ltr'>de</span> <span class='ocrx_word' id='word_1_317' title='bbox 1135 2929 1254 2962; x_wconf 68' lang='lat' dir='ltr'>sansti-</span> 
     </span>
     <span class='ocr_line' id='line_1_54' title="bbox 241 2967 1252 3013; baseline 0.009 -17"><span class='ocrx_word' id='word_1_318' title='bbox 241 2970 314 2997; x_wconf 78' lang='lat' dir='ltr'>tate</span> <span class='ocrx_word' id='word_1_319' title='bbox 340 2976 510 2999; x_wconf 83' lang='lat' dir='ltr'>murorum</span> <span class='ocrx_word' id='word_1_320' title='bbox 537 2967 652 3001; x_wconf 78' lang='lat' dir='ltr'>cavisse</span> <span class='ocrx_word' id='word_1_321' title='bbox 677 2969 808 3003; x_wconf 88' lang='lat' dir='ltr'>videtur</span> <span class='ocrx_word' id='word_1_322' title='bbox 834 2981 889 3013; x_wconf 90' lang='lat' dir='ltr'>per</span> <span class='ocrx_word' id='word_1_323' title='bbox 915 2974 952 3003; x_wconf 89' lang='lat' dir='ltr'>L.</span> <span class='ocrx_word' id='word_1_324' title='bbox 973 2975 1040 3004; x_wconf 73' lang='lat' dir='ltr'>ult.</span> <span class='ocrx_word' id='word_1_325' title='bbox 1076 2977 1121 3005; x_wconf 91' lang='lat' dir='ltr'>D.</span> <span class='ocrx_word' id='word_1_326' title='bbox 1147 2976 1183 3006; x_wconf 83' lang='lat' dir='ltr'>de</span> <span class='ocrx_word' id='word_1_327' title='bbox 1212 2977 1252 3008; x_wconf 84' lang='lat' dir='ltr'>R.</span> 
     </span>
     <span class='ocr_line' id='line_1_55' title="bbox 244 3011 1256 3058; baseline 0.011 -17"><span class='ocrx_word' id='word_1_328' title='bbox 244 3012 292 3041; x_wconf 88' lang='lat' dir='ltr'>D.</span> <span class='ocrx_word' id='word_1_329' title='bbox 320 3011 479 3052; x_wconf 83' lang='lat' dir='ltr'>Expreffit</span> <span class='ocrx_word' id='word_1_330' title='bbox 507 3015 618 3045; x_wconf 81' lang='lat' dir='ltr'>Numa</span> <span class='ocrx_word' id='word_1_331' title='bbox 659 3012 708 3052; x_wconf 79' lang='lat' dir='ltr'>jus</span> <span class='ocrx_word' id='word_1_332' title='bbox 747 3017 895 3058; x_wconf 86' lang='lat' dir='ltr'>gentium</span> <span class='ocrx_word' id='word_1_333' title='bbox 923 3039 935 3051; x_wconf 73' lang='grc'>,</span> <span class='ocrx_word' id='word_1_334' title='bbox 979 3016 1030 3050; x_wconf 87' lang='lat' dir='ltr'>sed</span> <span class='ocrx_word' id='word_1_335' title='bbox 1062 3017 1150 3051; x_wconf 86' lang='lat' dir='ltr'>idem</span> <span class='ocrx_word' id='word_1_336' title='bbox 1180 3020 1256 3053; x_wconf 86' lang='lat' dir='ltr'>reli-</span> 
     </span>
     <span class='ocr_line' id='line_1_56' title="bbox 244 3054 1255 3099; baseline 0.012 -12"><span class='ocrx_word' id='word_1_337' title='bbox 244 3054 399 3097; x_wconf 81' lang='lat' dir='ltr'>gionibus</span> <span class='ocrx_word' id='word_1_338' title='bbox 432 3058 589 3099; x_wconf 88' lang='lat' dir='ltr'>populum</span> <span class='ocrx_word' id='word_1_339' title='bbox 616 3058 796 3099; x_wconf 78' lang='lat' dir='ltr'>devinxit,</span> <span class='ocrx_word' id='word_1_340' title='bbox 823 3072 882 3095; x_wconf 89' lang='lat' dir='ltr'>nec</span> <span class='ocrx_word' id='word_1_341' title='bbox 910 3061 986 3096; x_wconf 84' lang='lat' dir='ltr'>ideo</span> <span class='ocrx_word' id='word_1_342' title='bbox 1019 3062 1104 3095; x_wconf 83' lang='lat' dir='ltr'>male</span> <span class='ocrx_word' id='word_1_343' title='bbox 1137 3064 1166 3096; x_wconf 89' lang='lat' dir='ltr'>ei</span> <span class='ocrx_word' id='word_1_344' title='bbox 1195 3066 1255 3098; x_wconf 89' lang='lat' dir='ltr'>tri-</span> 
     </span>
     <span class='ocr_line' id='line_1_57' title="bbox 244 3099 1252 3147; baseline 0.007 -13"><span class='ocrx_word' id='word_1_345' title='bbox 244 3099 358 3134; x_wconf 86' lang='lat' dir='ltr'>buitur</span> <span class='ocrx_word' id='word_1_346' title='bbox 383 3102 435 3135; x_wconf 85' lang='lat' dir='ltr'>lex</span> <span class='ocrx_word' id='word_1_347' title='bbox 467 3103 506 3136; x_wconf 90' lang='lat' dir='ltr'>de</span> <span class='ocrx_word' id='word_1_348' title='bbox 535 3112 666 3137; x_wconf 86' lang='lat' dir='ltr'>mortua</span> <span class='ocrx_word' id='word_1_349' title='bbox 692 3106 850 3147; x_wconf 78' lang='lat' dir='ltr'>gravida,</span> <span class='ocrx_word' id='word_1_350' title='bbox 876 3118 942 3140; x_wconf 90' lang='lat' dir='ltr'>non</span> <span class='ocrx_word' id='word_1_351' title='bbox 974 3107 1031 3140; x_wconf 76' lang='lat' dir='ltr'>nisi</span> <span class='ocrx_word' id='word_1_352' title='bbox 1062 3108 1180 3141; x_wconf 77' lang='lat' dir='ltr'>excisso</span> <span class='ocrx_word' id='word_1_353' title='bbox 1194 3108 1252 3143; x_wconf 76' lang='lat' dir='ltr'>foe-</span> 
     </span>
     <span class='ocr_line' id='line_1_58' title="bbox 246 3148 1252 3198; baseline 0.009 -21"><span class='ocrx_word' id='word_1_354' title='bbox 246 3150 287 3177; x_wconf 83' lang='lat' dir='ltr'>tu</span> <span class='ocrx_word' id='word_1_355' title='bbox 308 3167 318 3186; x_wconf 90' lang='lat'>‚</span> <span class='ocrx_word' id='word_1_356' title='bbox 345 3148 540 3182; x_wconf 83' lang='lat' dir='ltr'>tumulanda</span> <span class='ocrx_word' id='word_1_357' title='bbox 557 3170 567 3186; x_wconf 78' lang='lat'>‚</span> <span class='ocrx_word' id='word_1_358' title='bbox 593 3148 633 3182; x_wconf 87' lang='lat' dir='ltr'>de</span> <span class='ocrx_word' id='word_1_359' title='bbox 658 3161 720 3194; x_wconf 88' lang='lat' dir='ltr'>qua</span> <span class='ocrx_word' id='word_1_360' title='bbox 749 3152 783 3184; x_wconf 90' lang='lat' dir='ltr'>in</span> <span class='ocrx_word' id='word_1_361' title='bbox 809 3155 882 3186; x_wconf 89' lang='lat' dir='ltr'>L.2.</span> <span class='ocrx_word' id='word_1_362' title='bbox 900 3156 945 3185; x_wconf 86' lang='lat' dir='ltr'>D.</span> <span class='ocrx_word' id='word_1_363' title='bbox 972 3154 1010 3186; x_wconf 80' lang='lat' dir='ltr'>de</span> <span class='ocrx_word' id='word_1_364' title='bbox 1037 3163 1129 3186; x_wconf 81' lang='lat' dir='ltr'>mort.</span> <span class='ocrx_word' id='word_1_365' title='bbox 1158 3156 1252 3198; x_wconf 77' lang='lat' dir='ltr'>infer.</span> 
     </span>
    </p>
   </div>
   <div class='ocr_carea' id='block_1_14' title="bbox 247 3190 1256 3243">
    <p class='ocr_par' dir='ltr' id='par_1_15' title="bbox 247 3190 1256 3243">
     <span class='ocr_line' id='line_1_59' title="bbox 247 3190 1256 3243; baseline 0.011 -20"><span class='ocrx_word' id='word_1_366' title='bbox 247 3190 378 3229; x_wconf 78' lang='lat' dir='ltr'>servius</span> <span class='ocrx_word' id='word_1_367' title='bbox 402 3192 453 3233; x_wconf 77' lang='lat' dir='ltr'>jus</span> <span class='ocrx_word' id='word_1_368' title='bbox 486 3194 584 3230; x_wconf 80' lang='lat' dir='ltr'>civile</span> <span class='ocrx_word' id='word_1_369' title='bbox 614 3196 787 3233; x_wconf 78' lang='lat' dir='ltr'>constituit</span> <span class='ocrx_word' id='word_1_370' title='bbox 821 3220 833 3240; x_wconf 89' lang='lat'>‚</span> <span class='ocrx_word' id='word_1_371' title='bbox 875 3197 928 3232; x_wconf 85' lang='lat' dir='ltr'>sed</span> <span class='ocrx_word' id='word_1_372' title='bbox 953 3197 1042 3235; x_wconf 84' lang='lat' dir='ltr'>idem</span> <span class='ocrx_word' id='word_1_373' title='bbox 1067 3209 1194 3243; x_wconf 85' lang='lat' dir='ltr'>quoque</span> <span class='ocrx_word' id='word_1_374' title='bbox 1217 3199 1256 3234; x_wconf 89' lang='lat' dir='ltr'>de</span> 
     </span>
    </p>
   </div>
   <div class='ocr_carea' id='block_1_15' title="bbox 1042 2670 1147 2678">
    <p class='ocr_par' dir='ltr' id='par_1_16' title="bbox 1042 2670 1147 2678">
     <span class='ocr_line' id='line_1_60' title="bbox 1042 2670 1147 2678; baseline 0 0"><span class='ocrx_word' id='word_1_375' title='bbox 1042 2670 1147 2678; x_wconf 95' lang='lat' dir='ltr'> </span> 
     </span>
    </p>
   </div>
   <div class='ocr_carea' id='block_1_16' title="bbox 1151 2670 1255 2678">
    <p class='ocr_par' dir='ltr' id='par_1_17' title="bbox 1151 2670 1255 2678">
     <span class='ocr_line' id='line_1_61' title="bbox 1151 2670 1255 2678; baseline 0 801"><span class='ocrx_word' id='word_1_376' title='bbox 1151 2670 1255 2678; x_wconf 95' lang='lat' dir='ltr'> </span> 
     </span>
    </p>
   </div>
   <div class='ocr_carea' id='block_1_17' title="bbox 1298 271 2328 2586">
    <p class='ocr_par' dir='ltr' id='par_1_18' title="bbox 1298 271 2328 2586">
     <span class='ocr_line' id='line_1_62' title="bbox 1305 271 2328 335; baseline 0.006 -20"><span class='ocrx_word' id='word_1_377' title='bbox 1305 271 1446 327; x_wconf 85' lang='lat' dir='ltr'>easque</span> <span class='ocrx_word' id='word_1_378' title='bbox 1505 272 1612 329; x_wconf 79' lang='lat' dir='ltr'>leges</span> <span class='ocrx_word' id='word_1_379' title='bbox 1672 277 1820 330; x_wconf 81' lang='lat' dir='ltr'>partim</span> <span class='ocrx_word' id='word_1_380' title='bbox 1866 274 2047 331; x_wconf 83' lang='lat' dir='ltr'>integras</span> <span class='ocrx_word' id='word_1_381' title='bbox 2092 286 2328 335; x_wconf 83' lang='lat' dir='ltr'>perlcripie-</span> 
     </span>
     <span class='ocr_line' id='line_1_63' title="bbox 1308 333 2325 391; baseline 0.008 -20"><span class='ocrx_word' id='word_1_382' title='bbox 1308 342 1427 383; x_wconf 92' lang='lat' dir='ltr'>runt,</span> <span class='ocrx_word' id='word_1_383' title='bbox 1461 333 1611 385; x_wconf 88' lang='lat' dir='ltr'>partim</span> <span class='ocrx_word' id='word_1_384' title='bbox 1644 336 1914 377; x_wconf 77' lang='lat' dir='ltr'>emendarunt</span> <span class='ocrx_word' id='word_1_385' title='bbox 1944 366 1954 385; x_wconf 89' lang='lat'>,</span> <span class='ocrx_word' id='word_1_386' title='bbox 1990 335 2136 387; x_wconf 83' lang='lat' dir='ltr'>partim</span> <span class='ocrx_word' id='word_1_387' title='bbox 2170 338 2217 379; x_wconf 90' lang='lat' dir='ltr'>ad</span> <span class='ocrx_word' id='word_1_388' title='bbox 2251 351 2325 391; x_wconf 87' lang='lat' dir='ltr'>po-</span> 
     </span>
     <span class='ocr_line' id='line_1_64' title="bbox 1309 388 2325 445; baseline 0.006 -14"><span class='ocrx_word' id='word_1_389' title='bbox 1309 388 1391 442; x_wconf 88' lang='lat' dir='ltr'>puli</span> <span class='ocrx_word' id='word_1_390' title='bbox 1427 404 1558 434; x_wconf 91' lang='lat' dir='ltr'>mores</span> <span class='ocrx_word' id='word_1_391' title='bbox 1581 423 1592 445; x_wconf 87' lang='lat'>‚</span> <span class='ocrx_word' id='word_1_392' title='bbox 1624 391 1667 435; x_wconf 87' lang='lat'>&amp;</span> <span class='ocrx_word' id='word_1_393' title='bbox 1691 394 2026 435; x_wconf 80' lang='lat' dir='ltr'>consuetudinem</span> <span class='ocrx_word' id='word_1_394' title='bbox 2063 393 2170 437; x_wconf 86' lang='lat' dir='ltr'>urbis</span> <span class='ocrx_word' id='word_1_395' title='bbox 2205 394 2325 437; x_wconf 79' lang='lat' dir='ltr'>infle-</span> 
     </span>
     <span class='ocr_line' id='line_1_65' title="bbox 1307 450 2326 508; baseline 0.006 -20"><span class='ocrx_word' id='word_1_396' title='bbox 1307 460 1455 490; x_wconf 80' lang='lat' dir='ltr'>xerunt</span> <span class='ocrx_word' id='word_1_397' title='bbox 1481 478 1494 500; x_wconf 89' lang='lat'>‚</span> <span class='ocrx_word' id='word_1_398' title='bbox 1527 450 1729 506; x_wconf 80' lang='lat' dir='ltr'>novasque</span> <span class='ocrx_word' id='word_1_399' title='bbox 1763 450 1920 506; x_wconf 88' lang='lat' dir='ltr'>aliquot</span> <span class='ocrx_word' id='word_1_400' title='bbox 1955 450 2024 506; x_wconf 79' lang='lat' dir='ltr'>ipsi</span> <span class='ocrx_word' id='word_1_401' title='bbox 2060 469 2131 506; x_wconf 78' lang='lat' dir='ltr'>pro</span> <span class='ocrx_word' id='word_1_402' title='bbox 2165 467 2326 508; x_wconf 86' lang='lat' dir='ltr'>tempo·</span> 
     </span>
     <span class='ocr_line' id='line_1_66' title="bbox 1310 508 2324 564; baseline 0.007 -18"><span class='ocrx_word' id='word_1_403' title='bbox 1310 520 1396 546; x_wconf 81' lang='lat' dir='ltr'>ium</span> <span class='ocrx_word' id='word_1_404' title='bbox 1424 509 1756 562; x_wconf 68' lang='lat' dir='ltr'>opportunitate,</span> <span class='ocrx_word' id='word_1_405' title='bbox 1793 522 1835 552; x_wconf 90' lang='lat' dir='ltr'>ut</span> <span class='ocrx_word' id='word_1_406' title='bbox 1866 508 2047 562; x_wconf 75' lang='lat' dir='ltr'>sulpicari</span> <span class='ocrx_word' id='word_1_407' title='bbox 2071 509 2125 552; x_wconf 81' lang='lat' dir='ltr'>fas</span> <span class='ocrx_word' id='word_1_408' title='bbox 2145 512 2221 564; x_wconf 86' lang='lat' dir='ltr'>est,</span> <span class='ocrx_word' id='word_1_409' title='bbox 2256 511 2324 553; x_wconf 81' lang='lat' dir='ltr'>in-</span> 
     </span>
     <span class='ocr_line' id='line_1_67' title="bbox 1306 567 2321 625; baseline 0.01 -22"><span class='ocrx_word' id='word_1_410' title='bbox 1306 570 1604 610; x_wconf 79' lang='lat' dir='ltr'>terieruerunt.</span> <span class='ocrx_word' id='word_1_411' title='bbox 1640 570 1826 622; x_wconf 80' lang='lat' dir='ltr'>Quarum</span> <span class='ocrx_word' id='word_1_412' title='bbox 1858 567 2012 609; x_wconf 69' lang='lat' dir='ltr'>lumina</span> <span class='ocrx_word' id='word_1_413' title='bbox 2039 570 2199 624; x_wconf 82' lang='lat' dir='ltr'>capita,</span> <span class='ocrx_word' id='word_1_414' title='bbox 2233 583 2321 625; x_wconf 83' lang='lat' dir='ltr'>quae</span> 
     </span>
     <span class='ocr_line' id='line_1_68' title="bbox 1303 621 2322 681; baseline 0.007 -17"><span class='ocrx_word' id='word_1_415' title='bbox 1303 637 1322 664; x_wconf 91' lang='lat' dir='ltr'>e</span> <span class='ocrx_word' id='word_1_416' title='bbox 1369 621 1611 681; x_wconf 77' lang='lat' dir='ltr'>fragmentis</span> <span class='ocrx_word' id='word_1_417' title='bbox 1655 641 1792 669; x_wconf 82' lang='lat' dir='ltr'>eruere</span> <span class='ocrx_word' id='word_1_418' title='bbox 1828 624 1943 666; x_wconf 89' lang='lat' dir='ltr'>licuit</span> <span class='ocrx_word' id='word_1_419' title='bbox 1976 625 2076 669; x_wconf 85' lang='lat' dir='ltr'>viris</span> <span class='ocrx_word' id='word_1_420' title='bbox 2106 627 2274 671; x_wconf 81' lang='lat' dir='ltr'>eruditis</span> <span class='ocrx_word' id='word_1_421' title='bbox 2309 659 2322 681; x_wconf 84' lang='lat'>‚</span> 
     </span>
     <span class='ocr_line' id='line_1_69' title="bbox 1305 681 2322 737; baseline 0.008 -17"><span class='ocrx_word' id='word_1_422' title='bbox 1305 681 1480 724; x_wconf 85' lang='lat' dir='ltr'>breviter</span> <span class='ocrx_word' id='word_1_423' title='bbox 1512 682 1579 726; x_wconf 91' lang='lat' dir='ltr'>hic</span> <span class='ocrx_word' id='word_1_424' title='bbox 1607 684 1826 728; x_wconf 79' lang='lat' dir='ltr'>innuemus</span> <span class='ocrx_word' id='word_1_425' title='bbox 1858 714 1869 735; x_wconf 85' lang='lat'>‚</span> <span class='ocrx_word' id='word_1_426' title='bbox 1902 681 2043 737; x_wconf 82' lang='lat' dir='ltr'>easque</span> <span class='ocrx_word' id='word_1_427' title='bbox 2073 684 2119 727; x_wconf 91' lang='lat' dir='ltr'>ad</span> <span class='ocrx_word' id='word_1_428' title='bbox 2150 686 2232 728; x_wconf 87' lang='lat' dir='ltr'>suas</span> <span class='ocrx_word' id='word_1_429' title='bbox 2261 699 2322 727; x_wconf 79' lang='lat' dir='ltr'>ta-</span> 
     </span>
     <span class='ocr_line' id='line_1_70' title="bbox 1305 737 2321 793; baseline 0.007 -14"><span class='ocrx_word' id='word_1_430' title='bbox 1305 737 1415 780; x_wconf 85' lang='lat' dir='ltr'>bulas</span> <span class='ocrx_word' id='word_1_431' title='bbox 1456 756 1507 784; x_wconf 79' lang='lat' dir='ltr'>ex</span> <span class='ocrx_word' id='word_1_432' title='bbox 1551 741 1691 784; x_wconf 87' lang='lat' dir='ltr'>ordine</span> <span class='ocrx_word' id='word_1_433' title='bbox 1725 758 1745 783; x_wconf 84' lang='lat' dir='ltr'>a</span> <span class='ocrx_word' id='word_1_434' title='bbox 1778 740 1930 793; x_wconf 88' lang='lat' dir='ltr'>Jacobo</span> <span class='ocrx_word' id='word_1_435' title='bbox 1963 741 2220 785; x_wconf 85' lang='lat' dir='ltr'>Gothofredo</span> <span class='ocrx_word' id='word_1_436' title='bbox 2250 743 2321 785; x_wconf 84' lang='lat' dir='ltr'>de·</span> 
     </span>
     <span class='ocr_line' id='line_1_71' title="bbox 1305 797 2322 855; baseline 0.006 -18"><span class='ocrx_word' id='word_1_437' title='bbox 1305 797 1449 852; x_wconf 72' lang='lat' dir='ltr'>scripto</span> <span class='ocrx_word' id='word_1_438' title='bbox 1483 799 1762 843; x_wconf 79' lang='lat' dir='ltr'>revocabimus</span> <span class='ocrx_word' id='word_1_439' title='bbox 1792 818 1795 821; x_wconf 93' lang='lat'>·</span> <span class='ocrx_word' id='word_1_440' title='bbox 1848 813 1944 841; x_wconf 89' lang='lat' dir='ltr'>nam</span> <span class='ocrx_word' id='word_1_441' title='bbox 1979 797 2022 841; x_wconf 87' lang='lat' dir='ltr'>in</span> <span class='ocrx_word' id='word_1_442' title='bbox 2057 799 2236 855; x_wconf 87' lang='lat' dir='ltr'>sequenti</span> <span class='ocrx_word' id='word_1_443' title='bbox 2271 799 2322 843; x_wconf 87' lang='lat' dir='ltr'>li-</span> 
     </span>
     <span class='ocr_line' id='line_1_72' title="bbox 1303 855 2321 912; baseline 0.005 -14"><span class='ocrx_word' id='word_1_444' title='bbox 1303 856 1412 908; x_wconf 81' lang='lat' dir='ltr'>bro,</span> <span class='ocrx_word' id='word_1_445' title='bbox 1462 858 1527 900; x_wconf 92' lang='lat' dir='ltr'>ubi</span> <span class='ocrx_word' id='word_1_446' title='bbox 1574 872 1637 901; x_wconf 80' lang='lat' dir='ltr'>eas</span> <span class='ocrx_word' id='word_1_447' title='bbox 1682 855 1892 912; x_wconf 76' lang='lat' dir='ltr'>sigillatim</span> <span class='ocrx_word' id='word_1_448' title='bbox 1924 856 2164 901; x_wconf 64' lang='lat' dir='ltr'>evolcemus</span> <span class='ocrx_word' id='word_1_449' title='bbox 2195 889 2208 908; x_wconf 79' lang='lat'>‚</span> <span class='ocrx_word' id='word_1_450' title='bbox 2260 875 2321 903; x_wconf 86' lang='lat' dir='ltr'>re-</span> 
     </span>
     <span class='ocr_line' id='line_1_73' title="bbox 1304 914 2320 968; baseline 0.004 -12"><span class='ocrx_word' id='word_1_451' title='bbox 1304 929 1422 967; x_wconf 87' lang='lat' dir='ltr'>rum,</span> <span class='ocrx_word' id='word_1_452' title='bbox 1456 931 1502 959; x_wconf 85' lang='lat' dir='ltr'>ac</span> <span class='ocrx_word' id='word_1_453' title='bbox 1535 918 1802 958; x_wconf 85' lang='lat' dir='ltr'>materiarum</span> <span class='ocrx_word' id='word_1_454' title='bbox 1830 947 1841 968; x_wconf 87' lang='lat'>‚</span> <span class='ocrx_word' id='word_1_455' title='bbox 1875 914 2044 958; x_wconf 85' lang='lat' dir='ltr'>docendi</span> <span class='ocrx_word' id='word_1_456' title='bbox 2073 918 2186 959; x_wconf 87' lang='lat' dir='ltr'>causa</span> <span class='ocrx_word' id='word_1_457' title='bbox 2215 949 2226 968; x_wconf 80' lang='lat'>‚</span> <span class='ocrx_word' id='word_1_458' title='bbox 2263 917 2320 961; x_wconf 87' lang='lat' dir='ltr'>se-</span> 
     </span>
     <span class='ocr_line' id='line_1_74' title="bbox 1301 972 2322 1027; baseline 0.004 -12"><span class='ocrx_word' id='word_1_459' title='bbox 1301 988 1475 1027; x_wconf 88' lang='lat' dir='ltr'>quemur</span> <span class='ocrx_word' id='word_1_460' title='bbox 1506 974 1695 1016; x_wconf 86' lang='lat' dir='ltr'>ordinem</span> <span class='ocrx_word' id='word_1_461' title='bbox 1719 1007 1730 1026; x_wconf 88' lang='lat'>‚</span> <span class='ocrx_word' id='word_1_462' title='bbox 1766 989 1849 1015; x_wconf 85' lang='lat' dir='ltr'>nori</span> <span class='ocrx_word' id='word_1_463' title='bbox 1884 972 2147 1017; x_wconf 88' lang='lat' dir='ltr'>tabularum.</span> <span class='ocrx_word' id='word_1_464' title='bbox 2185 975 2322 1019; x_wconf 86' lang='lat' dir='ltr'>Prima.</span> 
     </span>
     <span class='ocr_line' id='line_1_75' title="bbox 1302 1030 2320 1090; baseline 0.005 -18"><span class='ocrx_word' id='word_1_465' title='bbox 1302 1030 1438 1073; x_wconf 87' lang='lat' dir='ltr'>tabula</span> <span class='ocrx_word' id='word_1_466' title='bbox 1483 1032 1687 1074; x_wconf 88' lang='lat' dir='ltr'>rationem</span> <span class='ocrx_word' id='word_1_467' title='bbox 1733 1030 2007 1082; x_wconf 83' lang='lat' dir='ltr'>instituendi,</span> <span class='ocrx_word' id='word_1_468' title='bbox 2055 1031 2320 1090; x_wconf 65' lang='lat' dir='ltr'>agitandique</span> 
     </span>
     <span class='ocr_line' id='line_1_76' title="bbox 1298 1086 2320 1140; baseline 0.004 -9"><span class='ocrx_word' id='word_1_469' title='bbox 1298 1086 1441 1140; x_wconf 90' lang='lat' dir='ltr'>judicii</span> <span class='ocrx_word' id='word_1_470' title='bbox 1476 1089 1657 1131; x_wconf 88' lang='lat' dir='ltr'>tradebat</span> <span class='ocrx_word' id='word_1_471' title='bbox 1684 1119 1693 1130; x_wconf 94' lang='lat'><strong>.</strong></span> <span class='ocrx_word' id='word_1_472' title='bbox 1738 1088 1921 1131; x_wconf 88' lang='lat' dir='ltr'>Secunda</span> <span class='ocrx_word' id='word_1_473' title='bbox 1953 1090 2191 1131; x_wconf 87' lang='lat' dir='ltr'>continebat</span> <span class='ocrx_word' id='word_1_474' title='bbox 2223 1107 2320 1135; x_wconf 88' lang='lat' dir='ltr'>cau-</span> 
     </span>
     <span class='ocr_line' id='line_1_77' title="bbox 1301 1144 2317 1201; baseline 0.004 -13"><span class='ocrx_word' id='word_1_475' title='bbox 1301 1150 1356 1189; x_wconf 81' lang='lat' dir='ltr'>las</span> <span class='ocrx_word' id='word_1_476' title='bbox 1386 1144 1525 1197; x_wconf 84' lang='lat' dir='ltr'>judicii</span> <span class='ocrx_word' id='word_1_477' title='bbox 1560 1145 1843 1201; x_wconf 68' lang='lat' dir='ltr'>prorogandi,</span> <span class='ocrx_word' id='word_1_478' title='bbox 1885 1145 2046 1188; x_wconf 80' lang='lat' dir='ltr'>testium</span> <span class='ocrx_word' id='word_1_479' title='bbox 2079 1147 2317 1192; x_wconf 86' lang='lat' dir='ltr'>excitando-</span> 
     </span>
     <span class='ocr_line' id='line_1_78' title="bbox 1302 1203 2319 1258; baseline -0.001 -11"><span class='ocrx_word' id='word_1_480' title='bbox 1302 1221 1420 1257; x_wconf 85' lang='lat' dir='ltr'>rum,</span> <span class='ocrx_word' id='word_1_481' title='bbox 1451 1203 1495 1247; x_wconf 82' lang='lat'>&amp;</span> <span class='ocrx_word' id='word_1_482' title='bbox 1521 1204 1723 1247; x_wconf 87' lang='lat' dir='ltr'>rationem</span> <span class='ocrx_word' id='word_1_483' title='bbox 1750 1203 2117 1258; x_wconf 82' lang='lat' dir='ltr'>persequendorum</span> <span class='ocrx_word' id='word_1_484' title='bbox 2141 1203 2279 1249; x_wconf 88' lang='lat' dir='ltr'>surum</span> <span class='ocrx_word' id='word_1_485' title='bbox 2308 1236 2319 1249; x_wconf 92' lang='lat'><strong><em>.</em></strong></span> 
     </span>
     <span class='ocr_line' id='line_1_79' title="bbox 1299 1261 2318 1317; baseline 0.002 -12"><span class='ocrx_word' id='word_1_486' title='bbox 1299 1262 1445 1306; x_wconf 86' lang='lat' dir='ltr'>Tertia</span> <span class='ocrx_word' id='word_1_487' title='bbox 1478 1261 1825 1317; x_wconf 63' lang='lat' dir='ltr'>complec‘lebatur</span> <span class='ocrx_word' id='word_1_488' title='bbox 1858 1277 1942 1304; x_wconf 93' lang='lat' dir='ltr'>rem</span> <span class='ocrx_word' id='word_1_489' title='bbox 1978 1262 2199 1306; x_wconf 84' lang='lat' dir='ltr'>usurariam</span> <span class='ocrx_word' id='word_1_490' title='bbox 2228 1296 2241 1316; x_wconf 89' lang='lat'>‚</span> <span class='ocrx_word' id='word_1_491' title='bbox 2273 1263 2318 1307; x_wconf 90' lang='lat'>&amp;</span> 
     </span>
     <span class='ocr_line' id='line_1_80' title="bbox 1300 1319 2321 1376; baseline 0.002 -13"><span class='ocrx_word' id='word_1_492' title='bbox 1300 1320 1466 1376; x_wconf 84' lang='lat' dir='ltr'>depositi</span> <span class='ocrx_word' id='word_1_493' title='bbox 1498 1320 1703 1363; x_wconf 59' lang='lat' dir='ltr'>affiionem</span> <span class='ocrx_word' id='word_1_494' title='bbox 1729 1350 1741 1369; x_wconf 78' lang='lat'><strong>‚</strong></span> <span class='ocrx_word' id='word_1_495' title='bbox 1785 1319 1827 1363; x_wconf 91' lang='lat'>&amp;</span> <span class='ocrx_word' id='word_1_496' title='bbox 1853 1319 2140 1363; x_wconf 57' lang='lat' dir='ltr'>auctoritatem</span> <span class='ocrx_word' id='word_1_497' title='bbox 2173 1337 2321 1365; x_wconf 85' lang='lat' dir='ltr'>execu-</span> 
     </span>
     <span class='ocr_line' id='line_1_81' title="bbox 1301 1376 2320 1435; baseline 0.001 -14"><span class='ocrx_word' id='word_1_498' title='bbox 1301 1380 1540 1435; x_wconf 90' lang='lat' dir='ltr'>tionemque</span> <span class='ocrx_word' id='word_1_499' title='bbox 1584 1377 1639 1420; x_wconf 89' lang='lat' dir='ltr'>rei</span> <span class='ocrx_word' id='word_1_500' title='bbox 1683 1376 1870 1428; x_wconf 66' lang='lat' dir='ltr'>judicatae</span> <span class='ocrx_word' id='word_1_501' title='bbox 1903 1409 1912 1419; x_wconf 87' lang='lat'><strong>.</strong></span> <span class='ocrx_word' id='word_1_502' title='bbox 1959 1379 2118 1432; x_wconf 86' lang='lat' dir='ltr'>Quarta</span> <span class='ocrx_word' id='word_1_503' title='bbox 2149 1379 2320 1422; x_wconf 86' lang='lat' dir='ltr'>definie-</span> 
     </span>
     <span class='ocr_line' id='line_1_82' title="bbox 1301 1434 2321 1489; baseline 0 -10"><span class='ocrx_word' id='word_1_504' title='bbox 1301 1439 1367 1480; x_wconf 91' lang='lat' dir='ltr'>bat</span> <span class='ocrx_word' id='word_1_505' title='bbox 1398 1435 1456 1489; x_wconf 67' lang='lat' dir='ltr'>jus</span> <span class='ocrx_word' id='word_1_506' title='bbox 1491 1449 1707 1489; x_wconf 86' lang='lat' dir='ltr'>parentum</span> <span class='ocrx_word' id='word_1_507' title='bbox 1737 1435 1779 1477; x_wconf 89' lang='lat' dir='ltr'>in</span> <span class='ocrx_word' id='word_1_508' title='bbox 1808 1434 1955 1478; x_wconf 89' lang='lat' dir='ltr'>liberos</span> <span class='ocrx_word' id='word_1_509' title='bbox 1979 1468 1991 1488; x_wconf 89' lang='lat'>,</span> <span class='ocrx_word' id='word_1_510' title='bbox 2023 1435 2066 1477; x_wconf 63' lang='grc' dir='ltr'>ὃς</span> <span class='ocrx_word' id='word_1_511' title='bbox 2091 1435 2152 1486; x_wconf 84' lang='lat' dir='ltr'>jus</span> <span class='ocrx_word' id='word_1_512' title='bbox 2177 1451 2321 1479; x_wconf 88' lang='lat' dir='ltr'>eman-</span> 
     </span>
     <span class='ocr_line' id='line_1_83' title="bbox 1301 1492 2319 1550; baseline 0.002 -14"><span class='ocrx_word' id='word_1_513' title='bbox 1301 1492 1518 1549; x_wconf 87' lang='lat' dir='ltr'>cipationis</span> <span class='ocrx_word' id='word_1_514' title='bbox 1544 1526 1556 1547; x_wconf 85' lang='lat'>‚</span> <span class='ocrx_word' id='word_1_515' title='bbox 1598 1494 1642 1536; x_wconf 71' lang='lat' dir='ltr'>Sc</span> <span class='ocrx_word' id='word_1_516' title='bbox 1677 1492 1862 1548; x_wconf 84' lang='lat' dir='ltr'>legitima</span> <span class='ocrx_word' id='word_1_517' title='bbox 1896 1507 2084 1547; x_wconf 83' lang='lat' dir='ltr'>tempora</span> <span class='ocrx_word' id='word_1_518' title='bbox 2110 1526 2121 1547; x_wconf 92' lang='lat'>‚</span> <span class='ocrx_word' id='word_1_519' title='bbox 2173 1495 2319 1550; x_wconf 84' lang='lat' dir='ltr'>quibus</span> 
     </span>
     <span class='ocr_line' id='line_1_84' title="bbox 1299 1551 2319 1605; baseline 0 -10"><span class='ocrx_word' id='word_1_520' title='bbox 1299 1552 1387 1605; x_wconf 81' lang='lat' dir='ltr'>justi</span> <span class='ocrx_word' id='word_1_521' title='bbox 1420 1551 1537 1595; x_wconf 89' lang='lat' dir='ltr'>liberi</span> <span class='ocrx_word' id='word_1_522' title='bbox 1571 1551 1832 1594; x_wconf 84' lang='lat' dir='ltr'>nascerentur</span> <span class='ocrx_word' id='word_1_523' title='bbox 1863 1583 1871 1593; x_wconf 91' lang='lat'><strong>.</strong></span> <span class='ocrx_word' id='word_1_524' title='bbox 1919 1552 2076 1601; x_wconf 88' lang='lat' dir='ltr'>Quinta</span> <span class='ocrx_word' id='word_1_525' title='bbox 2123 1551 2319 1597; x_wconf 74' lang='lat' dir='ltr'>statuebat</span> 
     </span>
     <span class='ocr_line' id='line_1_85' title="bbox 1300 1608 2320 1662; baseline 0 -9"><span class='ocrx_word' id='word_1_526' title='bbox 1300 1610 1385 1662; x_wconf 79' lang='lat' dir='ltr'>jura</span> <span class='ocrx_word' id='word_1_527' title='bbox 1417 1611 1753 1654; x_wconf 86' lang='lat' dir='ltr'>testamentorum</span> <span class='ocrx_word' id='word_1_528' title='bbox 1777 1641 1788 1662; x_wconf 87' lang='lat'>,</span> <span class='ocrx_word' id='word_1_529' title='bbox 1820 1608 1864 1651; x_wconf 71' lang='grc' dir='ltr'>ὃς</span> <span class='ocrx_word' id='word_1_530' title='bbox 1897 1608 2154 1652; x_wconf 78' lang='lat' dir='ltr'>successiones</span> <span class='ocrx_word' id='word_1_531' title='bbox 2186 1611 2320 1653; x_wconf 86' lang='lat' dir='ltr'>abin-</span> 
     </span>
     <span class='ocr_line' id='line_1_86' title="bbox 1301 1665 2320 1720; baseline 0 -9"><span class='ocrx_word' id='word_1_532' title='bbox 1301 1669 1471 1720; x_wconf 84' lang='lat' dir='ltr'>testato,</span> <span class='ocrx_word' id='word_1_533' title='bbox 1503 1666 1546 1709; x_wconf 65' lang='grc' dir='ltr'>ὃς</span> <span class='ocrx_word' id='word_1_534' title='bbox 1581 1666 1814 1710; x_wconf 85' lang='lat' dir='ltr'>hereditatis</span> <span class='ocrx_word' id='word_1_535' title='bbox 1846 1665 2089 1710; x_wconf 80' lang='lat' dir='ltr'>divisionem</span> <span class='ocrx_word' id='word_1_536' title='bbox 2124 1699 2136 1719; x_wconf 77' lang='lat'>‚</span> <span class='ocrx_word' id='word_1_537' title='bbox 2180 1668 2224 1710; x_wconf 71' lang='grc' dir='ltr'>ἃ</span> <span class='ocrx_word' id='word_1_538' title='bbox 2256 1665 2320 1719; x_wconf 87' lang='lat' dir='ltr'>ju-</span> 
     </span>
     <span class='ocr_line' id='line_1_87' title="bbox 1303 1723 2322 1770; baseline 0.001 -2"><span class='ocrx_word' id='word_1_539' title='bbox 1303 1743 1340 1768; x_wconf 87' lang='lat' dir='ltr'>ra</span> <span class='ocrx_word' id='word_1_540' title='bbox 1374 1725 1595 1770; x_wconf 82' lang='lat' dir='ltr'>tutelarum</span> <span class='ocrx_word' id='word_1_541' title='bbox 1632 1756 1641 1767; x_wconf 85' lang='lat'><strong>.</strong></span> <span class='ocrx_word' id='word_1_542' title='bbox 1687 1730 1809 1768; x_wconf 73' lang='lat' dir='ltr'>bexta</span> <span class='ocrx_word' id='word_1_543' title='bbox 1853 1723 2071 1766; x_wconf 83' lang='lat' dir='ltr'>exhibebat</span> <span class='ocrx_word' id='word_1_544' title='bbox 2115 1724 2322 1769; x_wconf 88' lang='lat' dir='ltr'>venditio-</span> 
     </span>
     <span class='ocr_line' id='line_1_88' title="bbox 1302 1781 2322 1838; baseline -0.001 -11"><span class='ocrx_word' id='word_1_545' title='bbox 1302 1800 1397 1836; x_wconf 82' lang='lat' dir='ltr'>nes,</span> <span class='ocrx_word' id='word_1_546' title='bbox 1429 1785 1471 1827; x_wconf 77' lang='lat'>8&lt;</span> <span class='ocrx_word' id='word_1_547' title='bbox 1503 1782 1765 1838; x_wconf 89' lang='lat' dir='ltr'>usucapiones</span> <span class='ocrx_word' id='word_1_548' title='bbox 1792 1813 1804 1833; x_wconf 87' lang='lat'><em>‚</em></span> <span class='ocrx_word' id='word_1_549' title='bbox 1835 1781 1879 1825; x_wconf 72' lang='grc' dir='ltr'>ἃ</span> <span class='ocrx_word' id='word_1_550' title='bbox 1912 1783 2187 1835; x_wconf 82' lang='lat' dir='ltr'>polleffionem</span> <span class='ocrx_word' id='word_1_551' title='bbox 2214 1815 2226 1834; x_wconf 81' lang='lat'>‚</span> <span class='ocrx_word' id='word_1_552' title='bbox 2259 1794 2322 1826; x_wconf 87' lang='lat' dir='ltr'>at·-</span> 
     </span>
     <span class='ocr_line' id='line_1_89' title="bbox 1301 1839 2323 1899; baseline -0.001 -14"><span class='ocrx_word' id='word_1_553' title='bbox 1301 1858 1377 1899; x_wconf 89' lang='lat' dir='ltr'>que</span> <span class='ocrx_word' id='word_1_554' title='bbox 1404 1841 1619 1897; x_wconf 85' lang='lat' dir='ltr'>tignorum</span> <span class='ocrx_word' id='word_1_555' title='bbox 1646 1841 1689 1881; x_wconf 87' lang='lat' dir='ltr'>in</span> <span class='ocrx_word' id='word_1_556' title='bbox 1715 1840 1852 1883; x_wconf 87' lang='lat' dir='ltr'>alieno</span> <span class='ocrx_word' id='word_1_557' title='bbox 1879 1839 2164 1893; x_wconf 68' lang='lat' dir='ltr'>indu&amp;orum‚</span> <span class='ocrx_word' id='word_1_558' title='bbox 2199 1839 2323 1884; x_wconf 86' lang='lat' dir='ltr'>item-</span> 
     </span>
     <span class='ocr_line' id='line_1_90' title="bbox 1302 1895 2322 1956; baseline 0 -14"><span class='ocrx_word' id='word_1_559' title='bbox 1302 1915 1378 1956; x_wconf 91' lang='lat' dir='ltr'>que</span> <span class='ocrx_word' id='word_1_560' title='bbox 1412 1898 1672 1955; x_wconf 87' lang='lat' dir='ltr'>repudiorurn</span> <span class='ocrx_word' id='word_1_561' title='bbox 1708 1895 1792 1947; x_wconf 83' lang='lat' dir='ltr'>jura</span> <span class='ocrx_word' id='word_1_562' title='bbox 1821 1904 1830 1938; x_wconf 92' lang='lat'>&#39;.</span> <span class='ocrx_word' id='word_1_563' title='bbox 1872 1895 2057 1950; x_wconf 88' lang='lat' dir='ltr'>Septima</span> <span class='ocrx_word' id='word_1_564' title='bbox 2090 1898 2135 1940; x_wconf 90' lang='lat' dir='ltr'>de</span> <span class='ocrx_word' id='word_1_565' title='bbox 2168 1899 2322 1942; x_wconf 87' lang='lat' dir='ltr'>damno</span> 
     </span>
     <span class='ocr_line' id='line_1_91' title="bbox 1302 1953 2322 2012; baseline -0.002 -12"><span class='ocrx_word' id='word_1_566' title='bbox 1302 1957 1486 2012; x_wconf 80' lang='lat' dir='ltr'>agebat,</span> <span class='ocrx_word' id='word_1_567' title='bbox 1536 1955 1579 1998; x_wconf 84' lang='lat'>&amp;</span> <span class='ocrx_word' id='word_1_568' title='bbox 1639 1953 1787 2006; x_wconf 86' lang='lat' dir='ltr'>injuria</span> <span class='ocrx_word' id='word_1_569' title='bbox 1833 1954 1874 1996; x_wconf 88' lang='lat' dir='ltr'>in</span> <span class='ocrx_word' id='word_1_570' title='bbox 1920 1970 2038 2010; x_wconf 76' lang='lat' dir='ltr'>agros</span> <span class='ocrx_word' id='word_1_571' title='bbox 2072 1988 2083 2009; x_wconf 88' lang='lat'>,</span> <span class='ocrx_word' id='word_1_572' title='bbox 2133 1971 2275 2009; x_wconf 84' lang='lat' dir='ltr'>pecora</span> <span class='ocrx_word' id='word_1_573' title='bbox 2308 1986 2322 2009; x_wconf 86' lang='lat'><strong>‚</strong></span> 
     </span>
     <span class='ocr_line' id='line_1_92' title="bbox 1306 2011 2319 2070; baseline -0.003 -13"><span class='ocrx_word' id='word_1_574' title='bbox 1306 2015 1370 2061; x_wconf 86' lang='lat' dir='ltr'>vel</span> <span class='ocrx_word' id='word_1_575' title='bbox 1401 2013 1610 2070; x_wconf 79' lang='lat' dir='ltr'>proprium</span> <span class='ocrx_word' id='word_1_576' title='bbox 1646 2027 1790 2068; x_wconf 89' lang='lat' dir='ltr'>corpus</span> <span class='ocrx_word' id='word_1_577' title='bbox 1817 2045 1829 2066; x_wconf 88' lang='lat'><strong>‚</strong></span> <span class='ocrx_word' id='word_1_578' title='bbox 1862 2025 1931 2055; x_wconf 88' lang='lat' dir='ltr'>aut</span> <span class='ocrx_word' id='word_1_579' title='bbox 1965 2011 2118 2055; x_wconf 85' lang='lat' dir='ltr'>famam</span> <span class='ocrx_word' id='word_1_580' title='bbox 2154 2013 2267 2056; x_wconf 89' lang='lat' dir='ltr'>illata</span> <span class='ocrx_word' id='word_1_581' title='bbox 2301 2029 2319 2054; x_wconf 83' lang='lat'>.-</span> 
     </span>
     <span class='ocr_line' id='line_1_93' title="bbox 1303 2068 2320 2127; baseline -0.001 -11"><span class='ocrx_word' id='word_1_582' title='bbox 1303 2072 1477 2126; x_wconf 84' lang='lat' dir='ltr'>indeque</span> <span class='ocrx_word' id='word_1_583' title='bbox 1529 2072 1721 2127; x_wconf 86' lang='lat' dir='ltr'>pergebat</span> <span class='ocrx_word' id='word_1_584' title='bbox 1753 2071 1799 2113; x_wconf 89' lang='lat' dir='ltr'>ad</span> <span class='ocrx_word' id='word_1_585' title='bbox 1832 2068 1911 2112; x_wconf 90' lang='lat' dir='ltr'>alia</span> <span class='ocrx_word' id='word_1_586' title='bbox 1942 2069 2087 2113; x_wconf 62' lang='lat' dir='ltr'>delleta</span> <span class='ocrx_word' id='word_1_587' title='bbox 2111 2102 2124 2123; x_wconf 86' lang='lat'>‚</span> <span class='ocrx_word' id='word_1_588' title='bbox 2169 2084 2320 2127; x_wconf 88' lang='lat' dir='ltr'>nempe</span> 
     </span>
     <span class='ocr_line' id='line_1_94' title="bbox 1303 2126 2319 2182; baseline 0 -9"><span class='ocrx_word' id='word_1_589' title='bbox 1303 2131 1350 2173; x_wconf 84' lang='lat' dir='ltr'>ad</span> <span class='ocrx_word' id='word_1_590' title='bbox 1395 2128 1513 2173; x_wconf 87' lang='lat' dir='ltr'>falsos</span> <span class='ocrx_word' id='word_1_591' title='bbox 1545 2129 1658 2172; x_wconf 87' lang='lat' dir='ltr'>testes</span> <span class='ocrx_word' id='word_1_592' title='bbox 1700 2161 1711 2181; x_wconf 94' lang='lat'><strong>‚</strong></span> <span class='ocrx_word' id='word_1_593' title='bbox 1761 2126 2024 2180; x_wconf 81' lang='lat' dir='ltr'>homicidas,</span> <span class='ocrx_word' id='word_1_594' title='bbox 2071 2129 2274 2173; x_wconf 80' lang='lat' dir='ltr'>veneficos</span> <span class='ocrx_word' id='word_1_595' title='bbox 2305 2160 2319 2182; x_wconf 87' lang='lat'>‚</span> 
     </span>
     <span class='ocr_line' id='line_1_95' title="bbox 1306 2185 2320 2244; baseline -0.001 -14"><span class='ocrx_word' id='word_1_596' title='bbox 1306 2189 1414 2244; x_wconf 86' lang='lat' dir='ltr'>sagas</span> <span class='ocrx_word' id='word_1_597' title='bbox 1436 2219 1447 2240; x_wconf 83' lang='lat'>,</span> <span class='ocrx_word' id='word_1_598' title='bbox 1481 2186 1701 2243; x_wconf 88' lang='lat' dir='ltr'>parricidas</span> <span class='ocrx_word' id='word_1_599' title='bbox 1723 2219 1734 2238; x_wconf 89' lang='lat'>‚</span> <span class='ocrx_word' id='word_1_600' title='bbox 1769 2199 1888 2240; x_wconf 86' lang='lat' dir='ltr'>atque</span> <span class='ocrx_word' id='word_1_601' title='bbox 1921 2186 1965 2229; x_wconf 88' lang='lat' dir='ltr'>ad</span> <span class='ocrx_word' id='word_1_602' title='bbox 2003 2197 2186 2230; x_wconf 89' lang='lat' dir='ltr'>tutorum</span> <span class='ocrx_word' id='word_1_603' title='bbox 2220 2218 2232 2237; x_wconf 81' lang='lat'>‚</span> <span class='ocrx_word' id='word_1_604' title='bbox 2274 2185 2320 2229; x_wconf 68' lang='grc' dir='ltr'>δε</span> 
     </span>
     <span class='ocr_line' id='line_1_96' title="bbox 1306 2242 2322 2301; baseline -0.003 -13"><span class='ocrx_word' id='word_1_605' title='bbox 1306 2259 1572 2301; x_wconf 83' lang='lat' dir='ltr'>patronorum</span> <span class='ocrx_word' id='word_1_606' title='bbox 1609 2243 1764 2286; x_wconf 84' lang='lat' dir='ltr'>fraudes</span> <span class='ocrx_word' id='word_1_607' title='bbox 1797 2244 1840 2286; x_wconf 89' lang='lat' dir='ltr'>in</span> <span class='ocrx_word' id='word_1_608' title='bbox 1875 2242 2050 2298; x_wconf 89' lang='lat' dir='ltr'>pupillos</span> <span class='ocrx_word' id='word_1_609' title='bbox 2071 2276 2082 2297; x_wconf 77' lang='lat'><strong>‚</strong></span> <span class='ocrx_word' id='word_1_610' title='bbox 2115 2244 2158 2286; x_wconf 59' lang='grc' dir='ltr'>ὃς</span> <span class='ocrx_word' id='word_1_611' title='bbox 2191 2243 2322 2286; x_wconf 88' lang='lat' dir='ltr'>clien-</span> 
     </span>
     <span class='ocr_line' id='line_1_97' title="bbox 1305 2299 2322 2354; baseline -0.003 -7"><span class='ocrx_word' id='word_1_612' title='bbox 1305 2319 1363 2347; x_wconf 90' lang='lat' dir='ltr'>tes</span> <span class='ocrx_word' id='word_1_613' title='bbox 1395 2335 1404 2344; x_wconf 93' lang='lat'>.</span> <span class='ocrx_word' id='word_1_614' title='bbox 1456 2302 1614 2344; x_wconf 65' lang='lat' dir='ltr'>Ostava</span> <span class='ocrx_word' id='word_1_615' title='bbox 1659 2300 1928 2343; x_wconf 88' lang='lat' dir='ltr'>constituebat</span> <span class='ocrx_word' id='word_1_616' title='bbox 1959 2299 2045 2350; x_wconf 82' lang='lat' dir='ltr'>jura</span> <span class='ocrx_word' id='word_1_617' title='bbox 2078 2300 2322 2354; x_wconf 75' lang='lat' dir='ltr'>praediorum</span> 
     </span>
     <span class='ocr_line' id='line_1_98' title="bbox 1304 2356 2323 2411; baseline -0.004 -7"><span class='ocrx_word' id='word_1_618' title='bbox 1304 2362 1552 2405; x_wconf 88' lang='lat' dir='ltr'>urbanorum</span> <span class='ocrx_word' id='word_1_619' title='bbox 1579 2390 1591 2411; x_wconf 90' lang='lat'>‚</span> <span class='ocrx_word' id='word_1_620' title='bbox 1623 2356 1665 2400; x_wconf 68' lang='grc' dir='ltr'>ἃ</span> <span class='ocrx_word' id='word_1_621' title='bbox 1699 2357 1938 2399; x_wconf 80' lang='lat' dir='ltr'>rusticorum</span> <span class='ocrx_word' id='word_1_622' title='bbox 1964 2388 1976 2409; x_wconf 83' lang='lat'>,</span> <span class='ocrx_word' id='word_1_623' title='bbox 2028 2357 2199 2399; x_wconf 79' lang='lat' dir='ltr'>definito</span> <span class='ocrx_word' id='word_1_624' title='bbox 2231 2374 2323 2401; x_wconf 84' lang='lat' dir='ltr'>am-</span> 
     </span>
     <span class='ocr_line' id='line_1_99' title="bbox 1306 2413 2322 2472; baseline -0.004 -10"><span class='ocrx_word' id='word_1_625' title='bbox 1306 2420 1393 2462; x_wconf 92' lang='lat' dir='ltr'>bitu</span> <span class='ocrx_word' id='word_1_626' title='bbox 1427 2415 1616 2472; x_wconf 86' lang='lat' dir='ltr'>parietis,</span> <span class='ocrx_word' id='word_1_627' title='bbox 1649 2415 1690 2457; x_wconf 71' lang='lat'>8&lt;</span> <span class='ocrx_word' id='word_1_628' title='bbox 1725 2413 1852 2469; x_wconf 88' lang='lat' dir='ltr'>spatio</span> <span class='ocrx_word' id='word_1_629' title='bbox 1879 2414 1988 2456; x_wconf 89' lang='lat' dir='ltr'>inter</span> <span class='ocrx_word' id='word_1_630' title='bbox 2014 2416 2195 2458; x_wconf 75' lang='lat' dir='ltr'>confines</span> <span class='ocrx_word' id='word_1_631' title='bbox 2226 2415 2322 2459; x_wconf 88' lang='lat' dir='ltr'>fun·</span> 
     </span>
     <span class='ocr_line' id='line_1_100' title="bbox 1304 2471 2322 2530; baseline -0.004 -10"><span class='ocrx_word' id='word_1_632' title='bbox 1304 2478 1398 2530; x_wconf 88' lang='lat' dir='ltr'>dos,</span> <span class='ocrx_word' id='word_1_633' title='bbox 1432 2475 1610 2529; x_wconf 89' lang='lat' dir='ltr'>itemque</span> <span class='ocrx_word' id='word_1_634' title='bbox 1635 2471 1761 2528; x_wconf 92' lang='lat' dir='ltr'>spatio</span> <span class='ocrx_word' id='word_1_635' title='bbox 1789 2472 1889 2524; x_wconf 81' lang='lat' dir='ltr'>viae,</span> <span class='ocrx_word' id='word_1_636' title='bbox 1924 2471 2183 2528; x_wconf 85' lang='lat' dir='ltr'>tradebatque</span> <span class='ocrx_word' id='word_1_637' title='bbox 2211 2474 2322 2517; x_wconf 88' lang='lat' dir='ltr'>soda-</span> 
     </span>
     <span class='ocr_line' id='line_1_101' title="bbox 1307 2528 2322 2586; baseline -0.004 -7"><span class='ocrx_word' id='word_1_638' title='bbox 1307 2536 1410 2579; x_wconf 91' lang='lat' dir='ltr'>libus</span> <span class='ocrx_word' id='word_1_639' title='bbox 1435 2545 1640 2578; x_wconf 85' lang='lat' dir='ltr'>certorum</span> <span class='ocrx_word' id='word_1_640' title='bbox 1675 2528 1946 2586; x_wconf 87' lang='lat' dir='ltr'>collegiorum</span> <span class='ocrx_word' id='word_1_641' title='bbox 1972 2528 2144 2574; x_wconf 86' lang='lat' dir='ltr'>ferendae</span> <span class='ocrx_word' id='word_1_642' title='bbox 2170 2530 2241 2575; x_wconf 85' lang='lat' dir='ltr'>sibi</span> <span class='ocrx_word' id='word_1_643' title='bbox 2263 2531 2322 2576; x_wconf 89' lang='lat' dir='ltr'>le-</span> 
     </span>
    </p>
   </div>
   <div class='ocr_carea' id='block_1_18' title="bbox 2259 2589 2322 2645">
    <p class='ocr_par' dir='ltr' id='par_1_19' title="bbox 2259 2589 2322 2645">
     <span class='ocr_line' id='line_1_102' title="bbox 2259 2589 2322 2645; baseline 0 -13"><span class='ocrx_word' id='word_1_644' title='bbox 2259 2589 2322 2645; x_wconf 82' lang='lat' dir='ltr'>gis</span> 
     </span>
    </p>
   </div>
   <div class='ocr_carea' id='block_1_19' title="bbox 1304 2699 2346 3246">
    <p class='ocr_par' dir='ltr' id='par_1_20' title="bbox 1304 2699 2346 3246">
     <span class='ocr_line' id='line_1_103' title="bbox 1308 2699 2320 2744; baseline -0.004 -7"><span class='ocrx_word' id='word_1_645' title='bbox 1308 2704 1432 2737; x_wconf 86' lang='lat' dir='ltr'>saevitia</span> <span class='ocrx_word' id='word_1_646' title='bbox 1461 2703 1644 2736; x_wconf 85' lang='lat' dir='ltr'>liberorum</span> <span class='ocrx_word' id='word_1_647' title='bbox 1684 2701 1835 2735; x_wconf 85' lang='lat' dir='ltr'>adversus</span> <span class='ocrx_word' id='word_1_648' title='bbox 1876 2711 2028 2744; x_wconf 85' lang='lat' dir='ltr'>parentes</span> <span class='ocrx_word' id='word_1_649' title='bbox 2070 2702 2184 2735; x_wconf 84' lang='lat' dir='ltr'>cavit.</span> <span class='ocrx_word' id='word_1_650' title='bbox 2211 2699 2320 2733; x_wconf 81' lang='lat' dir='ltr'>Festus</span> 
     </span>
     <span class='ocr_line' id='line_1_104' title="bbox 1306 2744 2317 2788; baseline -0.003 -8"><span class='ocrx_word' id='word_1_651' title='bbox 1306 2752 1342 2782; x_wconf 80' lang='lat' dir='ltr'>in</span> <span class='ocrx_word' id='word_1_652' title='bbox 1367 2759 1444 2782; x_wconf 75' lang='lat' dir='ltr'>voce</span> <span class='ocrx_word' id='word_1_653' title='bbox 1471 2749 1600 2780; x_wconf 72' lang='lat' dir='ltr'>Plorare</span> <span class='ocrx_word' id='word_1_654' title='bbox 1628 2770 1636 2778; x_wconf 91' lang='lat'>.</span> <span class='ocrx_word' id='word_1_655' title='bbox 1677 2748 1739 2781; x_wconf 86' lang='lat' dir='ltr'>Cui</span> <span class='ocrx_word' id='word_1_656' title='bbox 1769 2749 1938 2780; x_wconf 86' lang='lat' dir='ltr'>sententiae</span> <span class='ocrx_word' id='word_1_657' title='bbox 1965 2758 2024 2779; x_wconf 82' lang='lat' dir='ltr'>nec</span> <span class='ocrx_word' id='word_1_658' title='bbox 2075 2746 2204 2778; x_wconf 74' lang='lat' dir='ltr'>obstant</span> <span class='ocrx_word' id='word_1_659' title='bbox 2229 2744 2317 2788; x_wconf 84' lang='lat' dir='ltr'>leges</span> 
     </span>
     <span class='ocr_line' id='line_1_105' title="bbox 1305 2788 2322 2835; baseline -0.006 -8"><span class='ocrx_word' id='word_1_660' title='bbox 1305 2796 1346 2828; x_wconf 86' lang='lat' dir='ltr'>ab</span> <span class='ocrx_word' id='word_1_661' title='bbox 1372 2794 1448 2826; x_wconf 90' lang='lat' dir='ltr'>aliis</span> <span class='ocrx_word' id='word_1_662' title='bbox 1476 2793 1619 2835; x_wconf 81' lang='lat' dir='ltr'>Regibus</span> <span class='ocrx_word' id='word_1_663' title='bbox 1645 2792 1728 2824; x_wconf 84' lang='lat' dir='ltr'>latae·</span> <span class='ocrx_word' id='word_1_664' title='bbox 1747 2815 1755 2823; x_wconf 88' lang='lat'>.</span> <span class='ocrx_word' id='word_1_665' title='bbox 1784 2792 1837 2824; x_wconf 84' lang='lat' dir='ltr'>Sic</span> <span class='ocrx_word' id='word_1_666' title='bbox 1861 2791 1955 2824; x_wconf 84' lang='lat' dir='ltr'>Tulli</span> <span class='ocrx_word' id='word_1_667' title='bbox 1990 2791 2041 2822; x_wconf 85' lang='lat' dir='ltr'>lex</span> <span class='ocrx_word' id='word_1_668' title='bbox 2071 2791 2114 2822; x_wconf 86' lang='lat' dir='ltr'>est</span> <span class='ocrx_word' id='word_1_669' title='bbox 2145 2788 2185 2822; x_wconf 84' lang='lat' dir='ltr'>de</span> <span class='ocrx_word' id='word_1_670' title='bbox 2214 2797 2322 2831; x_wconf 79' lang='lat' dir='ltr'>terge-</span> 
     </span>
     <span class='ocr_line' id='line_1_106' title="bbox 1307 2835 2320 2878; baseline -0.006 -5"><span class='ocrx_word' id='word_1_671' title='bbox 1307 2839 1405 2873; x_wconf 86' lang='lat' dir='ltr'>minis</span> <span class='ocrx_word' id='word_1_672' title='bbox 1431 2850 1472 2872; x_wconf 88' lang='lat' dir='ltr'>ex</span> <span class='ocrx_word' id='word_1_673' title='bbox 1503 2837 1622 2869; x_wconf 76' lang='lat' dir='ltr'>aerario</span> <span class='ocrx_word' id='word_1_674' title='bbox 1656 2835 2018 2878; x_wconf 39' lang='lat' dir='ltr'>alendissDionysius</span> <span class='ocrx_word' id='word_1_675' title='bbox 2047 2835 2212 2867; x_wconf 84' lang='lat' dir='ltr'>Halicarn.</span> <span class='ocrx_word' id='word_1_676' title='bbox 2251 2836 2320 2867; x_wconf 84' lang='grc' dir='ltr'>ΠΙ.</span> 
     </span>
     <span class='ocr_line' id='line_1_107' title="bbox 1305 2879 2318 2927; baseline -0.005 -10"><span class='ocrx_word' id='word_1_677' title='bbox 1305 2894 1334 2927; x_wconf 81' lang='grc' dir='ltr'>ρ.</span> <span class='ocrx_word' id='word_1_678' title='bbox 1356 2879 1433 2924; x_wconf 67' lang='lat'>2152</span> <span class='ocrx_word' id='word_1_679' title='bbox 1459 2883 1502 2917; x_wconf 91' lang='lat' dir='ltr'>ob</span> <span class='ocrx_word' id='word_1_680' title='bbox 1527 2880 1766 2915; x_wconf 75' lang='lat' dir='ltr'>fortitudinem</span> <span class='ocrx_word' id='word_1_681' title='bbox 1800 2881 2016 2913; x_wconf 83' lang='lat' dir='ltr'>Horatiorum</span> <span class='ocrx_word' id='word_1_682' title='bbox 2037 2880 2318 2921; x_wconf 80' lang='lat' dir='ltr'>tei-geminorum,</span> 
     </span>
     <span class='ocr_line' id='line_1_108' title="bbox 1304 2925 2318 2975; baseline -0.006 -11"><span class='ocrx_word' id='word_1_683' title='bbox 1304 2940 1445 2975; x_wconf 88' lang='lat' dir='ltr'>quorum</span> <span class='ocrx_word' id='word_1_684' title='bbox 1474 2927 1635 2961; x_wconf 82' lang='lat' dir='ltr'>memoria</span> <span class='ocrx_word' id='word_1_685' title='bbox 1665 2926 1772 2958; x_wconf 89' lang='lat' dir='ltr'>ventri</span> <span class='ocrx_word' id='word_1_686' title='bbox 1806 2925 1909 2958; x_wconf 87' lang='lat' dir='ltr'>etiam</span> <span class='ocrx_word' id='word_1_687' title='bbox 1933 2934 1999 2958; x_wconf 86' lang='lat' dir='ltr'>tres</span> <span class='ocrx_word' id='word_1_688' title='bbox 2027 2925 2196 2966; x_wconf 81' lang='lat' dir='ltr'>portiones</span> <span class='ocrx_word' id='word_1_689' title='bbox 2226 2925 2318 2968; x_wconf 84' lang='lat' dir='ltr'>sepo·</span> 
     </span>
     <span class='ocr_line' id='line_1_109' title="bbox 1307 2972 2323 3013; baseline -0.006 -4"><span class='ocrx_word' id='word_1_690' title='bbox 1307 2984 1429 3009; x_wconf 89' lang='lat' dir='ltr'>nuntur</span> <span class='ocrx_word' id='word_1_691' title='bbox 1455 2975 1490 3007; x_wconf 86' lang='lat' dir='ltr'>in</span> <span class='ocrx_word' id='word_1_692' title='bbox 1522 2976 1557 3006; x_wconf 87' lang='lat' dir='ltr'>L.</span> <span class='ocrx_word' id='word_1_693' title='bbox 1581 2984 1610 3012; x_wconf 82' lang='lat'>3.</span> <span class='ocrx_word' id='word_1_694' title='bbox 1638 2974 1682 3004; x_wconf 89' lang='lat' dir='ltr'>D.</span> <span class='ocrx_word' id='word_1_695' title='bbox 1714 2973 1756 3002; x_wconf 76' lang='lat' dir='ltr'>si</span> <span class='ocrx_word' id='word_1_696' title='bbox 1780 2978 1855 3013; x_wconf 80' lang='lat' dir='ltr'>pars</span> <span class='ocrx_word' id='word_1_697' title='bbox 1879 2972 1978 3003; x_wconf 74' lang='lat' dir='ltr'>hered.</span> <span class='ocrx_word' id='word_1_698' title='bbox 2008 2978 2063 3012; x_wconf 77' lang='lat' dir='ltr'>pet</span> <span class='ocrx_word' id='word_1_699' title='bbox 2104 2972 2133 3003; x_wconf 84' lang='lat'>&amp;</span> <span class='ocrx_word' id='word_1_700' title='bbox 2163 2974 2198 3002; x_wconf 91' lang='lat' dir='ltr'>L.</span> <span class='ocrx_word' id='word_1_701' title='bbox 2216 2973 2267 3003; x_wconf 88' lang='lat'>28.</span> <span class='ocrx_word' id='word_1_702' title='bbox 2287 2972 2323 3013; x_wconf 77' lang='lat'>§-</span> 
     </span>
     <span class='ocr_line' id='line_1_110' title="bbox 1307 3015 2316 3060; baseline -0.007 -6"><span class='ocrx_word' id='word_1_703' title='bbox 1307 3024 1368 3055; x_wconf 75' lang='lat' dir='ltr'>ule.</span> <span class='ocrx_word' id='word_1_704' title='bbox 1387 3025 1443 3054; x_wconf 63' lang='lat' dir='ltr'>vD.</span> <span class='ocrx_word' id='word_1_705' title='bbox 1472 3020 1509 3052; x_wconf 85' lang='lat' dir='ltr'>de</span> <span class='ocrx_word' id='word_1_706' title='bbox 1528 3018 1645 3060; x_wconf 74' lang='lat' dir='ltr'>judic.</span> <span class='ocrx_word' id='word_1_707' title='bbox 1677 3016 1770 3049; x_wconf 86' lang='lat' dir='ltr'>Tulli</span> <span class='ocrx_word' id='word_1_708' title='bbox 1799 3026 1910 3049; x_wconf 83' lang='lat' dir='ltr'>autem</span> <span class='ocrx_word' id='word_1_709' title='bbox 1942 3016 1996 3050; x_wconf 88' lang='lat' dir='ltr'>lex</span> <span class='ocrx_word' id='word_1_710' title='bbox 2029 3027 2115 3048; x_wconf 89' lang='lat' dir='ltr'>mere</span> <span class='ocrx_word' id='word_1_711' title='bbox 2134 3015 2243 3048; x_wconf 83' lang='lat' dir='ltr'>civilis</span> <span class='ocrx_word' id='word_1_712' title='bbox 2259 3017 2316 3048; x_wconf 84' lang='lat' dir='ltr'>est.</span> 
     </span>
     <span class='ocr_line' id='line_1_111' title="bbox 1307 3060 2321 3105; baseline -0.008 -4"><span class='ocrx_word' id='word_1_713' title='bbox 1307 3067 1359 3101; x_wconf 84' lang='lat' dir='ltr'>Sic</span> <span class='ocrx_word' id='word_1_714' title='bbox 1401 3068 1496 3098; x_wconf 77' lang='lat' dir='ltr'>Anco</span> <span class='ocrx_word' id='word_1_715' title='bbox 1536 3062 1586 3101; x_wconf 84' lang='lat' dir='ltr'>jus</span> <span class='ocrx_word' id='word_1_716' title='bbox 1622 3062 1737 3095; x_wconf 78' lang='lat' dir='ltr'>feciale</span> <span class='ocrx_word' id='word_1_717' title='bbox 1780 3062 1946 3105; x_wconf 86' lang='lat' dir='ltr'>originem</span> <span class='ocrx_word' id='word_1_718' title='bbox 1990 3061 2085 3094; x_wconf 85' lang='lat' dir='ltr'>debet</span> <span class='ocrx_word' id='word_1_719' title='bbox 2136 3084 2148 3100; x_wconf 85' lang='lat'><strong>‚</strong></span> <span class='ocrx_word' id='word_1_720' title='bbox 2206 3060 2321 3094; x_wconf 81' lang='lat' dir='ltr'>Livius</span> 
     </span>
     <span class='ocr_line' id='line_1_112' title="bbox 1309 3106 2346 3152; baseline -0.006 -9"><span class='ocrx_word' id='word_1_721' title='bbox 1309 3116 1332 3146; x_wconf 88' lang='lat'>1.</span> <span class='ocrx_word' id='word_1_722' title='bbox 1362 3121 1416 3151; x_wconf 85' lang='lat'>32.</span> <span class='ocrx_word' id='word_1_723' title='bbox 1457 3109 1514 3144; x_wconf 83' lang='lat' dir='ltr'>etfi</span> <span class='ocrx_word' id='word_1_724' title='bbox 1541 3120 1581 3143; x_wconf 89' lang='lat' dir='ltr'>eo</span> <span class='ocrx_word' id='word_1_725' title='bbox 1620 3118 1740 3151; x_wconf 84' lang='lat' dir='ltr'>magna</span> <span class='ocrx_word' id='word_1_726' title='bbox 1777 3117 1852 3152; x_wconf 77' lang='lat' dir='ltr'>pars</span> <span class='ocrx_word' id='word_1_727' title='bbox 1877 3106 1960 3147; x_wconf 83' lang='lat' dir='ltr'>juris</span> <span class='ocrx_word' id='word_1_728' title='bbox 2009 3107 2204 3143; x_wconf 80' lang='lat' dir='ltr'>absolvatur</span> <span class='ocrx_word' id='word_1_729' title='bbox 2241 3114 2346 3150; x_wconf 44' lang='lat' dir='ltr'>gens</span> 
     </span>
     <span class='ocr_line' id='line_1_113' title="bbox 1307 3157 1423 3191; baseline -0.026 0"><span class='ocrx_word' id='word_1_730' title='bbox 1307 3157 1391 3191; x_wconf 86' lang='lat' dir='ltr'>tium</span> <span class='ocrx_word' id='word_1_731' title='bbox 1414 3179 1423 3188; x_wconf 91' lang='lat'><strong><em>.</em></strong></span> 
     </span>
     <span class='ocr_line' id='line_1_114' title="bbox 1351 3197 1810 3246; baseline -0.013 -10"><span class='ocrx_word' id='word_1_732' title='bbox 1351 3201 1414 3246; x_wconf 77' lang='lat' dir='ltr'>(a)</span> <span class='ocrx_word' id='word_1_733' title='bbox 1438 3199 1578 3242; x_wconf 77' lang='lat' dir='ltr'>Dionys·</span> <span class='ocrx_word' id='word_1_734' title='bbox 1604 3199 1682 3239; x_wconf 78' lang='lat'>¹·4·</span> <span class='ocrx_word' id='word_1_735' title='bbox 1709 3197 1751 3231; x_wconf 70' lang='lat'>(9⁸</span> <span class='ocrx_word' id='word_1_736' title='bbox 1777 3206 1810 3237; x_wconf 78' lang='grc' dir='ltr'>ς.</span> 
     </span>
    </p>
   </div>
   <div class='ocr_carea' id='block_1_20' title="bbox 2458 2491 2524 3479">
    <p class='ocr_par' dir='ltr' id='par_1_21' title="bbox 2458 2491 2524 3479">
     <span class='ocr_line' id='line_1_115' title="bbox 2458 2491 2524 3479; baseline 0 0"><span class='ocrx_word' id='word_1_737' title='bbox 2458 2491 2524 3479; x_wconf 95' lang='lat' dir='ltr'> </span> 
     </span>
    </p>
   </div>
  </div>
 </body>
</html>
