<?xml version="1.0" encoding="UTF-8"?>
<!DOCTYPE html PUBLIC "-//W3C//DTD XHTML 1.0 Transitional//EN"
    "http://www.w3.org/TR/xhtml1/DTD/xhtml1-transitional.dtd">
<html xmlns="http://www.w3.org/1999/xhtml" xml:lang="en" lang="en">
 <head>
  <title>
</title>
<meta http-equiv="Content-Type" content="text/html;charset=utf-8" />
  <meta name='ocr-system' content='tesseract 3.04.00' />
  <meta name='ocr-capabilities' content='ocr_page ocr_carea ocr_par ocr_line ocrx_word'/>
</head>
<body>
  <div class='ocr_page' id='page_1' title='image "./janivincentiigra01gravuoft_0124.png"; bbox 0 0 2524 3479; ppageno 0'>
   <div class='ocr_carea' id='block_1_1' title="bbox 183 101 250 152">
    <p class='ocr_par' dir='ltr' id='par_1_1' title="bbox 183 101 250 152">
     <span class='ocr_line' id='line_1_1' title="bbox 183 101 250 152; baseline -0.015 0"><span class='ocrx_word' id='word_1_1' title='bbox 183 101 250 152; x_wconf 78' lang='lat'>62</span> 
     </span>
    </p>
   </div>
   <div class='ocr_carea' id='block_1_2' title="bbox 179 170 1205 295">
    <p class='ocr_par' dir='ltr' id='par_1_2' title="bbox 179 170 1205 295">
     <span class='ocr_line' id='line_1_2' title="bbox 179 170 1200 234; baseline 0.006 -17"><span class='ocrx_word' id='word_1_2' title='bbox 179 171 322 231; x_wconf 87' lang='lat' dir='ltr'>populi</span> <span class='ocrx_word' id='word_1_3' title='bbox 353 170 611 230; x_wconf 85' lang='lat' dir='ltr'>declinaret,</span> <span class='ocrx_word' id='word_1_4' title='bbox 643 178 685 221; x_wconf 73' lang='grc' dir='ltr'>ἃ</span> <span class='ocrx_word' id='word_1_5' title='bbox 712 178 900 233; x_wconf 82' lang='lat' dir='ltr'>legitima</span> <span class='ocrx_word' id='word_1_6' title='bbox 933 178 1106 234; x_wconf 84' lang='lat' dir='ltr'>imperia</span> <span class='ocrx_word' id='word_1_7' title='bbox 1141 180 1200 223; x_wconf 87' lang='lat' dir='ltr'>vi-</span> 
     </span>
     <span class='ocr_line' id='line_1_3' title="bbox 180 235 1205 295; baseline 0.004 -18"><span class='ocrx_word' id='word_1_8' title='bbox 180 235 580 295; x_wconf 25' lang='lat' dir='ltr'>dereturtexercere,</span> <span class='ocrx_word' id='word_1_9' title='bbox 616 236 871 290; x_wconf 74' lang='lat' dir='ltr'>praecipiebat</span> <span class='ocrx_word' id='word_1_10' title='bbox 898 235 967 279; x_wconf 82' lang='lat' dir='ltr'>sibi</span> <span class='ocrx_word' id='word_1_11' title='bbox 996 237 1205 293; x_wconf 81' lang='lat' dir='ltr'>magistra-</span> 
     </span>
    </p>
   </div>
   <div class='ocr_carea' id='block_1_3' title="bbox 181 293 1910 419">
    <p class='ocr_par' dir='ltr' id='par_1_3' title="bbox 181 293 1910 419">
     <span class='ocr_line' id='line_1_4' title="bbox 181 293 1910 351; baseline 0.004 -17"><span class='ocrx_word' id='word_1_12' title='bbox 181 303 244 335; x_wconf 86' lang='lat' dir='ltr'>tus</span> <span class='ocrx_word' id='word_1_13' title='bbox 270 306 466 341; x_wconf 69' lang='lat' dir='ltr'>maiores:</span> <span class='ocrx_word' id='word_1_14' title='bbox 501 306 581 346; x_wconf 84' lang='lat' dir='ltr'>quo</span> <span class='ocrx_word' id='word_1_15' title='bbox 609 293 816 346; x_wconf 85' lang='lat' dir='ltr'>auspicato</span> <span class='ocrx_word' id='word_1_16' title='bbox 840 310 956 350; x_wconf 78' lang='lat' dir='ltr'>agere</span> <span class='ocrx_word' id='word_1_17' title='bbox 978 326 990 348; x_wconf 92' lang='lat'>,</span> <span class='ocrx_word' id='word_1_18' title='bbox 1026 295 1068 338; x_wconf 68' lang='grc' dir='ltr'>δε</span> <span class='ocrx_word' id='word_1_19' title='bbox 1094 311 1207 340; x_wconf 85' lang='lat' dir='ltr'>more</span> <span class='ocrx_word' id='word_1_20' title='bbox 1228 298 1236 329; x_wconf 65' lang='grc' dir='ltr'><strong>ὅ</strong></span> <span class='ocrx_word' id='word_1_21' title='bbox 1254 303 1480 346; x_wconf 74' lang='lat' dir='ltr'>dammodo</span> <span class='ocrx_word' id='word_1_22' title='bbox 1519 306 1687 349; x_wconf 69' lang='lat' dir='ltr'>nomine</span> <span class='ocrx_word' id='word_1_23' title='bbox 1729 307 1910 351; x_wconf 62' lang='lat' dir='ltr'>muniret</span> 
     </span>
     <span class='ocr_line' id='line_1_5' title="bbox 182 337 1826 419; baseline 0.009 -26"><span class='ocrx_word' id='word_1_24' title='bbox 182 348 384 401; x_wconf 80' lang='lat' dir='ltr'>majorum</span> <span class='ocrx_word' id='word_1_25' title='bbox 407 380 418 402; x_wconf 87' lang='lat'>,</span> <span class='ocrx_word' id='word_1_26' title='bbox 450 347 622 404; x_wconf 74' lang='lat' dir='ltr'>justaque</span> <span class='ocrx_word' id='word_1_27' title='bbox 669 352 733 393; x_wconf 86' lang='lat' dir='ltr'>sua</span> <span class='ocrx_word' id='word_1_28' title='bbox 761 352 937 406; x_wconf 89' lang='lat' dir='ltr'>populo,</span> <span class='ocrx_word' id='word_1_29' title='bbox 964 353 1205 397; x_wconf 59' lang='lat' dir='ltr'>anesioritate</span> <span class='ocrx_word' id='word_1_30' title='bbox 1229 337 1341 403; x_wconf 77' lang='lat' dir='ltr'>ltem</span> <span class='ocrx_word' id='word_1_31' title='bbox 1389 361 1559 407; x_wconf 88' lang='lat' dir='ltr'>nomine</span> <span class='ocrx_word' id='word_1_32' title='bbox 1605 364 1781 419; x_wconf 88' lang='lat' dir='ltr'>suscepto</span> <span class='ocrx_word' id='word_1_33' title='bbox 1816 398 1826 417; x_wconf 86' lang='lat'>,</span> 
     </span>
    </p>
   </div>
   <div class='ocr_carea' id='block_1_4' title="bbox 182 407 1205 471">
    <p class='ocr_par' dir='ltr' id='par_1_4' title="bbox 182 407 1205 471">
     <span class='ocr_line' id='line_1_6' title="bbox 182 407 1205 471; baseline 0.003 -20"><span class='ocrx_word' id='word_1_34' title='bbox 182 407 368 471; x_wconf 74' lang='lat' dir='ltr'>legitima</span> <span class='ocrx_word' id='word_1_35' title='bbox 388 438 400 460; x_wconf 83' lang='lat'>,</span> <span class='ocrx_word' id='word_1_36' title='bbox 416 409 727 461; x_wconf 87' lang='lat' dir='ltr'>comprobaret:</span> <span class='ocrx_word' id='word_1_37' title='bbox 752 409 874 453; x_wconf 82' lang='lat' dir='ltr'>Unde</span> <span class='ocrx_word' id='word_1_38' title='bbox 893 411 1065 466; x_wconf 80' lang='lat' dir='ltr'>imperia</span> <span class='ocrx_word' id='word_1_39' title='bbox 1090 412 1205 454; x_wconf 85' lang='lat' dir='ltr'>Prin-</span> 
     </span>
    </p>
   </div>
   <div class='ocr_carea' id='block_1_5' title="bbox 1230 404 1959 483">
    <p class='ocr_par' dir='ltr' id='par_1_5' title="bbox 1230 404 1959 483">
     <span class='ocr_line' id='line_1_7' title="bbox 1230 404 1959 483; baseline 0.008 -23"><span class='ocrx_word' id='word_1_40' title='bbox 1230 404 1546 483; x_wconf 51' lang='lat' dir='ltr'>{successionem</span> <span class='ocrx_word' id='word_1_41' title='bbox 1585 423 1763 476; x_wconf 85' lang='lat' dir='ltr'>praetulit</span> <span class='ocrx_word' id='word_1_42' title='bbox 1806 422 1917 467; x_wconf 85' lang='lat' dir='ltr'>illius</span> <span class='ocrx_word' id='word_1_43' title='bbox 1951 440 1959 466; x_wconf 71' lang='grc' dir='ltr'><em>τ</em></span> 
     </span>
    </p>
   </div>
   <div class='ocr_carea' id='block_1_6' title="bbox 572 99 1819 169">
    <p class='ocr_par' dir='ltr' id='par_1_6' title="bbox 572 99 1819 169">
     <span class='ocr_line' id='line_1_8' title="bbox 572 99 1819 169; baseline 0.011 -16"><span class='ocrx_word' id='word_1_44' title='bbox 572 99 716 154; x_wconf 88' lang='lat' dir='ltr'>DE-</span> <span class='ocrx_word' id='word_1_45' title='bbox 756 101 1023 156; x_wconf 88' lang='lat' dir='ltr'>ORTU</span> <span class='ocrx_word' id='word_1_46' title='bbox 1089 103 1207 159; x_wconf 89' lang='lat' dir='ltr'>ET</span> <span class='ocrx_word' id='word_1_47' title='bbox 1250 106 1819 169; x_wconf 85' lang='lat' dir='ltr'>PROGRESSU</span> 
     </span>
    </p>
   </div>
   <div class='ocr_carea' id='block_1_7' title="bbox 1253 184 2290 482">
    <p class='ocr_par' dir='ltr' id='par_1_7' title="bbox 1253 184 2290 482">
     <span class='ocr_line' id='line_1_9' title="bbox 1254 184 2284 252; baseline 0.011 -24"><span class='ocrx_word' id='word_1_48' title='bbox 1254 196 1367 251; x_wconf 75' lang='lat' dir='ltr'>erato</span> <span class='ocrx_word' id='word_1_49' title='bbox 1386 184 1468 237; x_wconf 79' lang='lat' dir='ltr'>jam</span> <span class='ocrx_word' id='word_1_50' title='bbox 1492 187 1688 245; x_wconf 83' lang='lat' dir='ltr'>religione</span> <span class='ocrx_word' id='word_1_51' title='bbox 1714 187 1913 234; x_wconf 88' lang='lat' dir='ltr'>vocabulo</span> <span class='ocrx_word' id='word_1_52' title='bbox 1940 220 1953 245; x_wconf 86' lang='lat'>‚</span> <span class='ocrx_word' id='word_1_53' title='bbox 1997 190 2187 252; x_wconf 86' lang='lat' dir='ltr'>rebusque</span> <span class='ocrx_word' id='word_1_54' title='bbox 2226 193 2284 239; x_wconf 60' lang='lat' dir='ltr'>sa‘</span> 
     </span>
     <span class='ocr_line' id='line_1_10' title="bbox 1253 245 2290 310; baseline 0.01 -22"><span class='ocrx_word' id='word_1_55' title='bbox 1253 259 1334 288; x_wconf 89' lang='lat' dir='ltr'>cris</span> <span class='ocrx_word' id='word_1_56' title='bbox 1358 276 1371 299; x_wconf 84' lang='lat'>,</span> <span class='ocrx_word' id='word_1_57' title='bbox 1396 259 1442 288; x_wconf 89' lang='lat' dir='ltr'>ac</span> <span class='ocrx_word' id='word_1_58' title='bbox 1470 245 1621 290; x_wconf 87' lang='lat' dir='ltr'>divinis</span> <span class='ocrx_word' id='word_1_59' title='bbox 1646 247 1790 292; x_wconf 83' lang='lat' dir='ltr'>usitato</span> <span class='ocrx_word' id='word_1_60' title='bbox 1811 264 1820 289; x_wconf 75' lang='grc' dir='ltr'><strong>τ</strong></span> <span class='ocrx_word' id='word_1_61' title='bbox 1845 261 1890 292; x_wconf 91' lang='lat' dir='ltr'>ut</span> <span class='ocrx_word' id='word_1_62' title='bbox 1911 248 1945 292; x_wconf 91' lang='lat' dir='ltr'>se</span> <span class='ocrx_word' id='word_1_63' title='bbox 1973 251 2155 296; x_wconf 80' lang='lat' dir='ltr'>Deorum</span> <span class='ocrx_word' id='word_1_64' title='bbox 2180 268 2290 310; x_wconf 88' lang='lat' dir='ltr'>quo-</span> 
     </span>
     <span class='ocr_line' id='line_1_11' title="bbox 1949 309 2283 355; baseline 0.018 -5"><span class='ocrx_word' id='word_1_65' title='bbox 1949 339 1957 350; x_wconf 90' lang='lat'><strong>.</strong></span> <span class='ocrx_word' id='word_1_66' title='bbox 2002 309 2170 354; x_wconf 85' lang='lat' dir='ltr'>Caesaris</span> <span class='ocrx_word' id='word_1_67' title='bbox 2210 327 2283 355; x_wconf 89' lang='lat' dir='ltr'>au·</span> 
     </span>
     <span class='ocr_line' id='line_1_12' title="bbox 1879 365 2285 422; baseline 0.012 -14"><span class='ocrx_word' id='word_1_68' title='bbox 1879 365 2149 412; x_wconf 81' lang='lat' dir='ltr'>hereditatem</span> <span class='ocrx_word' id='word_1_69' title='bbox 2174 400 2186 422; x_wconf 91' lang='lat'>,</span> <span class='ocrx_word' id='word_1_70' title='bbox 2236 385 2285 413; x_wconf 87' lang='lat' dir='ltr'>ac</span> 
     </span>
     <span class='ocr_line' id='line_1_13' title="bbox 2005 426 2284 482; baseline 0.011 -14"><span class='ocrx_word' id='word_1_71' title='bbox 2005 426 2111 480; x_wconf 88' lang='lat' dir='ltr'>quod</span> <span class='ocrx_word' id='word_1_72' title='bbox 2150 426 2284 482; x_wconf 81' lang='lat' dir='ltr'>postea</span> 
     </span>
    </p>
   </div>
   <div class='ocr_carea' id='block_1_8' title="bbox 183 467 2289 538">
    <p class='ocr_par' dir='ltr' id='par_1_8' title="bbox 183 467 2289 538">
     <span class='ocr_line' id='line_1_14' title="bbox 183 467 2289 538; baseline 0.005 -28"><span class='ocrx_word' id='word_1_73' title='bbox 183 480 439 521; x_wconf 84' lang='lat' dir='ltr'>cipum,non</span> <span class='ocrx_word' id='word_1_74' title='bbox 456 478 575 509; x_wconf 79' lang='lat' dir='ltr'>certae</span> <span class='ocrx_word' id='word_1_75' title='bbox 597 467 773 518; x_wconf 67' lang='lat' dir='ltr'>personae</span> <span class='ocrx_word' id='word_1_76' title='bbox 799 467 995 521; x_wconf 77' lang='lat' dir='ltr'>julsa3sed</span> <span class='ocrx_word' id='word_1_77' title='bbox 1025 469 1206 524; x_wconf 84' lang='lat' dir='ltr'>plurium</span> <span class='ocrx_word' id='word_1_78' title='bbox 1257 491 1411 520; x_wconf 88' lang='lat' dir='ltr'>nomen</span> <span class='ocrx_word' id='word_1_79' title='bbox 1458 478 1505 521; x_wconf 90' lang='lat' dir='ltr'>ad</span> <span class='ocrx_word' id='word_1_80' title='bbox 1534 478 1642 523; x_wconf 89' lang='lat' dir='ltr'>alios</span> <span class='ocrx_word' id='word_1_81' title='bbox 1678 496 1758 523; x_wconf 87' lang='lat' dir='ltr'>una</span> <span class='ocrx_word' id='word_1_82' title='bbox 1789 497 1883 524; x_wconf 90' lang='lat' dir='ltr'>cum</span> <span class='ocrx_word' id='word_1_83' title='bbox 1926 484 2105 538; x_wconf 85' lang='lat' dir='ltr'>Imperio</span> <span class='ocrx_word' id='word_1_84' title='bbox 2144 484 2289 527; x_wconf 76' lang='lat' dir='ltr'>tranfi-</span> 
     </span>
    </p>
   </div>
   <div class='ocr_carea' id='block_1_9' title="bbox 184 523 1133 582">
    <p class='ocr_par' dir='ltr' id='par_1_9' title="bbox 184 523 1133 582">
     <span class='ocr_line' id='line_1_15' title="bbox 184 523 1133 582; baseline 0.002 -13"><span class='ocrx_word' id='word_1_85' title='bbox 184 523 506 582; x_wconf 82' lang='lat' dir='ltr'>magistratuum</span> <span class='ocrx_word' id='word_1_86' title='bbox 531 524 791 570; x_wconf 60' lang='lat' dir='ltr'>auctoritates</span> <span class='ocrx_word' id='word_1_87' title='bbox 821 528 1133 582; x_wconf 85' lang='lat' dir='ltr'>reputabantur-</span> 
     </span>
    </p>
   </div>
   <div class='ocr_carea' id='block_1_10' title="bbox 297 611 1086 728">
    <p class='ocr_par' dir='ltr' id='par_1_10' title="bbox 297 611 1086 728">
     <span class='ocr_line' id='line_1_16' title="bbox 358 611 1031 657; baseline 0.004 -3"><span class='ocrx_word' id='word_1_88' title='bbox 358 611 399 654; x_wconf 93' lang='lat' dir='ltr'>C</span> <span class='ocrx_word' id='word_1_89' title='bbox 460 614 499 654; x_wconf 90' lang='lat' dir='ltr'>A</span> <span class='ocrx_word' id='word_1_90' title='bbox 564 611 593 654; x_wconf 89' lang='lat' dir='ltr'>P</span> <span class='ocrx_word' id='word_1_91' title='bbox 653 612 697 654; x_wconf 95' lang='lat' dir='ltr'><strong>T</strong></span> <span class='ocrx_word' id='word_1_92' title='bbox 759 613 801 655; x_wconf 90' lang='lat' dir='ltr'>U</span> <span class='ocrx_word' id='word_1_93' title='bbox 921 615 960 657; x_wconf 90' lang='lat' dir='ltr'>C</span> <span class='ocrx_word' id='word_1_94' title='bbox 977 616 1031 657; x_wconf 83' lang='lat' dir='ltr'>V.</span> 
     </span>
     <span class='ocr_line' id='line_1_17' title="bbox 297 669 1086 728; baseline 0.009 -16"><span class='ocrx_word' id='word_1_95' title='bbox 297 670 365 712; x_wconf 86' lang='lat' dir='ltr'>De</span> <span class='ocrx_word' id='word_1_96' title='bbox 389 669 519 712; x_wconf 79' lang='lat' dir='ltr'>Variis</span> <span class='ocrx_word' id='word_1_97' title='bbox 543 669 784 713; x_wconf 75' lang='lat' dir='ltr'>Muneribus</span> <span class='ocrx_word' id='word_1_98' title='bbox 811 673 1062 728; x_wconf 70' lang='lat' dir='ltr'>Imperatoris</span> <span class='ocrx_word' id='word_1_99' title='bbox 1077 707 1086 719; x_wconf 91' lang='lat'><em>.</em></span> 
     </span>
    </p>
   </div>
   <div class='ocr_carea' id='block_1_11' title="bbox 179 754 1206 1220">
    <p class='ocr_par' dir='ltr' id='par_1_11' title="bbox 282 754 1206 814">
     <span class='ocr_line' id='line_1_18' title="bbox 282 754 1206 814; baseline 0.004 -15"><span class='ocrx_word' id='word_1_100' title='bbox 282 757 363 799; x_wconf 93' lang='lat' dir='ltr'>Rat</span> <span class='ocrx_word' id='word_1_101' title='bbox 400 754 537 813; x_wconf 89' lang='lat' dir='ltr'>itaque</span> <span class='ocrx_word' id='word_1_102' title='bbox 580 757 794 802; x_wconf 88' lang='lat' dir='ltr'>Romanus</span> <span class='ocrx_word' id='word_1_103' title='bbox 840 760 1070 814; x_wconf 80' lang='lat' dir='ltr'>Imperator</span> <span class='ocrx_word' id='word_1_104' title='bbox 1114 757 1206 814; x_wconf 87' lang='lat' dir='ltr'>plu-</span> 
     </span>
    </p>

    <p class='ocr_par' dir='ltr' id='par_1_12' title="bbox 179 812 1204 1220">
     <span class='ocr_line' id='line_1_19' title="bbox 312 812 1204 872; baseline 0.004 -16"><span class='ocrx_word' id='word_1_105' title='bbox 312 812 457 868; x_wconf 83' lang='lat' dir='ltr'>rium,</span> <span class='ocrx_word' id='word_1_106' title='bbox 499 827 620 871; x_wconf 90' lang='lat' dir='ltr'>atque</span> <span class='ocrx_word' id='word_1_107' title='bbox 662 816 918 860; x_wconf 89' lang='lat' dir='ltr'>summorum</span> <span class='ocrx_word' id='word_1_108' title='bbox 969 815 1204 872; x_wconf 84' lang='lat' dir='ltr'>complexio</span> 
     </span>
     <span class='ocr_line' id='line_1_20' title="bbox 181 871 1204 930; baseline 0.005 -18"><span class='ocrx_word' id='word_1_109' title='bbox 181 871 496 923; x_wconf 83' lang='lat' dir='ltr'>magistratuum</span> <span class='ocrx_word' id='word_1_110' title='bbox 524 905 537 927; x_wconf 89' lang='lat'>,</span> <span class='ocrx_word' id='word_1_111' title='bbox 580 873 844 929; x_wconf 87' lang='lat' dir='ltr'>cumulusque</span> <span class='ocrx_word' id='word_1_112' title='bbox 879 875 1089 921; x_wconf 82' lang='lat' dir='ltr'>variatum</span> <span class='ocrx_word' id='word_1_113' title='bbox 1132 891 1204 930; x_wconf 83' lang='lat' dir='ltr'>po-</span> 
     </span>
     <span class='ocr_line' id='line_1_21' title="bbox 182 929 1204 987; baseline 0.004 -16"><span class='ocrx_word' id='word_1_114' title='bbox 182 929 374 972; x_wconf 82' lang='lat' dir='ltr'>testatum</span> <span class='ocrx_word' id='word_1_115' title='bbox 409 930 452 972; x_wconf 91' lang='lat' dir='ltr'>in</span> <span class='ocrx_word' id='word_1_116' title='bbox 499 931 658 974; x_wconf 49' lang='lat' dir='ltr'>nlilitiae</span> <span class='ocrx_word' id='word_1_117' title='bbox 698 932 931 987; x_wconf 86' lang='lat' dir='ltr'>Principem</span> <span class='ocrx_word' id='word_1_118' title='bbox 966 964 978 986; x_wconf 90' lang='lat'>,</span> <span class='ocrx_word' id='word_1_119' title='bbox 1009 933 1052 976; x_wconf 89' lang='lat' dir='ltr'>in</span> <span class='ocrx_word' id='word_1_120' title='bbox 1092 932 1204 984; x_wconf 84' lang='lat' dir='ltr'>cujus</span> 
     </span>
     <span class='ocr_line' id='line_1_22' title="bbox 181 988 1204 1044; baseline 0.003 -14"><span class='ocrx_word' id='word_1_121' title='bbox 181 988 302 1032; x_wconf 85' lang='lat' dir='ltr'>unius</span> <span class='ocrx_word' id='word_1_122' title='bbox 341 989 511 1044; x_wconf 88' lang='lat' dir='ltr'>persona</span> <span class='ocrx_word' id='word_1_123' title='bbox 547 989 695 1033; x_wconf 87' lang='lat' dir='ltr'>veteris</span> <span class='ocrx_word' id='word_1_124' title='bbox 725 989 976 1044; x_wconf 71' lang='lat' dir='ltr'>Reipublicae</span> <span class='ocrx_word' id='word_1_125' title='bbox 1016 990 1110 1044; x_wconf 88' lang='lat' dir='ltr'>vis,</span> <span class='ocrx_word' id='word_1_126' title='bbox 1142 1003 1204 1033; x_wconf 86' lang='lat' dir='ltr'>at-</span> 
     </span>
     <span class='ocr_line' id='line_1_23' title="bbox 180 1046 1203 1104; baseline 0.004 -16"><span class='ocrx_word' id='word_1_127' title='bbox 180 1061 257 1100; x_wconf 91' lang='lat' dir='ltr'>que</span> <span class='ocrx_word' id='word_1_128' title='bbox 297 1046 482 1097; x_wconf 85' lang='lat' dir='ltr'>majestas</span> <span class='ocrx_word' id='word_1_129' title='bbox 513 1062 582 1101; x_wconf 89' lang='lat' dir='ltr'>per</span> <span class='ocrx_word' id='word_1_130' title='bbox 623 1047 850 1092; x_wconf 84' lang='lat' dir='ltr'>cumulatas</span> <span class='ocrx_word' id='word_1_131' title='bbox 889 1046 1203 1104; x_wconf 79' lang='lat' dir='ltr'>magistratuum</span> 
     </span>
     <span class='ocr_line' id='line_1_24' title="bbox 180 1103 1180 1161; baseline 0.004 -15"><span class='ocrx_word' id='word_1_132' title='bbox 180 1103 393 1158; x_wconf 86' lang='lat' dir='ltr'>potestates</span> <span class='ocrx_word' id='word_1_133' title='bbox 417 1104 750 1159; x_wconf 84' lang='lat' dir='ltr'>exprimebatur.</span> <span class='ocrx_word' id='word_1_134' title='bbox 784 1106 955 1150; x_wconf 87' lang='lat' dir='ltr'>Etenim</span> <span class='ocrx_word' id='word_1_135' title='bbox 975 1138 987 1160; x_wconf 80' lang='lat'>,</span> <span class='ocrx_word' id='word_1_136' title='bbox 1023 1121 1091 1160; x_wconf 82' lang='lat' dir='ltr'>per</span> <span class='ocrx_word' id='word_1_137' title='bbox 1118 1106 1180 1161; x_wconf 87' lang='lat' dir='ltr'>spe</span> 
     </span>
     <span class='ocr_line' id='line_1_25' title="bbox 179 1161 1202 1220; baseline 0.003 -17"><span class='ocrx_word' id='word_1_138' title='bbox 179 1161 288 1204; x_wconf 88' lang='lat' dir='ltr'>ciem</span> <span class='ocrx_word' id='word_1_139' title='bbox 321 1162 611 1206; x_wconf 72' lang='lat' dir='ltr'>constituendae</span> <span class='ocrx_word' id='word_1_140' title='bbox 642 1163 896 1219; x_wconf 86' lang='lat' dir='ltr'>Reipublicae</span> <span class='ocrx_word' id='word_1_141' title='bbox 935 1163 1051 1207; x_wconf 90' lang='lat' dir='ltr'>bellis</span> <span class='ocrx_word' id='word_1_142' title='bbox 1085 1164 1202 1220; x_wconf 87' lang='lat' dir='ltr'>quas-</span> 
     </span>
    </p>
   </div>
   <div class='ocr_carea' id='block_1_12' title="bbox 1256 534 2286 767">
    <p class='ocr_par' dir='ltr' id='par_1_13' title="bbox 1256 534 2286 767">
     <span class='ocr_line' id='line_1_26' title="bbox 1256 534 2284 594; baseline 0.01 -19"><span class='ocrx_word' id='word_1_143' title='bbox 1256 534 1342 576; x_wconf 88' lang='lat' dir='ltr'>vit.</span> <span class='ocrx_word' id='word_1_144' title='bbox 1368 535 1529 579; x_wconf 71' lang='lat' dir='ltr'>Tribus</span> <span class='ocrx_word' id='word_1_145' title='bbox 1551 536 1680 594; x_wconf 85' lang='lat' dir='ltr'>igitur</span> <span class='ocrx_word' id='word_1_146' title='bbox 1713 538 1793 582; x_wconf 79' lang='lat' dir='ltr'>istis</span> <span class='ocrx_word' id='word_1_147' title='bbox 1816 540 2161 594; x_wconf 79' lang='lat' dir='ltr'>appellationibus</span> <span class='ocrx_word' id='word_1_148' title='bbox 2192 543 2284 585; x_wconf 83' lang='lat' dir='ltr'>Im-</span> 
     </span>
     <span class='ocr_line' id='line_1_27' title="bbox 1257 594 2286 652; baseline 0.008 -17"><span class='ocrx_word' id='word_1_149' title='bbox 1257 594 1454 647; x_wconf 84' lang='lat' dir='ltr'>peratoris</span> <span class='ocrx_word' id='word_1_150' title='bbox 1494 610 1670 650; x_wconf 84' lang='lat' dir='ltr'>nempe,</span> <span class='ocrx_word' id='word_1_151' title='bbox 1701 597 1899 650; x_wconf 41' lang='lat' dir='ltr'>Augusti,</span> <span class='ocrx_word' id='word_1_152' title='bbox 1919 597 1962 640; x_wconf 72' lang='grc' dir='ltr'>ὅ(</span> <span class='ocrx_word' id='word_1_153' title='bbox 1993 599 2163 643; x_wconf 81' lang='lat' dir='ltr'>Caesaris</span> <span class='ocrx_word' id='word_1_154' title='bbox 2184 630 2196 652; x_wconf 90' lang='lat'><strong>‚</strong></span> <span class='ocrx_word' id='word_1_155' title='bbox 2229 599 2286 642; x_wconf 86' lang='lat' dir='ltr'>rei</span> 
     </span>
     <span class='ocr_line' id='line_1_28' title="bbox 1257 650 2284 712; baseline 0.01 -20"><span class='ocrx_word' id='word_1_156' title='bbox 1257 650 1453 694; x_wconf 82' lang='lat' dir='ltr'>militaris</span> <span class='ocrx_word' id='word_1_157' title='bbox 1478 652 1692 696; x_wconf 88' lang='lat' dir='ltr'>arbitrium</span> <span class='ocrx_word' id='word_1_158' title='bbox 1709 685 1720 704; x_wconf 81' lang='lat'>,</span> <span class='ocrx_word' id='word_1_159' title='bbox 1756 653 1942 707; x_wconf 87' lang='lat' dir='ltr'>splendor</span> <span class='ocrx_word' id='word_1_160' title='bbox 1968 655 2209 712; x_wconf 83' lang='lat' dir='ltr'>dignitatis,</span> <span class='ocrx_word' id='word_1_161' title='bbox 2240 657 2284 701; x_wconf 89' lang='lat'>&amp;</span> 
     </span>
     <span class='ocr_line' id='line_1_29' title="bbox 1256 708 1799 767; baseline 0.006 -17"><span class='ocrx_word' id='word_1_162' title='bbox 1256 708 1441 754; x_wconf 78' lang='lat' dir='ltr'>successio</span> <span class='ocrx_word' id='word_1_163' title='bbox 1467 709 1772 767; x_wconf 77' lang='lat' dir='ltr'>significabatur</span> <span class='ocrx_word' id='word_1_164' title='bbox 1789 743 1799 753; x_wconf 88' lang='lat'><strong>.</strong></span> 
     </span>
    </p>
   </div>
   <div class='ocr_carea' id='block_1_13' title="bbox 1329 825 2198 972">
    <p class='ocr_par' dir='ltr' id='par_1_14' title="bbox 1329 825 2198 972">
     <span class='ocr_line' id='line_1_30' title="bbox 1428 825 2105 871; baseline 0.004 -2"><span class='ocrx_word' id='word_1_165' title='bbox 1428 825 1470 869; x_wconf 93' lang='lat' dir='ltr'>C</span> <span class='ocrx_word' id='word_1_166' title='bbox 1530 829 1569 871; x_wconf 83' lang='lat' dir='ltr'><strong>A</strong></span> <span class='ocrx_word' id='word_1_167' title='bbox 1632 825 1662 869; x_wconf 89' lang='lat' dir='ltr'>P</span> <span class='ocrx_word' id='word_1_168' title='bbox 1722 828 1766 868; x_wconf 93' lang='lat' dir='ltr'>U</span> <span class='ocrx_word' id='word_1_169' title='bbox 1828 827 1872 868; x_wconf 91' lang='lat' dir='ltr'><strong>T</strong></span> <span class='ocrx_word' id='word_1_170' title='bbox 1960 828 2105 871; x_wconf 88' lang='lat' dir='ltr'><strong>CVI.</strong></span> 
     </span>
     <span class='ocr_line' id='line_1_31' title="bbox 1329 907 2198 972; baseline 0.007 -17"><span class='ocrx_word' id='word_1_171' title='bbox 1329 913 1395 956; x_wconf 80' lang='lat' dir='ltr'>De</span> <span class='ocrx_word' id='word_1_172' title='bbox 1420 907 1670 964; x_wconf 81' lang='lat' dir='ltr'>Pontificatu</span> <span class='ocrx_word' id='word_1_173' title='bbox 1697 913 1882 956; x_wconf 67' lang='lat' dir='ltr'>Maximo</span> <span class='ocrx_word' id='word_1_174' title='bbox 1917 915 2170 972; x_wconf 75' lang='lat' dir='ltr'>Imperatoris</span> <span class='ocrx_word' id='word_1_175' title='bbox 2188 947 2198 960; x_wconf 86' lang='lat'><strong>.</strong></span> 
     </span>
    </p>
   </div>
   <div class='ocr_carea' id='block_1_14' title="bbox 1250 998 2278 1172">
    <p class='ocr_par' dir='ltr' id='par_1_15' title="bbox 1250 998 2278 1172">
     <span class='ocr_line' id='line_1_32' title="bbox 1322 998 2278 1055; baseline 0.003 -12"><span class='ocrx_word' id='word_1_176' title='bbox 1322 998 1646 1055; x_wconf 75' lang='lat' dir='ltr'>eqiuntui·aliae</span> <span class='ocrx_word' id='word_1_177' title='bbox 1671 999 1969 1054; x_wconf 79' lang='lat' dir='ltr'>appellationes</span> <span class='ocrx_word' id='word_1_178' title='bbox 1994 1017 2039 1045; x_wconf 89' lang='lat' dir='ltr'>ea</span> <span class='ocrx_word' id='word_1_179' title='bbox 2070 1001 2154 1054; x_wconf 85' lang='lat' dir='ltr'>jura</span> <span class='ocrx_word' id='word_1_180' title='bbox 2177 1014 2278 1046; x_wconf 87' lang='lat' dir='ltr'>con-</span> 
     </span>
     <span class='ocr_line' id='line_1_33' title="bbox 1351 1058 2276 1114; baseline 0.004 -15"><span class='ocrx_word' id='word_1_181' title='bbox 1351 1059 1527 1102; x_wconf 89' lang='lat' dir='ltr'>tinentes</span> <span class='ocrx_word' id='word_1_182' title='bbox 1556 1089 1564 1103; x_wconf 77' lang='grc'><em>,</em></span> <span class='ocrx_word' id='word_1_183' title='bbox 1599 1058 1743 1111; x_wconf 87' lang='lat' dir='ltr'>quibus</span> <span class='ocrx_word' id='word_1_184' title='bbox 1771 1070 1930 1102; x_wconf 86' lang='lat' dir='ltr'>retenta</span> <span class='ocrx_word' id='word_1_185' title='bbox 1961 1059 2089 1114; x_wconf 88' lang='lat' dir='ltr'>specie</span> <span class='ocrx_word' id='word_1_186' title='bbox 2129 1061 2276 1103; x_wconf 86' lang='lat' dir='ltr'>veteris</span> 
     </span>
     <span class='ocr_line' id='line_1_34' title="bbox 1250 1114 2276 1172; baseline 0.003 -15"><span class='ocrx_word' id='word_1_187' title='bbox 1250 1114 1531 1170; x_wconf 82' lang='lat' dir='ltr'>Reipublicae,</span> <span class='ocrx_word' id='word_1_188' title='bbox 1559 1114 1698 1170; x_wconf 86' lang='lat' dir='ltr'>populi</span> <span class='ocrx_word' id='word_1_189' title='bbox 1727 1130 1773 1157; x_wconf 86' lang='lat' dir='ltr'>ac</span> <span class='ocrx_word' id='word_1_190' title='bbox 1796 1117 1965 1159; x_wconf 88' lang='lat' dir='ltr'>Senatus</span> <span class='ocrx_word' id='word_1_191' title='bbox 1999 1117 2239 1172; x_wconf 84' lang='lat' dir='ltr'>potestatem</span> <span class='ocrx_word' id='word_1_192' title='bbox 2262 1148 2276 1170; x_wconf 93' lang='lat'>‚</span> 
     </span>
    </p>
   </div>
   <div class='ocr_carea' id='block_1_15' title="bbox 1246 1172 2283 1228">
    <p class='ocr_par' dir='ltr' id='par_1_16' title="bbox 1246 1172 2283 1228">
     <span class='ocr_line' id='line_1_35' title="bbox 1246 1172 2283 1228; baseline 0.002 -13"><span class='ocrx_word' id='word_1_193' title='bbox 1246 1172 1291 1215; x_wconf 72' lang='grc' dir='ltr'>ὃ(</span> <span class='ocrx_word' id='word_1_194' title='bbox 1316 1173 1534 1217; x_wconf 86' lang='lat' dir='ltr'>Sacrorum</span> <span class='ocrx_word' id='word_1_195' title='bbox 1557 1172 1778 1215; x_wconf 86' lang='lat' dir='ltr'>arbitrium</span> <span class='ocrx_word' id='word_1_196' title='bbox 1810 1174 2006 1228; x_wconf 83' lang='lat' dir='ltr'>Princeps</span> <span class='ocrx_word' id='word_1_197' title='bbox 2038 1176 2086 1218; x_wconf 84' lang='lat' dir='ltr'>ad</span> <span class='ocrx_word' id='word_1_198' title='bbox 2118 1174 2152 1218; x_wconf 89' lang='lat' dir='ltr'>se</span> <span class='ocrx_word' id='word_1_199' title='bbox 2186 1186 2223 1216; x_wconf 91' lang='lat' dir='ltr'>tr</span> <span class='ocrx_word' id='word_1_200' title='bbox 2237 1189 2283 1217; x_wconf 88' lang='lat' dir='ltr'>a·</span> 
     </span>
    </p>
   </div>
   <div class='ocr_carea' id='block_1_16' title="bbox 177 1219 2284 1410">
    <p class='ocr_par' dir='ltr' id='par_1_17' title="bbox 177 1219 2284 1410">
     <span class='ocr_line' id='line_1_36' title="bbox 177 1219 2284 1287; baseline 0 -14"><span class='ocrx_word' id='word_1_201' title='bbox 177 1219 268 1261; x_wconf 68' lang='lat' dir='ltr'>satae</span> <span class='ocrx_word' id='word_1_202' title='bbox 294 1236 385 1285; x_wconf 32' lang='lat'>2⁶³0</span> <span class='ocrx_word' id='word_1_203' title='bbox 420 1220 617 1285; x_wconf 39' lang='lat' dir='ltr'>dissolu&amp;</span> <span class='ocrx_word' id='word_1_204' title='bbox 655 1221 848 1285; x_wconf 52' lang='lat' dir='ltr'>CiVllibQS</span> <span class='ocrx_word' id='word_1_205' title='bbox 873 1255 885 1276; x_wconf 56' lang='grc' dir='ltr'><strong>υ</strong></span> <span class='ocrx_word' id='word_1_206' title='bbox 927 1222 1166 1286; x_wconf 65' lang='lat' dir='ltr'>TrlUmVlsi</span> <span class='ocrx_word' id='word_1_207' title='bbox 1188 1251 1201 1275; x_wconf 55' lang='grc' dir='ltr'><em>φ</em></span> <span class='ocrx_word' id='word_1_208' title='bbox 1249 1230 1373 1274; x_wconf 90' lang='lat' dir='ltr'>hebat</span> <span class='ocrx_word' id='word_1_209' title='bbox 1402 1263 1411 1274; x_wconf 92' lang='lat'><strong><em>.</em></strong></span> <span class='ocrx_word' id='word_1_210' title='bbox 1446 1232 1580 1287; x_wconf 83' lang='lat' dir='ltr'>Igitur</span> <span class='ocrx_word' id='word_1_211' title='bbox 1617 1246 1709 1273; x_wconf 91' lang='lat' dir='ltr'>cum</span> <span class='ocrx_word' id='word_1_212' title='bbox 1745 1230 2038 1283; x_wconf 82' lang='lat' dir='ltr'>superstitionis</span> <span class='ocrx_word' id='word_1_213' title='bbox 2070 1231 2190 1285; x_wconf 89' lang='lat' dir='ltr'>vim,</span> <span class='ocrx_word' id='word_1_214' title='bbox 2222 1242 2284 1276; x_wconf 89' lang='lat' dir='ltr'>at-</span> 
     </span>
     <span class='ocr_line' id='line_1_37' title="bbox 178 1276 2275 1344; baseline 0 -13"><span class='ocrx_word' id='word_1_215' title='bbox 178 1276 402 1332; x_wconf 55' lang='lat' dir='ltr'>OffiaVfflssae</span> <span class='ocrx_word' id='word_1_216' title='bbox 434 1280 646 1344; x_wconf 50' lang='lat' dir='ltr'>AnfOFUUS</span> <span class='ocrx_word' id='word_1_217' title='bbox 674 1311 686 1331; x_wconf 58' lang='grc' dir='ltr'><strong>ν</strong></span> <span class='ocrx_word' id='word_1_218' title='bbox 719 1281 920 1344; x_wconf 40' lang='grc' dir='ltr'>ῙΛΘΡΧΕῘΗΞ,</span> <span class='ocrx_word' id='word_1_219' title='bbox 952 1281 1072 1335; x_wconf 62' lang='lat' dir='ltr'>9013ss</span> <span class='ocrx_word' id='word_1_220' title='bbox 1111 1280 1200 1344; x_wconf 54' lang='lat' dir='ltr'>sqsst</span> <span class='ocrx_word' id='word_1_221' title='bbox 1246 1304 1323 1344; x_wconf 91' lang='lat' dir='ltr'>que</span> <span class='ocrx_word' id='word_1_222' title='bbox 1347 1289 1580 1343; x_wconf 88' lang='lat' dir='ltr'>potentiam</span> <span class='ocrx_word' id='word_1_223' title='bbox 1614 1288 1657 1330; x_wconf 90' lang='lat' dir='ltr'>in</span> <span class='ocrx_word' id='word_1_224' title='bbox 1693 1287 1922 1343; x_wconf 75' lang='lat' dir='ltr'>subigendis</span> <span class='ocrx_word' id='word_1_225' title='bbox 1955 1290 2109 1333; x_wconf 89' lang='lat' dir='ltr'>animis</span> <span class='ocrx_word' id='word_1_226' title='bbox 2146 1288 2275 1333; x_wconf 89' lang='lat' dir='ltr'>intel-</span> 
     </span>
     <span class='ocr_line' id='line_1_38' title="bbox 177 1337 2276 1410; baseline 0.001 -32"><span class='ocrx_word' id='word_1_227' title='bbox 177 1350 338 1378; x_wconf 86' lang='lat' dir='ltr'>rerum:</span> <span class='ocrx_word' id='word_1_228' title='bbox 361 1349 480 1393; x_wconf 84' lang='lat' dir='ltr'>atque</span> <span class='ocrx_word' id='word_1_229' title='bbox 507 1349 628 1380; x_wconf 82' lang='lat' dir='ltr'>initio</span> <span class='ocrx_word' id='word_1_230' title='bbox 641 1337 980 1382; x_wconf 86' lang='lat' dir='ltr'>Triumviratum</span> <span class='ocrx_word' id='word_1_231' title='bbox 1006 1337 1054 1380; x_wconf 89' lang='lat' dir='ltr'>ad</span> <span class='ocrx_word' id='word_1_232' title='bbox 1079 1353 1200 1393; x_wconf 86' lang='lat' dir='ltr'>qum-</span> <span class='ocrx_word' id='word_1_233' title='bbox 1249 1345 1392 1402; x_wconf 52' lang='lat' dir='ltr'>liget-et</span> <span class='ocrx_word' id='word_1_234' title='bbox 1413 1362 1424 1399; x_wconf 76' lang='lat'><em>3</em></span> <span class='ocrx_word' id='word_1_235' title='bbox 1459 1346 1636 1401; x_wconf 71' lang='lat' dir='ltr'>suscepto</span> <span class='ocrx_word' id='word_1_236' title='bbox 1663 1346 1914 1390; x_wconf 60' lang='lat' dir='ltr'>Ponflficatu</span> <span class='ocrx_word' id='word_1_237' title='bbox 1936 1348 2162 1401; x_wconf 59' lang='lat' dir='ltr'>Maximo,</span> <span class='ocrx_word' id='word_1_238' title='bbox 2186 1362 2276 1410; x_wconf 58' lang='lat' dir='ltr'>po-</span> 
     </span>
    </p>
   </div>
   <div class='ocr_carea' id='block_1_17' title="bbox 177 1393 1217 1457">
    <p class='ocr_par' dir='ltr' id='par_1_18' title="bbox 177 1393 1217 1457">
     <span class='ocr_line' id='line_1_39' title="bbox 177 1393 1217 1457; baseline 0.002 -21"><span class='ocrx_word' id='word_1_239' title='bbox 177 1393 411 1457; x_wconf 80' lang='lat' dir='ltr'>quennium</span> <span class='ocrx_word' id='word_1_240' title='bbox 440 1393 720 1449; x_wconf 88' lang='lat' dir='ltr'>susceperunt,</span> <span class='ocrx_word' id='word_1_241' title='bbox 753 1395 871 1438; x_wconf 91' lang='lat' dir='ltr'>nullo</span> <span class='ocrx_word' id='word_1_242' title='bbox 899 1394 1098 1438; x_wconf 89' lang='lat' dir='ltr'>invidioso</span> <span class='ocrx_word' id='word_1_243' title='bbox 1125 1411 1217 1455; x_wconf 38' lang='lat' dir='ltr'>noy</span> 
     </span>
    </p>
   </div>
   <div class='ocr_carea' id='block_1_18' title="bbox 171 1453 1199 2201">
    <p class='ocr_par' dir='ltr' id='par_1_19' title="bbox 171 1453 1199 2201">
     <span class='ocr_line' id='line_1_40' title="bbox 175 1453 1198 1508; baseline 0.002 -15"><span class='ocrx_word' id='word_1_244' title='bbox 175 1466 292 1494; x_wconf 83' lang='lat' dir='ltr'>mine</span> <span class='ocrx_word' id='word_1_245' title='bbox 338 1466 455 1494; x_wconf 81' lang='lat' dir='ltr'>novae</span> <span class='ocrx_word' id='word_1_246' title='bbox 481 1453 695 1508; x_wconf 83' lang='lat' dir='ltr'>dignitatis</span> <span class='ocrx_word' id='word_1_247' title='bbox 731 1454 927 1497; x_wconf 76' lang='lat' dir='ltr'>assumto.</span> <span class='ocrx_word' id='word_1_248' title='bbox 955 1453 1114 1496; x_wconf 87' lang='lat' dir='ltr'>Deinde</span> <span class='ocrx_word' id='word_1_249' title='bbox 1154 1454 1198 1496; x_wconf 89' lang='lat' dir='ltr'>in</span> 
     </span>
     <span class='ocr_line' id='line_1_41' title="bbox 176 1508 1196 1566; baseline 0.001 -14"><span class='ocrx_word' id='word_1_250' title='bbox 176 1508 288 1552; x_wconf 88' lang='lat' dir='ltr'>aliud</span> <span class='ocrx_word' id='word_1_251' title='bbox 318 1508 653 1565; x_wconf 85' lang='lat' dir='ltr'>quinquennium</span> <span class='ocrx_word' id='word_1_252' title='bbox 693 1511 914 1566; x_wconf 85' lang='lat' dir='ltr'>imperium</span> <span class='ocrx_word' id='word_1_253' title='bbox 957 1511 1025 1553; x_wconf 85' lang='lat' dir='ltr'>sibi</span> <span class='ocrx_word' id='word_1_254' title='bbox 1058 1526 1196 1566; x_wconf 87' lang='lat' dir='ltr'>proro-</span> 
     </span>
     <span class='ocr_line' id='line_1_42' title="bbox 174 1566 1199 1623; baseline 0.002 -15"><span class='ocrx_word' id='word_1_255' title='bbox 174 1578 327 1623; x_wconf 85' lang='lat' dir='ltr'>garunt</span> <span class='ocrx_word' id='word_1_256' title='bbox 353 1598 362 1608; x_wconf 88' lang='lat'><strong><em>.</em></strong></span> <span class='ocrx_word' id='word_1_257' title='bbox 396 1566 589 1611; x_wconf 87' lang='lat' dir='ltr'>Tandem</span> <span class='ocrx_word' id='word_1_258' title='bbox 619 1599 632 1621; x_wconf 83' lang='lat'>,</span> <span class='ocrx_word' id='word_1_259' title='bbox 663 1568 846 1622; x_wconf 82' lang='lat' dir='ltr'>oppresso</span> <span class='ocrx_word' id='word_1_260' title='bbox 885 1569 1036 1623; x_wconf 69' lang='lat' dir='ltr'>Lepido</span> <span class='ocrx_word' id='word_1_261' title='bbox 1063 1600 1074 1621; x_wconf 88' lang='lat'>,</span> <span class='ocrx_word' id='word_1_262' title='bbox 1108 1571 1199 1611; x_wconf 89' lang='lat' dir='ltr'>An-</span> 
     </span>
     <span class='ocr_line' id='line_1_43' title="bbox 174 1624 1196 1682; baseline 0.002 -16"><span class='ocrx_word' id='word_1_263' title='bbox 174 1624 373 1680; x_wconf 90' lang='lat' dir='ltr'>toniOque</span> <span class='ocrx_word' id='word_1_264' title='bbox 408 1625 569 1669; x_wconf 69' lang='lat' dir='ltr'>devi&amp;o</span> <span class='ocrx_word' id='word_1_265' title='bbox 594 1656 607 1678; x_wconf 87' lang='lat'>‚</span> <span class='ocrx_word' id='word_1_266' title='bbox 654 1625 812 1669; x_wconf 87' lang='lat' dir='ltr'>summa</span> <span class='ocrx_word' id='word_1_267' title='bbox 847 1625 1100 1682; x_wconf 83' lang='lat' dir='ltr'>Reipublicae</span> <span class='ocrx_word' id='word_1_268' title='bbox 1149 1627 1196 1668; x_wconf 86' lang='lat' dir='ltr'>ad</span> 
     </span>
     <span class='ocr_line' id='line_1_44' title="bbox 173 1682 1193 1737; baseline 0.001 -13"><span class='ocrx_word' id='word_1_269' title='bbox 173 1682 398 1725; x_wconf 59' lang='lat' dir='ltr'>oetavium</span> <span class='ocrx_word' id='word_1_270' title='bbox 441 1682 608 1727; x_wconf 89' lang='lat' dir='ltr'>devenit</span> <span class='ocrx_word' id='word_1_271' title='bbox 639 1714 649 1726; x_wconf 87' lang='lat'><strong><em>.</em></strong></span> <span class='ocrx_word' id='word_1_272' title='bbox 695 1687 734 1726; x_wconf 92' lang='lat' dir='ltr'>ls</span> <span class='ocrx_word' id='word_1_273' title='bbox 768 1698 908 1727; x_wconf 89' lang='lat' dir='ltr'>autem</span> <span class='ocrx_word' id='word_1_274' title='bbox 943 1716 955 1737; x_wconf 87' lang='lat'>,</span> <span class='ocrx_word' id='word_1_275' title='bbox 1007 1696 1049 1726; x_wconf 87' lang='lat' dir='ltr'>ut</span> <span class='ocrx_word' id='word_1_276' title='bbox 1082 1683 1193 1726; x_wconf 87' lang='lat' dir='ltr'>invi-</span> 
     </span>
     <span class='ocr_line' id='line_1_45' title="bbox 173 1738 1195 1796; baseline 0.002 -15"><span class='ocrx_word' id='word_1_277' title='bbox 173 1738 250 1782; x_wconf 81' lang='lat' dir='ltr'>diae</span> <span class='ocrx_word' id='word_1_278' title='bbox 301 1738 480 1794; x_wconf 85' lang='lat' dir='ltr'>pericula</span> <span class='ocrx_word' id='word_1_279' title='bbox 525 1741 711 1796; x_wconf 84' lang='lat' dir='ltr'>vitaret,</span> <span class='ocrx_word' id='word_1_280' title='bbox 758 1741 826 1785; x_wconf 88' lang='lat' dir='ltr'>sibi</span> <span class='ocrx_word' id='word_1_281' title='bbox 870 1742 918 1785; x_wconf 83' lang='lat' dir='ltr'>ad</span> <span class='ocrx_word' id='word_1_282' title='bbox 949 1741 1195 1785; x_wconf 90' lang='lat' dir='ltr'>decennium</span> 
     </span>
     <span class='ocr_line' id='line_1_46' title="bbox 173 1796 1193 1854; baseline 0.002 -16"><span class='ocrx_word' id='word_1_283' title='bbox 173 1796 413 1851; x_wconf 87' lang='lat' dir='ltr'>suscipiebat</span> <span class='ocrx_word' id='word_1_284' title='bbox 446 1797 670 1854; x_wconf 89' lang='lat' dir='ltr'>imperium</span> <span class='ocrx_word' id='word_1_285' title='bbox 701 1831 713 1854; x_wconf 86' lang='lat'>‚</span> <span class='ocrx_word' id='word_1_286' title='bbox 744 1799 858 1842; x_wconf 91' lang='lat' dir='ltr'>denis</span> <span class='ocrx_word' id='word_1_287' title='bbox 877 1800 996 1842; x_wconf 85' lang='lat' dir='ltr'>annis</span> <span class='ocrx_word' id='word_1_288' title='bbox 1023 1811 1113 1840; x_wconf 87' lang='lat' dir='ltr'>tota</span> <span class='ocrx_word' id='word_1_289' title='bbox 1133 1799 1193 1840; x_wconf 87' lang='lat' dir='ltr'>vi-</span> 
     </span>
     <span class='ocr_line' id='line_1_47' title="bbox 174 1854 1195 1910; baseline 0 -12"><span class='ocrx_word' id='word_1_290' title='bbox 174 1867 217 1898; x_wconf 88' lang='lat' dir='ltr'>ta</span> <span class='ocrx_word' id='word_1_291' title='bbox 252 1867 519 1910; x_wconf 84' lang='lat' dir='ltr'>prorogatum</span> <span class='ocrx_word' id='word_1_292' title='bbox 548 1872 558 1896; x_wconf 86' lang='lat'>:</span> <span class='ocrx_word' id='word_1_293' title='bbox 596 1870 646 1899; x_wconf 91' lang='lat' dir='ltr'>ne</span> <span class='ocrx_word' id='word_1_294' title='bbox 677 1868 748 1900; x_wconf 89' lang='lat' dir='ltr'>aut</span> <span class='ocrx_word' id='word_1_295' title='bbox 790 1856 990 1900; x_wconf 70' lang='lat' dir='ltr'>abstulisse</span> <span class='ocrx_word' id='word_1_296' title='bbox 1025 1854 1195 1898; x_wconf 84' lang='lat' dir='ltr'>liberta-</span> 
     </span>
     <span class='ocr_line' id='line_1_48' title="bbox 174 1912 1193 1969; baseline -0.001 -14"><span class='ocrx_word' id='word_1_297' title='bbox 174 1923 260 1956; x_wconf 87' lang='lat' dir='ltr'>tern</span> <span class='ocrx_word' id='word_1_298' title='bbox 309 1912 460 1968; x_wconf 88' lang='lat' dir='ltr'>populo</span> <span class='ocrx_word' id='word_1_299' title='bbox 495 1913 702 1960; x_wconf 85' lang='lat' dir='ltr'>videretur</span> <span class='ocrx_word' id='word_1_300' title='bbox 733 1946 745 1968; x_wconf 92' lang='lat'>,</span> <span class='ocrx_word' id='word_1_301' title='bbox 787 1927 857 1958; x_wconf 89' lang='lat' dir='ltr'>aut</span> <span class='ocrx_word' id='word_1_302' title='bbox 906 1914 1038 1958; x_wconf 88' lang='lat' dir='ltr'>eidem</span> <span class='ocrx_word' id='word_1_303' title='bbox 1086 1913 1193 1969; x_wconf 88' lang='lat' dir='ltr'>spem</span> 
     </span>
     <span class='ocr_line' id='line_1_49' title="bbox 173 1969 1194 2027; baseline 0 -14"><span class='ocrx_word' id='word_1_304' title='bbox 173 1984 357 2026; x_wconf 91' lang='lat' dir='ltr'>unquam</span> <span class='ocrx_word' id='word_1_305' title='bbox 391 1969 591 2015; x_wconf 85' lang='lat' dir='ltr'>adimeret</span> <span class='ocrx_word' id='word_1_306' title='bbox 629 1971 873 2025; x_wconf 66' lang='lat' dir='ltr'>recipiendae</span> <span class='ocrx_word' id='word_1_307' title='bbox 917 1972 1091 2027; x_wconf 80' lang='lat' dir='ltr'>pristinae</span> <span class='ocrx_word' id='word_1_308' title='bbox 1125 1987 1194 2024; x_wconf 90' lang='lat' dir='ltr'>po-</span> 
     </span>
     <span class='ocr_line' id='line_1_50' title="bbox 174 2027 1188 2084; baseline 0.001 -14"><span class='ocrx_word' id='word_1_309' title='bbox 174 2027 326 2070; x_wconf 76' lang='lat' dir='ltr'>testatis</span> <span class='ocrx_word' id='word_1_310' title='bbox 352 2042 364 2081; x_wconf 82' lang='lat'>3</span> <span class='ocrx_word' id='word_1_311' title='bbox 396 2043 522 2083; x_wconf 83' lang='lat' dir='ltr'>quam</span> <span class='ocrx_word' id='word_1_312' title='bbox 556 2044 637 2071; x_wconf 92' lang='lat' dir='ltr'>non</span> <span class='ocrx_word' id='word_1_313' title='bbox 665 2028 846 2081; x_wconf 75' lang='lat' dir='ltr'>abjecisse</span> <span class='ocrx_word' id='word_1_314' title='bbox 871 2062 883 2084; x_wconf 90' lang='lat'>,</span> <span class='ocrx_word' id='word_1_315' title='bbox 916 2029 976 2072; x_wconf 90' lang='lat' dir='ltr'>sed</span> <span class='ocrx_word' id='word_1_316' title='bbox 1010 2029 1057 2072; x_wconf 83' lang='lat' dir='ltr'>ad</span> <span class='ocrx_word' id='word_1_317' title='bbox 1089 2041 1188 2071; x_wconf 88' lang='lat' dir='ltr'>tem-</span> 
     </span>
     <span class='ocr_line' id='line_1_51' title="bbox 171 2084 1192 2140; baseline 0 -12"><span class='ocrx_word' id='word_1_318' title='bbox 171 2099 246 2140; x_wconf 88' lang='lat' dir='ltr'>pus</span> <span class='ocrx_word' id='word_1_319' title='bbox 277 2084 494 2139; x_wconf 76' lang='lat' dir='ltr'>deposuisse</span> <span class='ocrx_word' id='word_1_320' title='bbox 537 2086 580 2129; x_wconf 91' lang='lat' dir='ltr'>in</span> <span class='ocrx_word' id='word_1_321' title='bbox 614 2088 735 2131; x_wconf 85' lang='lat' dir='ltr'>unius</span> <span class='ocrx_word' id='word_1_322' title='bbox 759 2103 885 2131; x_wconf 91' lang='lat' dir='ltr'>manu</span> <span class='ocrx_word' id='word_1_323' title='bbox 931 2087 997 2130; x_wconf 83' lang='lat' dir='ltr'>fibi</span> <span class='ocrx_word' id='word_1_324' title='bbox 1032 2087 1192 2129; x_wconf 85' lang='lat' dir='ltr'>videba-</span> 
     </span>
     <span class='ocr_line' id='line_1_52' title="bbox 172 2143 1191 2201; baseline 0.002 -17"><span class='ocrx_word' id='word_1_325' title='bbox 172 2154 267 2185; x_wconf 86' lang='lat' dir='ltr'>tur.</span> <span class='ocrx_word' id='word_1_326' title='bbox 301 2143 358 2186; x_wconf 86' lang='lat' dir='ltr'>Et</span> <span class='ocrx_word' id='word_1_327' title='bbox 393 2144 584 2200; x_wconf 80' lang='lat' dir='ltr'>quamvis</span> <span class='ocrx_word' id='word_1_328' title='bbox 607 2145 866 2189; x_wconf 55' lang='lat' dir='ltr'>Disiatorern</span> <span class='ocrx_word' id='word_1_329' title='bbox 898 2144 1036 2201; x_wconf 70' lang='lat' dir='ltr'>egisset</span> <span class='ocrx_word' id='word_1_330' title='bbox 1067 2144 1191 2187; x_wconf 64' lang='lat' dir='ltr'>Och-</span> 
     </span>
    </p>
   </div>
   <div class='ocr_carea' id='block_1_19' title="bbox 171 2200 1257 2256">
    <p class='ocr_par' dir='ltr' id='par_1_20' title="bbox 171 2200 1257 2256">
     <span class='ocr_line' id='line_1_53' title="bbox 171 2200 1257 2256; baseline 0.002 -14"><span class='ocrx_word' id='word_1_331' title='bbox 171 2200 308 2253; x_wconf 84' lang='lat' dir='ltr'>vius;</span> <span class='ocrx_word' id='word_1_332' title='bbox 357 2215 572 2256; x_wconf 78' lang='lat' dir='ltr'>nunquam</span> <span class='ocrx_word' id='word_1_333' title='bbox 615 2215 756 2246; x_wconf 89' lang='lat' dir='ltr'>tamen</span> <span class='ocrx_word' id='word_1_334' title='bbox 793 2202 1053 2246; x_wconf 84' lang='lat' dir='ltr'>formidabile</span> <span class='ocrx_word' id='word_1_335' title='bbox 1110 2200 1190 2252; x_wconf 84' lang='lat' dir='ltr'>jam</span> <span class='ocrx_word' id='word_1_336' title='bbox 1254 2249 1257 2252; x_wconf 55' lang='grc'><strong>,</strong></span> 
     </span>
    </p>
   </div>
   <div class='ocr_carea' id='block_1_20' title="bbox 161 2257 1193 3185">
    <p class='ocr_par' dir='ltr' id='par_1_21' title="bbox 161 2257 1193 3185">
     <span class='ocr_line' id='line_1_54' title="bbox 169 2257 804 2304; baseline 0.005 -5"><span class='ocrx_word' id='word_1_337' title='bbox 169 2257 398 2300; x_wconf 64' lang='grc' dir='ltr'>Βὶἑῖαῐοτίε</span> <span class='ocrx_word' id='word_1_338' title='bbox 428 2274 583 2302; x_wconf 88' lang='lat' dir='ltr'>nomen</span> <span class='ocrx_word' id='word_1_339' title='bbox 608 2260 767 2304; x_wconf 79' lang='lat' dir='ltr'>admisit</span> <span class='ocrx_word' id='word_1_340' title='bbox 793 2277 804 2302; x_wconf 76' lang='lat' dir='ltr'>t</span> 
     </span>
     <span class='ocr_line' id='line_1_55' title="bbox 169 2313 1193 2372; baseline 0.004 -17"><span class='ocrx_word' id='word_1_341' title='bbox 169 2313 326 2357; x_wconf 79' lang='lat' dir='ltr'>sublata</span> <span class='ocrx_word' id='word_1_342' title='bbox 355 2345 367 2367; x_wconf 89' lang='lat'>,</span> <span class='ocrx_word' id='word_1_343' title='bbox 399 2315 539 2358; x_wconf 88' lang='lat' dir='ltr'>odium</span> <span class='ocrx_word' id='word_1_344' title='bbox 572 2330 829 2372; x_wconf 87' lang='lat' dir='ltr'>removeret,</span> <span class='ocrx_word' id='word_1_345' title='bbox 861 2329 1079 2361; x_wconf 89' lang='lat' dir='ltr'>contentus</span> <span class='ocrx_word' id='word_1_346' title='bbox 1108 2319 1193 2359; x_wconf 91' lang='lat' dir='ltr'>Im-</span> 
     </span>
     <span class='ocr_line' id='line_1_56' title="bbox 167 2372 1193 2431; baseline 0.004 -18"><span class='ocrx_word' id='word_1_347' title='bbox 167 2372 366 2427; x_wconf 80' lang='lat' dir='ltr'>peratoris</span> <span class='ocrx_word' id='word_1_348' title='bbox 413 2373 588 2418; x_wconf 88' lang='lat' dir='ltr'>nomine</span> <span class='ocrx_word' id='word_1_349' title='bbox 627 2375 748 2431; x_wconf 87' lang='lat' dir='ltr'>longe</span> <span class='ocrx_word' id='word_1_350' title='bbox 786 2375 987 2428; x_wconf 80' lang='lat' dir='ltr'>mitiori3</span> <span class='ocrx_word' id='word_1_351' title='bbox 1037 2383 1118 2431; x_wconf 85' lang='lat' dir='ltr'>quo</span> <span class='ocrx_word' id='word_1_352' title='bbox 1152 2389 1193 2417; x_wconf 90' lang='lat' dir='ltr'>re</span> 
     </span>
     <span class='ocr_line' id='line_1_57' title="bbox 165 2429 1191 2486; baseline 0.003 -14"><span class='ocrx_word' id='word_1_353' title='bbox 165 2430 267 2473; x_wconf 89' lang='lat' dir='ltr'>bene</span> <span class='ocrx_word' id='word_1_354' title='bbox 297 2429 406 2486; x_wconf 80' lang='lat' dir='ltr'>gesta</span> <span class='ocrx_word' id='word_1_355' title='bbox 458 2432 592 2475; x_wconf 81' lang='lat' dir='ltr'>Duces</span> <span class='ocrx_word' id='word_1_356' title='bbox 633 2450 656 2477; x_wconf 85' lang='lat' dir='ltr'>a</span> <span class='ocrx_word' id='word_1_357' title='bbox 688 2433 890 2477; x_wconf 85' lang='lat' dir='ltr'>militibus</span> <span class='ocrx_word' id='word_1_358' title='bbox 942 2448 1026 2477; x_wconf 91' lang='lat' dir='ltr'>non</span> <span class='ocrx_word' id='word_1_359' title='bbox 1061 2431 1191 2476; x_wconf 90' lang='lat' dir='ltr'>solum</span> 
     </span>
     <span class='ocr_line' id='line_1_58' title="bbox 166 2487 1188 2544; baseline 0.003 -14"><span class='ocrx_word' id='word_1_360' title='bbox 166 2487 212 2530; x_wconf 88' lang='lat' dir='ltr'>in</span> <span class='ocrx_word' id='word_1_361' title='bbox 244 2487 374 2532; x_wconf 87' lang='lat' dir='ltr'>libera</span> <span class='ocrx_word' id='word_1_362' title='bbox 400 2488 660 2544; x_wconf 79' lang='lat' dir='ltr'>Republica3</span> <span class='ocrx_word' id='word_1_363' title='bbox 697 2491 757 2535; x_wconf 90' lang='lat' dir='ltr'>sed</span> <span class='ocrx_word' id='word_1_364' title='bbox 783 2492 910 2536; x_wconf 84' lang='lat' dir='ltr'>etiam</span> <span class='ocrx_word' id='word_1_365' title='bbox 945 2491 1012 2536; x_wconf 89' lang='lat' dir='ltr'>sub</span> <span class='ocrx_word' id='word_1_366' title='bbox 1034 2490 1188 2534; x_wconf 89' lang='lat' dir='ltr'>Princi-</span> 
     </span>
     <span class='ocr_line' id='line_1_59' title="bbox 165 2545 1187 2606; baseline 0.001 -17"><span class='ocrx_word' id='word_1_367' title='bbox 165 2545 284 2601; x_wconf 77' lang='lat' dir='ltr'>pibus</span> <span class='ocrx_word' id='word_1_368' title='bbox 304 2578 317 2601; x_wconf 85' lang='lat'>,</span> <span class='ocrx_word' id='word_1_369' title='bbox 348 2547 402 2589; x_wconf 91' lang='lat' dir='ltr'>ob</span> <span class='ocrx_word' id='word_1_370' title='bbox 434 2545 795 2594; x_wconf 84' lang='lat' dir='ltr'>honorificentiam</span> <span class='ocrx_word' id='word_1_371' title='bbox 840 2549 1152 2606; x_wconf 81' lang='lat' dir='ltr'>appellabantur</span> <span class='ocrx_word' id='word_1_372' title='bbox 1178 2564 1187 2590; x_wconf 92' lang='lat'>:</span> 
     </span>
     <span class='ocr_line' id='line_1_60' title="bbox 168 2604 1192 2663; baseline 0.006 -18"><span class='ocrx_word' id='word_1_373' title='bbox 168 2604 274 2647; x_wconf 88' lang='lat' dir='ltr'>unde</span> <span class='ocrx_word' id='word_1_374' title='bbox 322 2604 371 2646; x_wconf 87' lang='lat' dir='ltr'>ad</span> <span class='ocrx_word' id='word_1_375' title='bbox 413 2604 681 2651; x_wconf 62' lang='lat' dir='ltr'>vistoriarum</span> <span class='ocrx_word' id='word_1_376' title='bbox 733 2623 951 2652; x_wconf 89' lang='lat' dir='ltr'>numerum</span> <span class='ocrx_word' id='word_1_377' title='bbox 1000 2607 1192 2663; x_wconf 43' lang='lat' dir='ltr'>,legimus</span> 
     </span>
     <span class='ocr_line' id='line_1_61' title="bbox 168 2660 1190 2723; baseline 0.007 -21"><span class='ocrx_word' id='word_1_378' title='bbox 168 2660 322 2715; x_wconf 85' lang='lat' dir='ltr'>semel,</span> <span class='ocrx_word' id='word_1_379' title='bbox 357 2662 443 2716; x_wconf 91' lang='lat' dir='ltr'>bis,</span> <span class='ocrx_word' id='word_1_380' title='bbox 476 2677 538 2707; x_wconf 86' lang='lat' dir='ltr'>ter</span> <span class='ocrx_word' id='word_1_381' title='bbox 559 2697 572 2719; x_wconf 90' lang='lat'>‚</span> <span class='ocrx_word' id='word_1_382' title='bbox 602 2679 773 2722; x_wconf 84' lang='lat' dir='ltr'>quater,</span> <span class='ocrx_word' id='word_1_383' title='bbox 805 2665 1026 2723; x_wconf 81' lang='lat' dir='ltr'>quinquies</span> <span class='ocrx_word' id='word_1_384' title='bbox 1052 2669 1190 2719; x_wconf 91' lang='lat' dir='ltr'>Impe-</span> 
     </span>
     <span class='ocr_line' id='line_1_62' title="bbox 164 2720 1191 2781; baseline 0.005 -20"><span class='ocrx_word' id='word_1_385' title='bbox 164 2731 321 2762; x_wconf 84' lang='lat' dir='ltr'>ratores</span> <span class='ocrx_word' id='word_1_386' title='bbox 353 2720 578 2781; x_wconf 71' lang='lat' dir='ltr'>appellatos</span> <span class='ocrx_word' id='word_1_387' title='bbox 611 2755 620 2765; x_wconf 86' lang='lat'><strong>.</strong></span> <span class='ocrx_word' id='word_1_388' title='bbox 654 2725 749 2780; x_wconf 83' lang='lat' dir='ltr'>Quo</span> <span class='ocrx_word' id='word_1_389' title='bbox 789 2724 927 2768; x_wconf 80' lang='lat' dir='ltr'>effecit</span> <span class='ocrx_word' id='word_1_390' title='bbox 954 2757 966 2778; x_wconf 92' lang='lat'>,</span> <span class='ocrx_word' id='word_1_391' title='bbox 999 2737 1043 2767; x_wconf 92' lang='lat' dir='ltr'>ut</span> <span class='ocrx_word' id='word_1_392' title='bbox 1077 2723 1191 2767; x_wconf 87' lang='lat' dir='ltr'>rnili-</span> 
     </span>
     <span class='ocr_line' id='line_1_63' title="bbox 165 2776 1188 2835; baseline 0.006 -17"><span class='ocrx_word' id='word_1_393' title='bbox 165 2776 264 2819; x_wconf 87' lang='lat' dir='ltr'>taris</span> <span class='ocrx_word' id='word_1_394' title='bbox 296 2788 428 2833; x_wconf 84' lang='lat' dir='ltr'>potius</span> <span class='ocrx_word' id='word_1_395' title='bbox 465 2778 634 2823; x_wconf 77' lang='lat' dir='ltr'>honoris</span> <span class='ocrx_word' id='word_1_396' title='bbox 656 2812 668 2833; x_wconf 96' lang='lat'>,</span> <span class='ocrx_word' id='word_1_397' title='bbox 701 2798 746 2825; x_wconf 89' lang='lat' dir='ltr'>ac</span> <span class='ocrx_word' id='word_1_398' title='bbox 774 2780 982 2826; x_wconf 84' lang='lat' dir='ltr'>felicitatis</span> <span class='ocrx_word' id='word_1_399' title='bbox 1007 2797 1188 2835; x_wconf 89' lang='lat' dir='ltr'>nomen,</span> 
     </span>
     <span class='ocr_line' id='line_1_64' title="bbox 164 2835 1187 2893; baseline 0.005 -15"><span class='ocrx_word' id='word_1_400' title='bbox 164 2849 292 2891; x_wconf 86' lang='lat' dir='ltr'>quam</span> <span class='ocrx_word' id='word_1_401' title='bbox 324 2835 528 2887; x_wconf 86' lang='lat' dir='ltr'>potestatis</span> <span class='ocrx_word' id='word_1_402' title='bbox 565 2838 748 2893; x_wconf 83' lang='lat' dir='ltr'>praeferre</span> <span class='ocrx_word' id='word_1_403' title='bbox 776 2839 1006 2882; x_wconf 89' lang='lat' dir='ltr'>videretur.</span> <span class='ocrx_word' id='word_1_404' title='bbox 1043 2840 1187 2884; x_wconf 81' lang='lat' dir='ltr'>Praete-</span> 
     </span>
     <span class='ocr_line' id='line_1_65' title="bbox 162 2891 1186 2950; baseline 0.005 -13"><span class='ocrx_word' id='word_1_405' title='bbox 162 2908 257 2943; x_wconf 80' lang='lat' dir='ltr'>rea,</span> <span class='ocrx_word' id='word_1_406' title='bbox 282 2904 326 2935; x_wconf 91' lang='lat' dir='ltr'>ut</span> <span class='ocrx_word' id='word_1_407' title='bbox 345 2891 542 2937; x_wconf 61' lang='lat' dir='ltr'>Offiavius</span> <span class='ocrx_word' id='word_1_408' title='bbox 561 2927 573 2948; x_wconf 88' lang='lat'>‚</span> <span class='ocrx_word' id='word_1_409' title='bbox 607 2894 690 2946; x_wconf 80' lang='lat' dir='ltr'>jam</span> <span class='ocrx_word' id='word_1_410' title='bbox 715 2896 933 2940; x_wconf 84' lang='lat' dir='ltr'>nationum</span> <span class='ocrx_word' id='word_1_411' title='bbox 958 2897 1151 2941; x_wconf 87' lang='lat' dir='ltr'>omnium</span> <span class='ocrx_word' id='word_1_412' title='bbox 1173 2928 1186 2950; x_wconf 91' lang='lat'>‚</span> 
     </span>
     <span class='ocr_line' id='line_1_66' title="bbox 166 2950 1186 3005; baseline 0.006 -12"><span class='ocrx_word' id='word_1_413' title='bbox 166 2950 325 2994; x_wconf 52' lang='lat' dir='ltr'>suba&amp;</span> <span class='ocrx_word' id='word_1_414' title='bbox 362 2951 491 3005; x_wconf 88' lang='lat' dir='ltr'>patria</span> <span class='ocrx_word' id='word_1_415' title='bbox 513 2983 525 3005; x_wconf 92' lang='lat'>,</span> <span class='ocrx_word' id='word_1_416' title='bbox 559 2952 690 2995; x_wconf 62' lang='lat' dir='ltr'>vietor</span> <span class='ocrx_word' id='word_1_417' title='bbox 713 2953 992 2999; x_wconf 76' lang='lat' dir='ltr'>secerneretur.</span> <span class='ocrx_word' id='word_1_418' title='bbox 1023 2972 1044 2998; x_wconf 91' lang='lat' dir='ltr'>a</span> <span class='ocrx_word' id='word_1_419' title='bbox 1076 2969 1186 2999; x_wconf 89' lang='lat' dir='ltr'>cete-</span> 
     </span>
     <span class='ocr_line' id='line_1_67' title="bbox 163 3007 1184 3066; baseline 0.003 -13"><span class='ocrx_word' id='word_1_420' title='bbox 163 3009 219 3053; x_wconf 81' lang='lat' dir='ltr'>ris</span> <span class='ocrx_word' id='word_1_421' title='bbox 255 3007 539 3062; x_wconf 80' lang='lat' dir='ltr'>mortalibus;</span> <span class='ocrx_word' id='word_1_422' title='bbox 582 3010 679 3066; x_wconf 90' lang='lat' dir='ltr'>quia</span> <span class='ocrx_word' id='word_1_423' title='bbox 709 3011 881 3055; x_wconf 87' lang='lat' dir='ltr'>Romuli</span> <span class='ocrx_word' id='word_1_424' title='bbox 926 3027 1080 3056; x_wconf 91' lang='lat' dir='ltr'>nornen</span> <span class='ocrx_word' id='word_1_425' title='bbox 1123 3028 1184 3056; x_wconf 88' lang='lat' dir='ltr'>re·</span> 
     </span>
     <span class='ocr_line' id='line_1_68' title="bbox 165 3067 1182 3123; baseline 0.002 -13"><span class='ocrx_word' id='word_1_426' title='bbox 165 3067 324 3123; x_wconf 87' lang='lat' dir='ltr'>spuerat</span> <span class='ocrx_word' id='word_1_427' title='bbox 349 3097 362 3120; x_wconf 93' lang='lat'>,</span> <span class='ocrx_word' id='word_1_428' title='bbox 408 3082 457 3110; x_wconf 90' lang='lat' dir='ltr'>ne</span> <span class='ocrx_word' id='word_1_429' title='bbox 490 3067 608 3123; x_wconf 76' lang='lat' dir='ltr'>regiae</span> <span class='ocrx_word' id='word_1_430' title='bbox 640 3069 851 3113; x_wconf 81' lang='lat' dir='ltr'>memoriae</span> <span class='ocrx_word' id='word_1_431' title='bbox 884 3068 1032 3114; x_wconf 90' lang='lat' dir='ltr'>subiret</span> <span class='ocrx_word' id='word_1_432' title='bbox 1074 3069 1182 3114; x_wconf 85' lang='lat' dir='ltr'>invi·</span> 
     </span>
     <span class='ocr_line' id='line_1_69' title="bbox 161 3125 1182 3185; baseline 0.001 -14"><span class='ocrx_word' id='word_1_433' title='bbox 161 3125 307 3181; x_wconf 79' lang='lat' dir='ltr'>diam,</span> <span class='ocrx_word' id='word_1_434' title='bbox 341 3125 546 3184; x_wconf 85' lang='lat' dir='ltr'>Augustus</span> <span class='ocrx_word' id='word_1_435' title='bbox 571 3126 773 3184; x_wconf 86' lang='lat' dir='ltr'>appellari</span> <span class='ocrx_word' id='word_1_436' title='bbox 810 3126 994 3185; x_wconf 78' lang='lat' dir='ltr'>maluit,</span> <span class='ocrx_word' id='word_1_437' title='bbox 1042 3127 1182 3175; x_wconf 86' lang='lat' dir='ltr'>conse-</span> 
     </span>
    </p>
   </div>
   <div class='ocr_carea' id='block_1_21' title="bbox 839 2258 1192 2314">
    <p class='ocr_par' dir='ltr' id='par_1_22' title="bbox 839 2258 1192 2314">
     <span class='ocr_line' id='line_1_70' title="bbox 839 2258 1192 2314; baseline -0.003 -11"><span class='ocrx_word' id='word_1_438' title='bbox 839 2273 883 2304; x_wconf 90' lang='lat' dir='ltr'>ut</span> <span class='ocrx_word' id='word_1_439' title='bbox 915 2258 1192 2314; x_wconf 86' lang='lat' dir='ltr'>appellatione</span> 
     </span>
    </p>
   </div>
   <div class='ocr_carea' id='block_1_22' title="bbox 1208 2774 1221 2981">
    <p class='ocr_par' dir='ltr' id='par_1_23' title="bbox 1208 2774 1221 2981">
     <span class='ocr_line' id='line_1_71' title="bbox 1208 2774 1221 2981; baseline 0 498"><span class='ocrx_word' id='word_1_440' title='bbox 1208 2774 1221 2981; x_wconf 95' lang='lat' dir='ltr'> </span> 
     </span>
    </p>
   </div>
   <div class='ocr_carea' id='block_1_23' title="bbox 1200 3035 1217 3239">
    <p class='ocr_par' dir='ltr' id='par_1_24' title="bbox 1200 3035 1217 3239">
     <span class='ocr_line' id='line_1_72' title="bbox 1200 3035 1217 3239; baseline 0 240"><span class='ocrx_word' id='word_1_441' title='bbox 1200 3035 1217 3239; x_wconf 95' lang='lat' dir='ltr'> </span> 
     </span>
    </p>
   </div>
   <div class='ocr_carea' id='block_1_24' title="bbox 1244 1404 2275 1806">
    <p class='ocr_par' dir='ltr' id='par_1_25' title="bbox 1244 1404 2275 1806">
     <span class='ocr_line' id='line_1_73' title="bbox 1247 1404 2274 1458; baseline 0.002 -12"><span class='ocrx_word' id='word_1_442' title='bbox 1247 1404 1432 1447; x_wconf 79' lang='lat' dir='ltr'>testatem</span> <span class='ocrx_word' id='word_1_443' title='bbox 1468 1405 1640 1458; x_wconf 87' lang='lat' dir='ltr'>arripuit</span> <span class='ocrx_word' id='word_1_444' title='bbox 1684 1404 1902 1447; x_wconf 86' lang='lat' dir='ltr'>Sacrorum</span> <span class='ocrx_word' id='word_1_445' title='bbox 1943 1420 1951 1445; x_wconf 76' lang='grc' dir='ltr'><em>τ</em></span> <span class='ocrx_word' id='word_1_446' title='bbox 2000 1419 2044 1448; x_wconf 91' lang='lat' dir='ltr'>ut</span> <span class='ocrx_word' id='word_1_447' title='bbox 2077 1419 2218 1448; x_wconf 82' lang='lat' dir='ltr'>omnis</span> <span class='ocrx_word' id='word_1_448' title='bbox 2249 1420 2274 1448; x_wconf 88' lang='lat' dir='ltr'>a</span> 
     </span>
     <span class='ocr_line' id='line_1_74' title="bbox 1249 1461 2275 1518; baseline 0.001 -15"><span class='ocrx_word' id='word_1_449' title='bbox 1249 1462 1436 1517; x_wconf 90' lang='lat' dir='ltr'>Principe</span> <span class='ocrx_word' id='word_1_450' title='bbox 1468 1461 1617 1518; x_wconf 86' lang='lat' dir='ltr'>religio</span> <span class='ocrx_word' id='word_1_451' title='bbox 1666 1461 1986 1516; x_wconf 81' lang='lat' dir='ltr'>proficisceretur</span> <span class='ocrx_word' id='word_1_452' title='bbox 2010 1493 2022 1514; x_wconf 92' lang='lat'>,</span> <span class='ocrx_word' id='word_1_453' title='bbox 2069 1461 2275 1513; x_wconf 83' lang='lat' dir='ltr'>ejusdem-</span> 
     </span>
     <span class='ocr_line' id='line_1_75' title="bbox 1245 1518 2269 1575; baseline -0.001 -12"><span class='ocrx_word' id='word_1_454' title='bbox 1245 1535 1323 1575; x_wconf 88' lang='lat' dir='ltr'>que</span> <span class='ocrx_word' id='word_1_455' title='bbox 1353 1521 1581 1575; x_wconf 86' lang='lat' dir='ltr'>Imperium</span> <span class='ocrx_word' id='word_1_456' title='bbox 1609 1535 1631 1562; x_wconf 90' lang='lat' dir='ltr'>a</span> <span class='ocrx_word' id='word_1_457' title='bbox 1658 1520 1747 1561; x_wconf 89' lang='lat' dir='ltr'>Diis</span> <span class='ocrx_word' id='word_1_458' title='bbox 1771 1519 2032 1562; x_wconf 77' lang='lat' dir='ltr'>arcesseretur</span> <span class='ocrx_word' id='word_1_459' title='bbox 2057 1551 2067 1561; x_wconf 83' lang='lat'><strong>.</strong></span> <span class='ocrx_word' id='word_1_460' title='bbox 2102 1520 2200 1562; x_wconf 87' lang='lat' dir='ltr'>Ideo</span> <span class='ocrx_word' id='word_1_461' title='bbox 2224 1518 2269 1562; x_wconf 85' lang='lat'>&amp;</span> 
     </span>
     <span class='ocr_line' id='line_1_76' title="bbox 1246 1575 2267 1633; baseline -0.002 -13"><span class='ocrx_word' id='word_1_462' title='bbox 1246 1577 1288 1621; x_wconf 92' lang='lat' dir='ltr'>in</span> <span class='ocrx_word' id='word_1_463' title='bbox 1326 1577 1503 1633; x_wconf 82' lang='lat' dir='ltr'>collegio</span> <span class='ocrx_word' id='word_1_464' title='bbox 1544 1579 1762 1632; x_wconf 76' lang='lat' dir='ltr'>Augurum</span> <span class='ocrx_word' id='word_1_465' title='bbox 1799 1576 1873 1619; x_wconf 81' lang='lat' dir='ltr'>effe</span> <span class='ocrx_word' id='word_1_466' title='bbox 1915 1577 2080 1620; x_wconf 86' lang='lat' dir='ltr'>voluit:</span> <span class='ocrx_word' id='word_1_467' title='bbox 2113 1575 2267 1632; x_wconf 69' lang='lat' dir='ltr'>quippe</span> 
     </span>
     <span class='ocr_line' id='line_1_77' title="bbox 1246 1633 2274 1692; baseline -0.002 -14"><span class='ocrx_word' id='word_1_468' title='bbox 1246 1648 1390 1688; x_wconf 84' lang='lat' dir='ltr'>norat,</span> <span class='ocrx_word' id='word_1_469' title='bbox 1421 1648 1673 1692; x_wconf 85' lang='lat' dir='ltr'>quantopere</span> <span class='ocrx_word' id='word_1_470' title='bbox 1697 1634 1928 1689; x_wconf 77' lang='lat' dir='ltr'>aruspicum</span> <span class='ocrx_word' id='word_1_471' title='bbox 1951 1633 2133 1683; x_wconf 83' lang='lat' dir='ltr'>responsa</span> <span class='ocrx_word' id='word_1_472' title='bbox 2160 1633 2274 1676; x_wconf 90' lang='lat' dir='ltr'>mul-</span> 
     </span>
     <span class='ocr_line' id='line_1_78' title="bbox 1245 1690 2274 1746; baseline -0.001 -11"><span class='ocrx_word' id='word_1_473' title='bbox 1245 1692 1436 1736; x_wconf 90' lang='lat' dir='ltr'>titudinis</span> <span class='ocrx_word' id='word_1_474' title='bbox 1466 1694 1628 1736; x_wconf 85' lang='lat' dir='ltr'>animos</span> <span class='ocrx_word' id='word_1_475' title='bbox 1660 1706 1975 1746; x_wconf 85' lang='lat' dir='ltr'>permoverent.</span> <span class='ocrx_word' id='word_1_476' title='bbox 2009 1694 2138 1736; x_wconf 81' lang='lat' dir='ltr'>Extat</span> <span class='ocrx_word' id='word_1_477' title='bbox 2168 1690 2274 1735; x_wconf 87' lang='lat' dir='ltr'>Ves-</span> 
     </span>
     <span class='ocr_line' id='line_1_79' title="bbox 1244 1748 2058 1806; baseline -0.001 -13"><span class='ocrx_word' id='word_1_478' title='bbox 1244 1750 1396 1806; x_wconf 83' lang='lat' dir='ltr'>pasiani</span> <span class='ocrx_word' id='word_1_479' title='bbox 1431 1765 1627 1795; x_wconf 85' lang='lat' dir='ltr'>nummus</span> <span class='ocrx_word' id='word_1_480' title='bbox 1652 1749 1728 1793; x_wconf 86' lang='lat' dir='ltr'>hac</span> <span class='ocrx_word' id='word_1_481' title='bbox 1754 1748 2058 1805; x_wconf 80' lang='lat' dir='ltr'>inscriptione:</span> 
     </span>
    </p>
   </div>
   <div class='ocr_carea' id='block_1_25' title="bbox 1246 1864 2272 1965">
    <p class='ocr_par' dir='ltr' id='par_1_26' title="bbox 1246 1864 2272 1965">
     <span class='ocr_line' id='line_1_80' title="bbox 1246 1864 2272 1910; baseline 0.002 -2"><span class='ocrx_word' id='word_1_482' title='bbox 1246 1865 1368 1910; x_wconf 83' lang='lat' dir='ltr'><strong>IMP.</strong></span> <span class='ocrx_word' id='word_1_483' title='bbox 1391 1865 1525 1910; x_wconf 80' lang='lat' dir='ltr'><strong>CAES.</strong></span> <span class='ocrx_word' id='word_1_484' title='bbox 1550 1865 1706 1908; x_wconf 89' lang='lat' dir='ltr'>VESP.</span> <span class='ocrx_word' id='word_1_485' title='bbox 1731 1866 1877 1907; x_wconf 89' lang='lat' dir='ltr'><strong>AUG.</strong></span> <span class='ocrx_word' id='word_1_486' title='bbox 1899 1864 1942 1906; x_wconf 91' lang='lat' dir='ltr'>P.</span> <span class='ocrx_word' id='word_1_487' title='bbox 1957 1865 2022 1909; x_wconf 93' lang='lat' dir='ltr'>M.</span> <span class='ocrx_word' id='word_1_488' title='bbox 2047 1865 2272 1910; x_wconf 86' lang='lat' dir='ltr'>AUGUR</span> 
     </span>
     <span class='ocr_line' id='line_1_81' title="bbox 1595 1922 1917 1965; baseline 0.003 -1"><span class='ocrx_word' id='word_1_489' title='bbox 1595 1922 1753 1965; x_wconf 89' lang='lat' dir='ltr'><strong>TRIB.</strong></span> <span class='ocrx_word' id='word_1_490' title='bbox 1788 1923 1917 1965; x_wconf 64' lang='lat' dir='ltr'><strong>FOT.</strong></span> 
     </span>
    </p>
   </div>
   <div class='ocr_carea' id='block_1_26' title="bbox 1411 2007 2097 2122">
    <p class='ocr_par' dir='ltr' id='par_1_27' title="bbox 1411 2007 2097 2122">
     <span class='ocr_line' id='line_1_82' title="bbox 1411 2007 2097 2054; baseline 0.001 -4"><span class='ocrx_word' id='word_1_491' title='bbox 1411 2007 1452 2049; x_wconf 84' lang='lat' dir='ltr'>C</span> <span class='ocrx_word' id='word_1_492' title='bbox 1515 2010 1551 2052; x_wconf 87' lang='lat' dir='ltr'><strong>A</strong></span> <span class='ocrx_word' id='word_1_493' title='bbox 1615 2010 1645 2052; x_wconf 86' lang='lat' dir='ltr'>P</span> <span class='ocrx_word' id='word_1_494' title='bbox 1706 2010 1750 2051; x_wconf 89' lang='lat' dir='ltr'>U</span> <span class='ocrx_word' id='word_1_495' title='bbox 1812 2009 1857 2051; x_wconf 88' lang='lat' dir='ltr'><strong>T</strong></span> <span class='ocrx_word' id='word_1_496' title='bbox 1945 2010 2097 2054; x_wconf 81' lang='lat' dir='ltr'><strong>CVII.</strong></span> 
     </span>
     <span class='ocr_line' id='line_1_83' title="bbox 1456 2065 2046 2122; baseline -0.003 -9"><span class='ocrx_word' id='word_1_497' title='bbox 1456 2068 1524 2113; x_wconf 88' lang='lat' dir='ltr'>De</span> <span class='ocrx_word' id='word_1_498' title='bbox 1548 2066 1790 2110; x_wconf 79' lang='lat' dir='ltr'>Tribunitia</span> <span class='ocrx_word' id='word_1_499' title='bbox 1819 2065 2046 2122; x_wconf 80' lang='lat' dir='ltr'>Potestate.</span> 
     </span>
    </p>
   </div>
   <div class='ocr_carea' id='block_1_27' title="bbox 1237 2152 2275 2843">
    <p class='ocr_par' dir='ltr' id='par_1_28' title="bbox 1237 2152 2275 2843">
     <span class='ocr_line' id='line_1_84' title="bbox 1332 2152 2275 2209; baseline 0.001 -13"><span class='ocrx_word' id='word_1_500' title='bbox 1332 2155 1470 2196; x_wconf 84' lang='lat' dir='ltr'>Raeter</span> <span class='ocrx_word' id='word_1_501' title='bbox 1505 2154 1746 2207; x_wconf 87' lang='lat' dir='ltr'>potestatem</span> <span class='ocrx_word' id='word_1_502' title='bbox 1786 2152 1990 2197; x_wconf 87' lang='lat' dir='ltr'>Divinam</span> <span class='ocrx_word' id='word_1_503' title='bbox 2014 2187 2025 2209; x_wconf 90' lang='lat'>‚</span> <span class='ocrx_word' id='word_1_504' title='bbox 2059 2153 2173 2209; x_wconf 78' lang='lat' dir='ltr'>sepsit</span> <span class='ocrx_word' id='word_1_505' title='bbox 2211 2164 2275 2198; x_wconf 89' lang='lat' dir='ltr'>et-</span> 
     </span>
     <span class='ocr_line' id='line_1_85' title="bbox 1360 2211 2274 2267; baseline 0.001 -13"><span class='ocrx_word' id='word_1_506' title='bbox 1360 2211 1443 2254; x_wconf 87' lang='lat' dir='ltr'>iam</span> <span class='ocrx_word' id='word_1_507' title='bbox 1498 2213 1535 2255; x_wconf 89' lang='lat' dir='ltr'>se</span> <span class='ocrx_word' id='word_1_508' title='bbox 1568 2213 1759 2267; x_wconf 83' lang='lat' dir='ltr'>Princeps</span> <span class='ocrx_word' id='word_1_509' title='bbox 1816 2212 2058 2256; x_wconf 54' lang='lat' dir='ltr'>auctoritate</span> <span class='ocrx_word' id='word_1_510' title='bbox 2097 2212 2227 2267; x_wconf 86' lang='lat' dir='ltr'>plebis</span> <span class='ocrx_word' id='word_1_511' title='bbox 2260 2242 2274 2264; x_wconf 90' lang='lat'>‚</span> 
     </span>
     <span class='ocr_line' id='line_1_86' title="bbox 1241 2266 2269 2323; baseline 0.001 -13"><span class='ocrx_word' id='word_1_512' title='bbox 1241 2267 1389 2310; x_wconf 89' lang='lat' dir='ltr'>adscita</span> <span class='ocrx_word' id='word_1_513' title='bbox 1422 2266 1491 2311; x_wconf 82' lang='lat' dir='ltr'>fibi</span> <span class='ocrx_word' id='word_1_514' title='bbox 1523 2270 1719 2313; x_wconf 87' lang='lat' dir='ltr'>Potestate</span> <span class='ocrx_word' id='word_1_515' title='bbox 1744 2269 2025 2323; x_wconf 81' lang='lat' dir='ltr'>Tribunitia3</span> <span class='ocrx_word' id='word_1_516' title='bbox 2058 2285 2142 2311; x_wconf 90' lang='lat' dir='ltr'>non</span> <span class='ocrx_word' id='word_1_517' title='bbox 2170 2283 2269 2312; x_wconf 88' lang='lat' dir='ltr'>vero</span> 
     </span>
     <span class='ocr_line' id='line_1_87' title="bbox 1243 2324 2269 2382; baseline -0.001 -15"><span class='ocrx_word' id='word_1_518' title='bbox 1243 2324 1430 2368; x_wconf 88' lang='lat' dir='ltr'>Tribuni</span> <span class='ocrx_word' id='word_1_519' title='bbox 1463 2341 1632 2370; x_wconf 86' lang='lat' dir='ltr'>munere</span> <span class='ocrx_word' id='word_1_520' title='bbox 1659 2358 1672 2380; x_wconf 94' lang='lat'>,</span> <span class='ocrx_word' id='word_1_521' title='bbox 1702 2341 1785 2382; x_wconf 91' lang='lat' dir='ltr'>quo</span> <span class='ocrx_word' id='word_1_522' title='bbox 1810 2325 1925 2381; x_wconf 83' lang='lat' dir='ltr'>fungi</span> <span class='ocrx_word' id='word_1_523' title='bbox 1963 2342 2047 2369; x_wconf 91' lang='lat' dir='ltr'>non</span> <span class='ocrx_word' id='word_1_524' title='bbox 2078 2338 2236 2381; x_wconf 86' lang='lat' dir='ltr'>poterat</span> <span class='ocrx_word' id='word_1_525' title='bbox 2256 2356 2269 2379; x_wconf 91' lang='lat'>‚</span> 
     </span>
     <span class='ocr_line' id='line_1_88' title="bbox 1245 2382 2270 2439; baseline 0.001 -14"><span class='ocrx_word' id='word_1_526' title='bbox 1245 2382 1319 2426; x_wconf 87' lang='lat' dir='ltr'>nisi</span> <span class='ocrx_word' id='word_1_527' title='bbox 1353 2382 1532 2438; x_wconf 78' lang='lat' dir='ltr'>plebeius</span> <span class='ocrx_word' id='word_1_528' title='bbox 1561 2401 1571 2425; x_wconf 77' lang='grc' dir='ltr'>ε</span> <span class='ocrx_word' id='word_1_529' title='bbox 1621 2384 1811 2439; x_wconf 86' lang='lat' dir='ltr'>Princeps</span> <span class='ocrx_word' id='word_1_530' title='bbox 1842 2396 1980 2426; x_wconf 86' lang='lat' dir='ltr'>autem</span> <span class='ocrx_word' id='word_1_531' title='bbox 2016 2383 2170 2437; x_wconf 89' lang='lat' dir='ltr'>semper</span> <span class='ocrx_word' id='word_1_532' title='bbox 2202 2384 2270 2426; x_wconf 89' lang='lat' dir='ltr'>in·</span> 
     </span>
     <span class='ocr_line' id='line_1_89' title="bbox 1243 2440 2269 2496; baseline 0 -14"><span class='ocrx_word' id='word_1_533' title='bbox 1243 2453 1304 2484; x_wconf 88' lang='lat' dir='ltr'>ter</span> <span class='ocrx_word' id='word_1_534' title='bbox 1336 2440 1532 2496; x_wconf 84' lang='lat' dir='ltr'>patricios</span> <span class='ocrx_word' id='word_1_535' title='bbox 1570 2441 1843 2485; x_wconf 82' lang='lat' dir='ltr'>censebatur:</span> <span class='ocrx_word' id='word_1_536' title='bbox 1879 2440 1968 2483; x_wconf 84' lang='lat' dir='ltr'>ideo</span> <span class='ocrx_word' id='word_1_537' title='bbox 2006 2441 2141 2484; x_wconf 61' lang='lat' dir='ltr'>relissa</span> <span class='ocrx_word' id='word_1_538' title='bbox 2178 2455 2269 2495; x_wconf 87' lang='lat' dir='ltr'>per-</span> 
     </span>
     <span class='ocr_line' id='line_1_90' title="bbox 1243 2497 2267 2557; baseline 0 -16"><span class='ocrx_word' id='word_1_539' title='bbox 1243 2499 1337 2541; x_wconf 91' lang='lat' dir='ltr'>sona</span> <span class='ocrx_word' id='word_1_540' title='bbox 1370 2498 1665 2543; x_wconf 82' lang='lat' dir='ltr'>Tribunorum</span> <span class='ocrx_word' id='word_1_541' title='bbox 1686 2531 1698 2552; x_wconf 87' lang='lat'>,</span> <span class='ocrx_word' id='word_1_542' title='bbox 1730 2514 1819 2557; x_wconf 79' lang='lat' dir='ltr'>quae</span> <span class='ocrx_word' id='word_1_543' title='bbox 1850 2497 2048 2542; x_wconf 69' lang='lat' dir='ltr'>cohaerere</span> <span class='ocrx_word' id='word_1_544' title='bbox 2091 2498 2267 2552; x_wconf 87' lang='lat' dir='ltr'>patricio</span> 
     </span>
     <span class='ocr_line' id='line_1_91' title="bbox 1243 2557 2268 2613; baseline 0 -15"><span class='ocrx_word' id='word_1_545' title='bbox 1243 2571 1327 2599; x_wconf 91' lang='lat' dir='ltr'>non</span> <span class='ocrx_word' id='word_1_546' title='bbox 1371 2568 1529 2613; x_wconf 84' lang='lat' dir='ltr'>poterat</span> <span class='ocrx_word' id='word_1_547' title='bbox 1572 2557 1593 2611; x_wconf 72' lang='lat'>,&#39;</span> <span class='ocrx_word' id='word_1_548' title='bbox 1631 2557 1804 2602; x_wconf 89' lang='lat' dir='ltr'>retinuit</span> <span class='ocrx_word' id='word_1_549' title='bbox 1853 2557 2091 2611; x_wconf 74' lang='lat' dir='ltr'>potestatem</span> <span class='ocrx_word' id='word_1_550' title='bbox 2134 2573 2144 2597; x_wconf 76' lang='grc' dir='ltr'><em>τ</em></span> <span class='ocrx_word' id='word_1_551' title='bbox 2197 2570 2268 2610; x_wconf 84' lang='lat' dir='ltr'>per</span> 
     </span>
     <span class='ocr_line' id='line_1_92' title="bbox 1241 2614 2261 2669; baseline -0.003 -11"><span class='ocrx_word' id='word_1_552' title='bbox 1241 2630 1366 2669; x_wconf 84' lang='lat' dir='ltr'>quam</span> <span class='ocrx_word' id='word_1_553' title='bbox 1401 2630 1485 2658; x_wconf 93' lang='lat' dir='ltr'>non</span> <span class='ocrx_word' id='word_1_554' title='bbox 1519 2615 1642 2658; x_wconf 90' lang='lat' dir='ltr'>modo</span> <span class='ocrx_word' id='word_1_555' title='bbox 1683 2614 1958 2659; x_wconf 89' lang='lat' dir='ltr'>intercedendi</span> <span class='ocrx_word' id='word_1_556' title='bbox 1990 2631 2082 2659; x_wconf 90' lang='lat' dir='ltr'>cum</span> <span class='ocrx_word' id='word_1_557' title='bbox 2117 2615 2261 2658; x_wconf 76' lang='lat' dir='ltr'>ceteris</span> 
     </span>
     <span class='ocr_line' id='line_1_93' title="bbox 1240 2669 2264 2726; baseline -0.002 -12"><span class='ocrx_word' id='word_1_558' title='bbox 1240 2671 1442 2715; x_wconf 87' lang='lat' dir='ltr'>Tribunis</span> <span class='ocrx_word' id='word_1_559' title='bbox 1484 2669 1544 2723; x_wconf 84' lang='lat' dir='ltr'>jus</span> <span class='ocrx_word' id='word_1_560' title='bbox 1575 2673 1756 2717; x_wconf 89' lang='lat' dir='ltr'>obtinuit</span> <span class='ocrx_word' id='word_1_561' title='bbox 1791 2705 1803 2725; x_wconf 93' lang='lat'>,</span> <span class='ocrx_word' id='word_1_562' title='bbox 1838 2673 1898 2717; x_wconf 86' lang='lat' dir='ltr'>sed</span> <span class='ocrx_word' id='word_1_563' title='bbox 1930 2673 1973 2716; x_wconf 64' lang='grc' dir='ltr'>ὃς</span> <span class='ocrx_word' id='word_1_564' title='bbox 2007 2674 2040 2716; x_wconf 89' lang='lat' dir='ltr'>se</span> <span class='ocrx_word' id='word_1_565' title='bbox 2083 2670 2264 2726; x_wconf 68' lang='lat' dir='ltr'>praestitit</span> 
     </span>
     <span class='ocr_line' id='line_1_94' title="bbox 1237 2727 2262 2787; baseline -0.004 -14"><span class='ocrx_word' id='word_1_566' title='bbox 1237 2728 1545 2774; x_wconf 60' lang='lat' dir='ltr'>Sacrosant‘tum</span> <span class='ocrx_word' id='word_1_567' title='bbox 1575 2763 1584 2773; x_wconf 91' lang='lat'><strong><em>.</em></strong></span> <span class='ocrx_word' id='word_1_568' title='bbox 1620 2734 1681 2774; x_wconf 90' lang='lat' dir='ltr'>Ut</span> <span class='ocrx_word' id='word_1_569' title='bbox 1709 2763 1721 2784; x_wconf 96' lang='lat'>,</span> <span class='ocrx_word' id='word_1_570' title='bbox 1754 2730 1933 2787; x_wconf 82' lang='lat' dir='ltr'>quisquis</span> <span class='ocrx_word' id='word_1_571' title='bbox 1969 2744 2063 2773; x_wconf 84' lang='lat' dir='ltr'>eum</span> <span class='ocrx_word' id='word_1_572' title='bbox 2100 2727 2262 2782; x_wconf 64' lang='lat' dir='ltr'>:it-tigis-</span> 
     </span>
     <span class='ocr_line' id='line_1_95' title="bbox 1239 2785 2258 2843; baseline -0.003 -13"><span class='ocrx_word' id='word_1_573' title='bbox 1239 2787 1330 2841; x_wconf 88' lang='lat' dir='ltr'>set,</span> <span class='ocrx_word' id='word_1_574' title='bbox 1363 2786 1569 2843; x_wconf 89' lang='lat' dir='ltr'>publicam</span> <span class='ocrx_word' id='word_1_575' title='bbox 1608 2788 1783 2832; x_wconf 89' lang='lat' dir='ltr'>violaret</span> <span class='ocrx_word' id='word_1_576' title='bbox 1820 2786 2068 2838; x_wconf 79' lang='lat' dir='ltr'>majestatem</span> <span class='ocrx_word' id='word_1_577' title='bbox 2099 2803 2108 2827; x_wconf 72' lang='grc' dir='ltr'>ε</span> <span class='ocrx_word' id='word_1_578' title='bbox 2144 2785 2258 2829; x_wconf 87' lang='lat' dir='ltr'>ideo-</span> 
     </span>
    </p>
   </div>
   <div class='ocr_carea' id='block_1_28' title="bbox 1235 2842 2258 2902">
    <p class='ocr_par' dir='ltr' id='par_1_29' title="bbox 1235 2842 2258 2902">
     <span class='ocr_line' id='line_1_96' title="bbox 1235 2842 2258 2902; baseline -0.003 -12"><span class='ocrx_word' id='word_1_579' title='bbox 1235 2861 1312 2902; x_wconf 89' lang='lat' dir='ltr'>que</span> <span class='ocrx_word' id='word_1_580' title='bbox 1345 2843 1497 2887; x_wconf 64' lang='lat' dir='ltr'>indif&#39;ta</span> <span class='ocrx_word' id='word_1_581' title='bbox 1527 2845 1641 2888; x_wconf 86' lang='lat' dir='ltr'>causa</span> <span class='ocrx_word' id='word_1_582' title='bbox 1677 2845 1799 2900; x_wconf 75' lang='lat' dir='ltr'>posset</span> <span class='ocrx_word' id='word_1_583' title='bbox 1837 2842 1995 2886; x_wconf 88' lang='lat' dir='ltr'>occidi:</span> <span class='ocrx_word' id='word_1_584' title='bbox 2029 2859 2109 2899; x_wconf 92' lang='lat' dir='ltr'>quo</span> <span class='ocrx_word' id='word_1_585' title='bbox 2152 2843 2258 2887; x_wconf 61' lang='lat' dir='ltr'>faE’m</span> 
     </span>
    </p>
   </div>
   <div class='ocr_carea' id='block_1_29' title="bbox 1236 2900 2260 2959">
    <p class='ocr_par' dir='ltr' id='par_1_30' title="bbox 1236 2900 2260 2959">
     <span class='ocr_line' id='line_1_97' title="bbox 1236 2900 2260 2959; baseline -0.003 -12"><span class='ocrx_word' id='word_1_586' title='bbox 1236 2903 1388 2959; x_wconf 87' lang='lat' dir='ltr'>ignarae</span> <span class='ocrx_word' id='word_1_587' title='bbox 1420 2900 1548 2956; x_wconf 89' lang='lat' dir='ltr'>plebis</span> <span class='ocrx_word' id='word_1_588' title='bbox 1584 2901 1767 2955; x_wconf 84' lang='lat' dir='ltr'>captavit</span> <span class='ocrx_word' id='word_1_589' title='bbox 1803 2900 1979 2956; x_wconf 78' lang='lat' dir='ltr'>gratiam</span> <span class='ocrx_word' id='word_1_590' title='bbox 2012 2918 2020 2942; x_wconf 95' lang='lat'><strong>:</strong></span> <span class='ocrx_word' id='word_1_591' title='bbox 2055 2901 2163 2958; x_wconf 86' lang='lat' dir='ltr'>quasi</span> <span class='ocrx_word' id='word_1_592' title='bbox 2199 2900 2260 2944; x_wconf 92' lang='lat' dir='ltr'>su-</span> 
     </span>
    </p>
   </div>
   <div class='ocr_carea' id='block_1_30' title="bbox 1230 2957 2259 3192">
    <p class='ocr_par' dir='ltr' id='par_1_31' title="bbox 1230 2957 2259 3192">
     <span class='ocr_line' id='line_1_98' title="bbox 1235 2957 2259 3017; baseline -0.001 -14"><span class='ocrx_word' id='word_1_593' title='bbox 1235 2960 1369 3017; x_wconf 89' lang='lat' dir='ltr'>scepto</span> <span class='ocrx_word' id='word_1_594' title='bbox 1398 2975 1571 3004; x_wconf 84' lang='lat' dir='ltr'>munere</span> <span class='ocrx_word' id='word_1_595' title='bbox 1599 2958 1783 3015; x_wconf 75' lang='lat' dir='ltr'>plebeio,</span> <span class='ocrx_word' id='word_1_596' title='bbox 1819 2959 1926 3001; x_wconf 87' lang='lat' dir='ltr'>suam</span> <span class='ocrx_word' id='word_1_597' title='bbox 1953 2958 2142 3015; x_wconf 85' lang='lat' dir='ltr'>Princeps</span> <span class='ocrx_word' id='word_1_598' title='bbox 2170 2957 2259 3012; x_wconf 87' lang='lat' dir='ltr'>ple·</span> 
     </span>
     <span class='ocr_line' id='line_1_99' title="bbox 1233 3016 1912 3073; baseline -0.004 -12"><span class='ocrx_word' id='word_1_599' title='bbox 1233 3019 1273 3062; x_wconf 92' lang='lat' dir='ltr'>bi</span> <span class='ocrx_word' id='word_1_600' title='bbox 1321 3016 1568 3073; x_wconf 85' lang='lat' dir='ltr'>dignitatem</span> <span class='ocrx_word' id='word_1_601' title='bbox 1615 3016 1871 3073; x_wconf 82' lang='lat' dir='ltr'>impertiisset</span> <span class='ocrx_word' id='word_1_602' title='bbox 1904 3048 1912 3058; x_wconf 91' lang='lat'>.</span> 
     </span>
     <span class='ocr_line' id='line_1_100' title="bbox 1233 3075 2068 3131; baseline -0.002 -12"><span class='ocrx_word' id='word_1_603' title='bbox 1233 3088 1317 3119; x_wconf 91' lang='lat' dir='ltr'>tem</span> <span class='ocrx_word' id='word_1_604' title='bbox 1349 3075 1561 3131; x_wconf 82' lang='lat' dir='ltr'>Augustus</span> <span class='ocrx_word' id='word_1_605' title='bbox 1597 3089 1832 3131; x_wconf 83' lang='lat' dir='ltr'>perpetuam</span> <span class='ocrx_word' id='word_1_606' title='bbox 1867 3075 2026 3130; x_wconf 79' lang='lat' dir='ltr'>accepit</span> <span class='ocrx_word' id='word_1_607' title='bbox 2056 3107 2068 3128; x_wconf 95' lang='lat'>,</span> 
     </span>
     <span class='ocr_line' id='line_1_101' title="bbox 1230 3129 2255 3192; baseline -0.003 -15"><span class='ocrx_word' id='word_1_608' title='bbox 1230 3133 1279 3177; x_wconf 88' lang='lat' dir='ltr'>ad</span> <span class='ocrx_word' id='word_1_609' title='bbox 1305 3132 1647 3192; x_wconf 85' lang='lat' dir='ltr'>quinquennium</span> <span class='ocrx_word' id='word_1_610' title='bbox 1675 3132 1825 3188; x_wconf 85' lang='lat' dir='ltr'>semel,</span> <span class='ocrx_word' id='word_1_611' title='bbox 1856 3144 1975 3190; x_wconf 84' lang='lat' dir='ltr'>atque</span> <span class='ocrx_word' id='word_1_612' title='bbox 2000 3133 2150 3178; x_wconf 83' lang='lat' dir='ltr'>iterum</span> <span class='ocrx_word' id='word_1_613' title='bbox 2183 3129 2255 3174; x_wconf 83' lang='lat' dir='ltr'>fibi</span> 
     </span>
    </p>
   </div>
   <div class='ocr_carea' id='block_1_31' title="bbox 1945 3016 2258 3118">
    <p class='ocr_par' dir='ltr' id='par_1_32' title="bbox 1945 3016 2258 3118">
     <span class='ocr_line' id='line_1_102' title="bbox 1945 3016 2258 3118; baseline -0.003 -58"><span class='ocrx_word' id='word_1_614' title='bbox 1945 3018 2051 3060; x_wconf 88' lang='lat' dir='ltr'>Earn</span> <span class='ocrx_word' id='word_1_615' title='bbox 2087 3016 2258 3118; x_wconf 49' lang='lat' dir='ltr'>pqitpsia-</span> 
     </span>
     <span class='ocr_line' id='line_1_103' title="bbox 2099 3086 2255 3118; baseline -0.019 0"><span class='ocrx_word' id='word_1_616' title='bbox 2099 3091 2121 3118; x_wconf 85' lang='lat' dir='ltr'>a</span> <span class='ocrx_word' id='word_1_617' title='bbox 2170 3086 2255 3117; x_wconf 84' lang='lat' dir='ltr'>cito</span> 
     </span>
    </p>
   </div>
   <div class='ocr_carea' id='block_1_32' title="bbox 2157 3186 2244 3233">
    <p class='ocr_par' dir='ltr' id='par_1_33' title="bbox 2157 3186 2244 3233">
     <span class='ocr_line' id='line_1_104' title="bbox 2157 3186 2244 3233; baseline -0.034 0"><span class='ocrx_word' id='word_1_618' title='bbox 2157 3186 2244 3233; x_wconf 76' lang='lat' dir='ltr'>col-</span> 
     </span>
    </p>
   </div>
   <div class='ocr_carea' id='block_1_33' title="bbox 2514 1761 2522 2284">
    <p class='ocr_par' dir='ltr' id='par_1_34' title="bbox 2514 1761 2522 2284">
     <span class='ocr_line' id='line_1_105' title="bbox 2514 1761 2522 2284; baseline 0 0"><span class='ocrx_word' id='word_1_619' title='bbox 2514 1761 2522 2284; x_wconf 95' lang='lat' dir='ltr'> </span> 
     </span>
    </p>
   </div>
   <div class='ocr_carea' id='block_1_34' title="bbox 2486 3143 2518 3479">
    <p class='ocr_par' dir='ltr' id='par_1_35' title="bbox 2486 3143 2518 3479">
     <span class='ocr_line' id='line_1_106' title="bbox 2486 3143 2518 3479; baseline 0 0"><span class='ocrx_word' id='word_1_620' title='bbox 2486 3143 2518 3479; x_wconf 95' lang='lat' dir='ltr'> </span> 
     </span>
    </p>
   </div>
  </div>
 </body>
</html>
