2524 3479
555 87 685 139 AD
741 83 1131 135 LIBROS
1188 81 1315 133 DE
1369 77 1916 149 ORIG.·JUR.
2176 90 2306 127 xm

170 163 341 206 liberos.
376 160 475 205 Inde
508 159 729 216 imperium
754 156 1050 208 domesticum,
1082 170 1131 198 ex
1153 153 1207 197 le-
1261 154 1461 198 habituri.
1496 153 1588 196 Nec
1616 166 1710 194 vero
1740 147 1954 212 ratio-sora
1984 147 2141 211 maritis
2165 147 2208 191 &
2234 164 2302 203 pa·

169 235 217 275 ge
241 220 322 276 ipsa
344 219 539 272 rationis,
559 217 632 261 esse
661 215 894 259 societatem
920 213 1029 256 inter
1055 212 1209 267 sapien·
1230 222 1236 284 ξ
1260 213 1438 256 rentibus
1467 209 1689 266 imperium
1717 206 1913 269 conciliat
1935 220 1946 258 ε,
1980 218 2037 247 uti
2058 221 2131 248 nee
2149 205 2303 270 semper

170 287 229 319 tes
254 309 266 331 ‚
298 278 367 334 qui
394 277 484 319 aliis
509 273 667 332 praefint
690 304 698 315 .
734 270 941 314 Videlicet
967 302 978 323 ‚
1024 285 1108 312 non
1135 270 1207 312 effe
1230 288 1235 328 3
1258 287 1302 314 ea
1329 269 1498 312 maritus
1527 265 1719 321 praevalet
1749 265 1963 326 mulieri)⁴
1984 274 2053 305 aut
2081 276 2222 316 parens
2250 263 2300 306 li-

170 332 272 377 illud
295 351 316 377 a
343 335 524 389 potentia
551 330 731 384 corporis
763 345 772 371 :
826 344 924 371 nam
964 328 1041 370 hoc
1075 328 1204 382 ipsum
1230 336 1235 376 l
1259 328 1383 372 beris.
1418 325 1541 368 Unde
1568 340 1642 367 nec
1672 323 1805 377 praeest
1829 319 2001 363 familiae
2019 319 2153 384 ‚solum
2169 321 2221 362 ob
2237 335 2299 385 ra·

168 392 307 445 potius
333 390 552 446 regendum
578 388 652 431 esse
677 404 698 429 a
721 385 904 438 ratione3
938 385 1099 439 unde&
1116 401 1204 428 mo·
1259 386 1415 428 tionem
1443 380 1738 437 paterfamilias
1760 396 1768 421 :
1803 380 1846 422 ἃ.
1872 376 2099 441 quemlibet
2122 376 2184 419 sua
2208 393 2297 440 qui-

167 458 231 489 tus
253 448 337 497 ejus
358 464 367 489 :
402 446 450 489 ad
478 444 816 500 compescendum
843 458 940 486 vero
962 474 974 495 ,
1009 443 1104 494 (seu
1120 458 1205 498 pce·
1256 443 1348 486 dem
1375 439 1504 491 ratio,
1542 439 1601 482 sed
1629 452 1713 480 non
1735 437 1820 500 haee
1838 448 1964 479 etiam
1986 435 2176 477 homines
2196 434 2296 476 alios

167 519 240 547 nas
264 504 540 559 immorigeris
557 501 813 554 inferendas,
847 502 862 551 )
891 500 1114 555 imperium
1129 499 1198 542 ali·
1255 512 1475 553 eorumque
1501 496 1679 539 rationes
1704 494 1844 548 dirigit
1869 524 1877 534 .
1912 493 2163 555 Quanquam
2190 492 2297 533 Gra-

166 562 273 615 quod
299 562 479 604 mixtum
505 560 579 604 elle
600 559 880 614 magistratus,
912 557 1130 605 &merum
1146 556 1205 599 al·
1256 557 1352 598 vina
1367 554 1463 597 alibi
1479 569 1573 597 cum
1588 553 1791 607 Spinoza‚
1831 550 1918 605 plus
1933 561 2151 612 potentiae‚
2171 563 2296 611 quam

166 630 300 661 terum
324 634 336 671 3
369 619 474 673 quod
508 618 553 660 fit
580 617 774 670 principis
800 632 830 657 c.
852 631 894 667 4.
928 615 1204 658 Beatiffimam
1226 584 1232 643 l
1255 612 1430 665 rationi,
1465 611 1638 653 tribuat:
1665 609 1749 652 imo
1777 608 1897 660 plane
1926 618 2153 663 potentiam
2177 620 2222 668 in.
2243 604 2297 647 se-

165 673 252 717 fore
278 676 490 718 civitatem
512 706 524 726 ‚
570 673 597 716 si
621 674 789 728 quisque
817 673 973 714 ratione
1002 672 1064 714 sua
1093 687 1199 724 rege·
1224 646 1231 743 ἔ
1252 672 1298 714 de
1327 686 1409 712 non
1442 669 1564 711 modo
1593 667 1690 720 juris
1718 664 1897 710 collocet
1936 680 1948 717 ;
2000 678 2143 707 verum
2169 675 2295 704 etiam

164 744 303 775 retur:
337 748 427 774 eain
456 731 540 775 fore
567 729 795 786 simplicem
825 746 836 784 3
869 747 898 770 c.
929 743 963 782 5,
998 741 1043 772 ut
1070 730 1203 771 mixta

163 787 301 842 foret,
337 790 361 831 fi
387 790 512 843 aliqui
541 800 725 842 parerent
759 803 771 840 3
818 786 991 841 illosque
1017 785 1198 829 sensuum

163 845 302 888 locum
328 846 567 889 habituros:
604 844 817 887 hancdici
848 844 1029 886 mixtam
1057 843 1199 886 civita—

162 914 273 955 tem,
308 919 379 956 pro
405 916 548 945 natura
578 902 763 954 humana
785 905 871 943 c.6.
899 902 982 953 Et,
1016 900 1041 942 fi
1070 900 1196 954 impe-

1252 728 1311 779 jus
1336 743 1426 770 eam
1457 725 1585 768 facere
1614 723 1842 779 imperandi
1875 721 2002 774 velit,
2036 719 2100 763 cui
2120 720 2294 762 rationes

1251 799 1395 828 omnes
1429 799 1474 826 ac
1505 782 1736 825 voluntates
1766 779 1901 830 subjici
1930 789 2115 834 oporteat
2142 808 2150 818 .
2202 832 2208 839 .

1312 842 1380 885 Est
1409 855 1504 883 vero
1529 840 1743 883 obscurum
1770 837 1954 880 maxime
1982 866 1994 888 ,
2027 850 2104 890 qua
2137 848 2293 896 ratione

1251 899 1320 942 ille
1349 897 1572 952 imperium
1601 897 1857 952 magistratus
1880 895 2089 945 mixtum,
2122 892 2163 954 ὃς
2182 906 2295 944 prin-

1251 956 1350 1010 cipis
1385 970 1546 997 merum
1578 954 1784 1010 appellet:
1820 968 1917 996 cum
1951 962 2089 992 tamen
2119 948 2179 991 nil
2208 963 2295 991 ma-

161 973 251 1002 rent
279 959 345 1012 hi,
381 961 450 1015 qui
473 960 626 1002 viribus
648 956 812 1006 valeant
838 990 848 1010 ‚
883 973 966 1000 non
995 957 1167 1000 rationis
1186 990 1197 1011 ,
2086 1005 2092 1012 ἡ

160 1016 222 1060 sed
245 1017 451 1071 corporis:
488 1017 547 1059 ita
563 1017 839 1071 perturbatam
856 1014 941 1058 fore
958 1015 1170 1058 civitatem
1189 1046 1200 1067 ‚
1249 1013 1393 1065 jestatis
1421 1011 1651 1055 admixtum
1683 1011 1803 1054 habet
1829 1007 2094 1061 iurisdietioni
2121 1005 2192 1048 suae
2209 1021 2295 1048 ma-

159 1090 190 1115 c.
207 1089 245 1127 7.
267 1090 328 1115 ιοω
355 1074 470 1117 Hinc
494 1073 575 1125 jam
603 1074 750 1128 repetit
777 1072 846 1116 ille
875 1072 981 1128 leges
1010 1070 1153 1115 civiles
1182 1103 1193 1124 ‚
1248 1071 1465 1125 gistratu53
1500 1086 1573 1114 nec
1607 1068 1863 1125 magistratus
1891 1064 2045 1128 aliquid
2072 1062 2252 1114 majestas
2279 1078 2288 1103 .“

160 1146 233 1173 ceu
260 1130 400 1181 frena,
433 1146 606 1185 quarum
635 1131 818 1173 auum-es
844 1130 966 1172 initio
993 1129 1197 1172 Divinum
1218 1122 1226 1197 J
1249 1128 1290 1169 ὅ(
1323 1128 1476 1176 interea
1512 1128 1697 1182 princeps
1731 1138 1850 1180 atque
1884 1122 2138 1176 magistratus
2180 1132 2294 1183 pote·

158 1188 332 1231 Numen
357 1188 572 1240 jaetarint,
605 1188 648 1230 8<
673 1188 719 1229 ad
748 1187 985 1229 servandum
1007 1202 1071 1228 eas
1091 1185 1199 1228 cives
1249 1185 1387 1227 statem
1415 1187 1522 1232 suam
1558 1183 1733 1239 quilibet
1756 1198 1801 1224 ac
1827 1181 2045 1235 imperium
2068 1209 2079 1230 ‚
2113 1193 2222 1239 :eque
2248 1191 2291 1219 in

158 1243 416 1296 jurejurando
432 1244 723 1287 obstrinxerint
740 1275 748 1284 .
781 1260 814 1284 c.
831 1246 922 1295 8.9.
944 1243 1075 1284 Sed&
1092 1242 1197 1283 hanc
1249 1242 1475 1297 morigeros
1501 1258 1547 1285 ac
1572 1240 1859 1293 immorigeros
1884 1247 2120 1280 exerceant.
2157 1236 2224 1276 Sic
2245 1234 2289 1276 ὃς

158 1301 454 1357 rempublicam
484 1303 762 1355 perturbatam
789 1332 801 1351 ‚
850 1299 1012 1354 ejusque
1048 1298 1196 1353 species

155 1357 258 1410 esse,
291 1358 585 1401 Monarchiam
609 1388 620 1408 ‚
654 1358 965 1400 Aristocratiam
993 1389 1003 1408 ‚
1043 1360 1189 1398 Demo-

154 1417 351 1458 cratiam.
387 1415 507 1470 Quod
537 1415 562 1457 si
594 1414 701 1472 leges
727 1416 775 1458 ab
797 1430 878 1456 uno
901 1415 1196 1468 superarentur,

154 1471 240 1515 fore
264 1488 313 1515 ex
341 1472 438 1515 hinc
464 1473 755 1527 tyrannidem3
787 1471 813 1514 si
839 1488 860 1514 a
882 1472 1091 1527 pluribus,
1110 1471 1188 1514 ori-

155 1540 289 1573 turam
316 1530 408 1573 inde
432 1531 505 1573 esse
532 1529 819 1587 Oligarchiam
837 1562 849 1582 ,
882 1547 914 1572 c.
945 1545 1008 1572 ιο.

214 1587 281 1630 Ad
308 1587 390 1630 haec
417 1603 501 1630 non
526 1588 662 1631 dicam
678 1620 690 1642 ,
723 1602 846 1643 quarn
869 1586 975 1630 male
997 1586 1056 1637 ius
1078 1599 1192 1628 natu-

155 1659 208 1687 rae
237 1660 259 1687 a
285 1645 442 1688 ratione
479 1644 665 1701 plerique
699 1656 842 1700 petant
873 1660 885 1696 3
934 1660 1022 1698 quae
1054 1656 1192 1686 tamen

154 1713 347 1756 corrupta
374 1702 560 1757 penitus,
591 1703 635 1745 &
661 1702 741 1754 ipsa
768 1701 996 1744 normanda
1023 1702 1077 1744 est
1105 1717 1116 1753 3
1149 1714 1192 1743 ut

153 1773 344 1801 normam
366 1760 615 1815 adaequatam
638 1771 850 1814 tutamque
870 1759 1097 1801 aetionibus
1119 1758 1192 1801 hu-

154 1815 288 1859 manis
317 1816 408 1859 dare
437 1831 519 1859 non
550 1818 665 1871 possit
698 1833 707 1857 :
762 1832 903 1859 verum
930 1816 1007 1859 hoc
1035 1815 1189 1869 solum,

152 1872 259 1929 quod
286 1872 457 1916 rationis
482 1887 626 1926 tanta,
660 1874 702 1917 in
728 1886 788 1916 tot
811 1873 1029 1916 hominum
1049 1872 1188 1916 multi-

152 1929 293 1973 tudine
317 1961 326 1978 ,
346 1929 407 1972 *sit
433 1931 669 1985 diversita33
701 1942 745 1987 ut
770 1964 782 1984 ‚
815 1931 986 1987 quinam
1012 1929 1104 1973 aliis
1131 1946 1189 1972 ra-

151 1986 266 2029 tione
288 2018 299 2039 ,
332 1987 374 2029 &
398 1987 563 2043 quidem
593 1988 639 2030 ad
667 1988 889 2043 imperium
915 2020 927 2041 ,
962 1987 1093 2042 magis
1120 2003 1181 2029 va-

149 2042 288 2097 leant,
321 2044 391 2087 vix
420 2044 605 2088 invenire
635 2045 785 2088 liceat.
819 2048 1080 2099 Quapropter
1100 2076 1112 2096 ,
1146 2043 1188 2085 in

149 2101 268 2144 rebus
291 2100 483 2144 humanis
502 2100 600 2145 alias
620 2117 780 2157 quoque
800 2134 812 2154 ,
838 2102 882 2144 ad
904 2117 949 2144 ea
964 2133 975 2153 ,
996 2117 1084 2156 quae
1106 2100 1186 2152 ple·
1208 2107 1214 2168 J

148 2171 323 2212 rumque
347 2158 538 2201 obtinent
558 2190 571 2212 ,
605 2158 901 2213 respiciendum
928 2158 1004 2200 fuit
1030 2175 1038 2199 ε
1090 2157 1188 2201 sicut
1210 2176 1211 2179 ¹

150 2214 231 2270 ipsa
256 2229 416 2270 quoque
441 2215 580 2259 civilia
606 2215 691 2267 jura
719 2232 802 2258 non
828 2216 870 2259 in
897 2215 1072 2272 singulos
1104 2215 1185 2259 lata
1209 2211 1214 2240 ³

152 2272 243 2315 sunt
265 2303 277 2326 ‚
310 2287 384 2315 nec
412 2272 468 2316 ita
493 2272 588 2316 ferri
616 2285 782 2328 potuere
808 2289 948 2327 ;·curn
983 2273 1078 2324 saepe
1108 2272 1183 2315 mi-
1206 2244 1214 2312 l

148 2345 226 2373 nor
250 2329 369 2372 annis
392 2345 496 2374 unus
516 2330 668 2374 alterve
683 2330 896 2375 maturiori
913 2330 1082 2374 consilio
1098 2330 1186 2385 pol-
1205 2313 1212 2371 l

149 2386 256 2431 leat:
290 2400 461 2442 agnatus
486 2388 727 2443 proximus,
759 2389 824 2432 cui
845 2387 1182 2431 hereditasabin-
1206 2414 1211 2455 3

149 2445 291 2488 testato
315 2445 401 2501 lege
427 2445 592 2489 advenit
623 2478 635 2500 ,
684 2445 841 2490 nullius
869 2446 963 2499 saepe
991 2444 1037 2488 fit
1062 2476 1074 2496 ‚
1108 2461 1183 2489 nec

147 2501 300 2545 amoris
327 2502 370 2544 in
394 2502 657 2557 defunctum,
691 2519 765 2547 nec
791 2503 927 2546 meriti
955 2534 963 2544 .
1011 2498 1209 2546 Proinde?

146 2559 177 2602 fi
202 2558 434 2614 insipientes
457 2560 576 2604 servis
604 2573 748 2604 natura
771 2560 993 2604 adscribere
1018 2558 1142 2603 velles
1164 2576 1179 2600 .-

148 2631 331 2672 quonam
367 2617 600 2671 redigentur
631 2619 673 2661 in
701 2617 932 2661 universum
956 2616 1147 2660 infantes·
1168 2649 1179 2671 ‚
1201 2596 1207 2681 ff

1247 1298 1460 1345 obscurum
1485 1297 1637 1356 pariter
1661 1297 1704 1340 ἃ
1733 1310 1888 1338 novum
1913 1294 1966 1336 est
1993 1292 2030 1335 id
2052 1292 2288 1346 imperium,

1245 1356 1351 1411 quod
1394 1375 1476 1403 non
1512 1355 1592 1399 sola
1619 1355 1776 1397 ratione
1810 1351 1956 1394 nititur
1995 1381 2007 1402 ‚
2058 1348 2146 1391 ideo
2180 1363 2289 1410 nunc

1246 1413 1430 1459 mixtum
1460 1413 1696 1468 appellare.)
1730 1425 1824 1453 cum
1850 1409 2031 1451 mixtum
2063 1419 2181 1448 antea
2210 1420 2289 1446 im·

1246 1472 1403 1525 perium
1431 1471 1682 1529 magistratus
1713 1468 1816 1520 esse,
1848 1464 2032 1508 dixisset:
2067 1462 2199 1517 estque
2223 1476 2289 1516 pe-

1246 1529 1457 1585 regrinum
1492 1565 1503 1586 ‚
1554 1529 1716 1586 quando
1750 1523 1951 1581 quaslibet
1975 1521 2127 1564 formas
2154 1533 2289 1561 rerum

1246 1587 1503 1640 publicarum
1528 1620 1540 1642 ‚
1571 1586 1697 1631 etiam
1726 1583 1850 1626 restas
1872 1613 1884 1634 ‚
1915 1582 1932 1632 (
1960 1594 2048 1635 quae
2076 1590 2215 1623 tamen
2241 1576 2285 1618 δε

1244 1645 1333 1699 ipsse
1363 1647 1515 1695 legibus
1546 1661 1592 1688 ac
1621 1643 1778 1685 ratione
1812 1650 2011 1694 reguntur
2044 1667 2054 1686 ,
2088 1637 2104 1686 (
2133 1645 2286 1696 pertur-

1244 1702 1356 1745 batas
1381 1704 1533 1748 habet.
1581 1701 1760 1755 Indeque
1796 1696 1895 1740 tales
1929 1695 2016 1738 sunt
2049 1692 2110 1735 hae
2137 1690 2286 1733 doetri-

1243 1775 1304 1802 nae
1345 1793 1356 1813 ‚
1406 1777 1493 1818 quse
1525 1775 1607 1803 non
1636 1758 1758 1801 modo
1784 1769 1870 1797 rem
1899 1752 2127 1815 plane-non
2156 1748 2284 1791 confi-

1241 1816 1356 1859 ciunt
1393 1835 1404 1872 3
1456 1819 1516 1862 sed
1549 1817 1636 1860 imo
1667 1812 1926 1868 disciplinam
1953 1807 2119 1851 civilem
2150 1817 2281 1848 totam

1240 1889 1479 1929 pervertunt
1506 1893 1515 1918 ε
1564 1887 1606 1918 ut
1633 1884 1845 1927 propterea
1879 1867 1920 1909 in
1948 1865 2141 1928 haetenus
2167 1877 2281 1926 com-

1241 1932 1378 1984 positis
1403 1933 1450 1977 de
1482 1932 1636 1984 juribus
1667 1930 1710 1973 ὃς
1737 1925 1914 1983 imperio
1939 1923 2134 1967 do&rinis
2163 1934 2281 1964 unice

1242 1990 1524 2043 persistendum
1562 1990 1610 2032 sit
1632 2020 1642 2031 .
2119 2036 2126 2044 ·
2239 2034 2246 2042 ·

1296 2047 1398 2090 Sunt
1417 2048 1544 2091 etiarn
1569 2044 1752 2100 perversa
1773 2041 1843 2086 illa
1859 2074 1870 2093 ,
1893 2054 1981 2103 quae
2000 2040 2185 2081 Gravina
2203 2067 2215 2088 ,
2237 2049 2280 2078 in

1236 2103 1326 2146 Lib.
1350 2120 1382 2146 1.
1409 2105 1444 2159 §.
1468 2120 1528 2147 10.
1549 2105 1596 2146 ad
1618 2115 1886 2148 communem
1909 2111 2059 2148 Jurlum
2080 2108 2278 2149 quorum-

1238 2158 1336 2203 libet
1363 2162 1622 2216 disciplinam
1648 2158 1787 2203 attulit
1811 2174 1822 2211 3
1855 2169 1898 2199 ut
1932 2186 1943 2207 ‚
1987 2151 2150 2214 quando
2172 2150 2212 2192 d.
2237 2150 2273 2204 ξ.

1240 2231 1297 2260 10.
1327 2218 1562 2263 dominium
1587 2218 1630 2261 in
1656 2215 1820 2272 origine
1845 2244 1856 2266 ‚
1890 2212 1940 2254 ab
1964 2221 2232 2271 occupatione
2259 2238 2271 2260 ‚

1234 2277 1423 2320 arcessit:
1460 2277 1632 2332 indeque
1659 2271 2005 2317 communionem
2032 2279 2270 2321 prlmaevam

1234 2331 1369 2376 asserit
1390 2365 1399 2376 .
1435 2334 1522 2377 Ubi
1549 2347 1688 2377 tamen
1713 2363 1724 2384 ‚
1759 2346 1829 2374 cur
1854 2339 2096 2372 communes
2122 2322 2279 2375 adhuc,

1233 2389 1498 2446 &quomodo
1520 2391 1772 2441 habeantur,
1809 2402 1902 2437 aer,
1940 2398 2043 2448 aqua
2059 2380 2273 2436 profluens,

1233 2462 1316 2489 non
1343 2449 1514 2503 exponit
1545 2465 1556 2502 3
1590 2448 1738 2503 quippe
1764 2460 1851 2501 quae
1878 2442 1920 2484 ἃ
1947 2439 2028 2494 ipsa
2057 2453 2125 2501 per
2153 2453 2278 2480 occu-

1231 2505 1441 2558 pationem
1468 2506 1630 2561 propria
1658 2503 1742 2547 fieri
1771 2501 1929 2556 possunt
1952 2529 1961 2540 .
1996 2499 2169 2540 Etenim
2198 2493 2273 2537 ho-

1231 2560 1334 2603 mini
1366 2563 1550 2616 protinus
1574 2579 1594 2604 a
1619 2564 1815 2604 Creatore
1839 2558 1979 2600 datum
2002 2555 2055 2597 est
2071 2585 2082 2605 ,
2102 2565 2147 2595 ut
2167 2568 2268 2608 qua·

1229 2633 1307 2673 qua
1333 2619 1441 2661 orbis
1466 2631 1576 2673 patet
1596 2651 1607 2671 ,
1643 2617 1711 2661 ille
1737 2614 1962 2670 occupandi
1991 2611 2268 2666 possessionem

149 2673 328 2730 ipsorum
351 2690 511 2731 quoque
537 2675 772 2731 principum
804 2678 817 2717 ἓ
868 2675 912 2718 &
935 2674 1003 2730 qui
1032 2676 1177 2718 morbo
1200 2690 1205 2725 ς
1229 2690 1362 2718 rerum
1382 2708 1394 2729 ,
1426 2676 1468 2720 &
1496 2677 1587 2719 inde
1613 2674 1680 2718 sibi
1706 2672 1942 2717 dominium
1970 2684 2112 2731 earum
2135 2667 2272 2732 vindi-

150 2730 216 2775 vel
242 2730 361 2775 aliter
386 2733 601 2787 impediti,
636 2733 794 2776 ratione
819 2731 879 2775 uti
906 2747 988 2776 non
1006 2732 1178 2786 possunt.
1199 2730 1205 2794 ξ
1226 2733 1343 2776 candi
1368 2767 1379 2788 ,
1415 2733 1656 2789 potestatem
1684 2731 1853 2774 haberet
1877 2747 1885 2770 :
1927 2743 2000 2770 nec
2026 2741 2140 2769 enim
2180 2724 2272 2769 illas

152 2788 269 2832 Nam
297 2787 392 2832 licet
416 2789 458 2832 hi
483 2806 642 2847 quoque
663 2790 714 2834 ab
736 2789 828 2834 aliis
855 2802 1075 2846 regantur3
1108 2805 1176 2834 ve·
1198 2824 1202 2830 .
1225 2806 1422 2846 occupare
1439 2803 1597 2847 poterat
1618 2822 1630 2844 ‚
1664 2789 1737 2832 nifi
1762 2787 1847 2839 ejus
1873 2803 1895 2830 a
1919 2787 2117 2828 Creatore
2139 2782 2268 2826 facul-

151 2843 213 2889 lut
236 2847 436 2891 tutoribus
465 2864 475 2890 :
528 2848 605 2892 hoc
635 2860 779 2892 tamen
805 2847 933 2903 ipsum
961 2864 983 2890 a
1017 2846 1175 2890 ratione
1196 2837 1201 2870 l
1223 2859 1353 2891 tatem
1382 2849 1596 2903 accepisset
1616 2880 1624 2890 .
1647 2846 1770 2891 Unde
1799 2861 1873 2889 nec
1897 2841 2140 2887 communio
2161 2856 2269 2896 quae-

151 2900 302 2945 horum
326 2919 410 2948 non
447 2906 594 2960 pendet
630 2937 642 2960 ‚
694 2906 755 2949 sed
780 2922 801 2948 a
827 2905 943 2948 civili
968 2905 1174 2960 imperi03
1221 2905 1316 2948 dam
1337 2906 1536 2960 primaeva
1563 2905 1668 2955 fuit,
1703 2903 1870 2960 positiva
1900 2901 1997 2953 illa,
2031 2898 2266 2956 quam-plu-

150 2958 258 3015 quod
297 2961 468 3006 defeetui
502 2963 565 3007 illi
597 2974 750 3007 naturae
783 2963 976 3018 prospicit
1006 2981 1015 3005 :
1070 2963 1174 3005 secus
1223 2978 1282 3006 res
1308 2963 1507 3021 fingunt3
1547 2980 1570 3007 a
1595 2979 1673 3019 qua
1700 2978 1768 3017 per
1794 2959 2033 3003 divisionem
2070 2955 2260 2999 recessum

150 3029 384 3080 omnes-eos
408 3051 420 3073 ‚
462 3021 530 3077 qui
558 3019 646 3077 plus
670 3021 810 3065 valent
835 3021 991 3065 ratione
1017 3053 1028 3075 ‚
1079 3020 1173 3063 huic
1195 3030 1198 3033 '
1223 3019 1369 3064 fuerit:
1406 3037 1477 3065 ceu
1503 3037 1577 3065 nec
1601 3018 1818 3075 occupatio
1841 3049 1852 3069 ‚
1899 3016 1941 3058 in
1969 3031 2008 3059 re
2032 3014 2118 3057 aeta
2145 3028 2261 3056 com-

152 3072 268 3116 illive
301 3074 483 3139 infanti,
516 3077 718 3134 imperare
752 3077 854 3134 posse
878 3110 890 3132 ‚
923 3089 1127 3134 oporteret
1160 3094 1169 3118 ε
1222 3081 1339 3122 muni
1372 3078 1508 3122 locum
1537 3078 1684 3121 habere
1718 3075 1934 3132 potuisset.
1970 3074 2095 3115 Porro
2118 3072 2188 3112 eod
2223 3070 2256 3122 ᾗ.

152 3145 203 3175 ex
227 3145 308 3188 quo
330 3147 506 3178 ommno
530 3135 678 3182 statum
700 3136 982 3192 perturbatum
1004 3137 1173 3181 essemus
1193 3125 1200 3164 l
1220 3135 1320 3181 dicit
1351 3169 1364 3191 ‚
1409 3136 1612 3181 rationem
1654 3134 1844 3179 inducere
1876 3130 2118 3178 charitatem
2141 3127 2257 3223 lintest

2109 3199 2134 3238 p
2156 3196 2220 3224 ure
2246 3197 2255 3223 :
