2596 3479
295 86 406 141 344
953 72 1781 152 DELEGIBUS‚

1374 155 1401 198 si
1425 170 1474 199 ex
1493 155 1625 219 bonis.
1648 153 1835 203 damnati
1866 155 1994 203 desint
2021 157 2068 204 in
2097 159 2299 219 singulos,
2328 179 2432 224 quos

476 202 520 248 C
577 204 620 250 A
679 204 712 246 P
769 206 814 246 U
873 205 918 247 T
1006 206 1129 251 CIX·
1378 214 1609 258 convicerit
1638 214 1773 259 servos
1801 247 1811 258 .
1856 216 1979 261 Unde
2001 220 2109 275 quod
2136 220 2201 264 lex
2231 223 2435 271 Cornelia

759 320 764 327 Ι
847 322 853 329 .
1159 324 1165 331 ·
1193 324 1199 331 Ι
1228 325 1234 332 ι
1373 269 1538 314 fortasse
1566 272 1861 328 inchoaverat,
1892 276 1930 316 S.
1945 278 1998 319 C.
2014 278 2091 321 hoc
2112 278 2286 322 absolvit
2305 312 2318 334 ,
2345 298 2436 337 poe-

284 325 348 372 De
361 323 703 388 Senatusoqnsulto
716 321 954 375 Sdamano,
979 320 1035 365 (9³
1053 323 1324 379 stammam,
1373 344 1426 371 na
1452 328 1498 371 in
1530 328 1687 373 heredis
1714 331 2012 388 negligentiam
2043 335 2269 390 proposita.
2300 338 2341 380 Si
2364 354 2435 383 ve«

416 381 473 427 (9'
502 383 599 425 alus
627 380 683 422 ad
711 379 873 444 eandem
904 396 982 427 rem
1011 381 1201 426 Senatus·
1373 402 1419 430 ro
1445 387 1674 431 convicerit
1694 404 1761 432 eos
1779 421 1791 441 ‚
1815 392 1884 446 qui
1905 404 2045 446 aperto
2075 393 2316 438 testamento
2338 410 2433 439 ma-

691 436 906 492 consultis.
1375 443 1541 508 numissi
1585 447 1841 500 reperiantur
1872 479 1884 501 ,
1934 448 1982 491 iis
2015 451 2058 492 in
2091 451 2256 495 vincula
2285 452 2424 504 conje-

781 556 788 565 .
887 554 896 564 ²
1233 556 1256 565 ..
1373 501 1447 545 &is
1469 533 1480 555 ‚
1525 501 1697 557 indeque
1725 509 1884 548 caulam
1913 505 2042 549 dicere
2069 507 2216 551 coaffis
2248 542 2260 563 ‚
2306 510 2432 556 denos

421 559 520 621 Une
552 572 574 600 a
607 555 975 602 calumniatoribus
1007 588 1020 612 ‚
1065 557 1110 602 δε
1149 557 1201 601 ab
1232 573 1280 601 iis
1313 589 1325 612 ‚
1373 574 1515 603 aureos
1545 560 1590 602 in
1623 560 1797 616 singulos
1823 578 1871 605 ex
1900 563 2084 606 damnati
2120 566 2237 608 bonis
2267 568 2428 612 auferet

436 630 506 678 qut
556 614 650 657 dolo
681 614 870 657 accusant
893 647 907 669 ‚
949 615 997 658 ad
1039 631 1107 659 eos
1151 615 1327 658 transea÷
1375 633 1447 673 pro
1479 617 1647 671 praernio
1669 650 1680 671 ,
1713 620 1779 671 (d)
1805 621 1851 662 de
1877 635 1958 675 qu)
1981 621 2023 663 δε
2050 621 2181 665 alibi.
2217 624 2348 678 Igitur
2378 641 2431 671 ne

287 688 406 736 mus.
438 687 507 728 qui
540 671 635 715 dolo
668 671 879 728 refugiunt
904 673 1088 717 accusare
1111 704 1121 715 .
1156 675 1206 714 In
1227 675 1327 728 quos
1375 677 1461 717 vita
1498 675 1765 720 dominorum
1806 690 1959 732 pateret
1997 679 2204 722 servorum
2234 680 2425 724 infidiis:

288 731 502 794 conditum
534 730 590 793 esi
619 731 658 772 S.
685 731 738 772 C.
770 729 1032 773 Silanianum
1067 762 1080 784 ,
1123 729 1200 772 nisi
1229 746 1325 774 cum
1375 746 1579 789 eoguntur
1605 733 1706 777 servi
1737 749 1805 790 pei·
1831 735 1908 776 hoc
1935 735 1974 775 S.
1990 736 2042 776 C.
2073 736 2238 791 proprio
2270 739 2430 792 pericu-

285 787 490 851 ‘aliqu-ibus
523 787 742 830 scribamus
773 787 1065 842 Syllanianum
1086 819 1098 840 ,
1130 787 1200 844 qui
1233 803 1326 831 meo
1375 790 1415 833 lo
1450 790 1717 835 dominorum
1747 790 1880 834 vitam
1909 792 2086 845 praestare
2120 824 2133 847 ‚
2179 785 2229 836 ut
2256 794 2382 838 sciant
2414 827 2430 850 ‚

286 845 437 909 judicio
471 844 708 899 falluntur3
740 846 899 889 etenim
925 844 1179 900 refragantur
1205 859 1328 889 num·
1375 847 1410 891 se
1448 849 1607 903 proprio
1650 848 1783 903 capite
1824 849 2058 903 expiaturos
2100 850 2296 906 quidquid
2349 852 2419 895 ad-

286 919 386 967 m¹.’
416 903 459 957 ὃς
492 919 699 946 marmora
732 903 974 957 Capitolina
1001 934 1013 952 ⁴.
1045 915 1166 958 atque
1197 904 1327 946 credi·
1373 904 1474 949 versi
1497 905 1670 949 domino
1695 905 1931 962 contigisset
1958 922 1967 947 :
2013 919 2134 963 atque
2160 907 2216 950 ita
2247 909 2425 954 minime

285 960 414 1003 derim
437 992 448 1013 ‚
482 976 717 1023 cognomen
751 960 788 1003 id
819 959 936 1004 fuisse
967 959 1210 1012 juniorum.
1243 961 1327 1012 (a)
1372 963 1548 1006 audeant
1574 962 1617 1006 in
1638 978 1732 1007 eum
1759 962 1914 1018 aliquid
1941 964 2040 1007 rnali
2066 965 2276 1008 consulere
2295 998 2306 1008 .
2325 968 2429 1010 Un-

283 1018 324 1060 S.
356 1019 409 1060 C.
458 1033 552 1083 vero
597 1017 714 1070 hujus
747 1031 908 1074 ternpus
936 1017 977 1062 8<
1009 1018 1128 1081 otigo
1159 1016 1227 1060 diu
1258 1016 1326 1080 γετί
1349 1020 1420 1080 ‘de
1456 1032 1622 1063 mortuo
1653 1019 1826 1063 domino
1851 1051 1862 1073 ,
1915 1021 1985 1076 qui
2016 1037 2040 1064 a
2072 1020 2234 1065 familia
2263 1023 2420 1067 occisus

285 1075 574 1119 eruditioribus
609 1108 622 1130 ‚
674 1077 760 1119 imo
791 1075 836 1118 ὅτ.
866 1075 940 1130 ipfi
971 1075 1146 1127 Cuiacio
1176 1074 1325 1128 latuit,
1349 1077 1570 1126 {diceretur
1589 1108 1602 1131 ,
1633 1078 1806 1121 Senatus
1839 1080 1970 1121 vetuit
1990 1109 2003 1132 ,
2036 1078 2271 1124 testamenti
2306 1081 2425 1124 tabu-

283 1148 410 1189 quem
454 1133 498 1176 in
541 1150 631 1178 eam
665 1133 952 1191 cognitionem
983 1133 1151 1177 adduxit
1185 1133 1227 1174 P.
1253 1133 1328 1174 Fa-
1374 1135 1430 1177 las
1461 1134 1648 1190 aperiri,
1677 1149 1747 1178 aut
1780 1135 2052 1180 hereditatem
2083 1136 2220 1190 adiri,
2248 1150 2320 1180 aut
2353 1139 2428 1181 bo-

284 1191 356 1234 ber
387 1222 399 1244 ‚
449 1191 518 1248 qui
566 1194 722 1247 primus
765 1190 867 1235 illud
894 1191 1041 1255 ‘retulit
1071 1191 1120 1234 ad
1152 1189 1323 1246 Augusti
1348 1207 1526 1249 {norum
1556 1191 1841 1247 possessionem
1876 1193 1958 1247 peti
1987 1225 2001 1247 ,
2042 1193 2207 1237 aliudve
2238 1194 2333 1249 q‘uid
2367 1195 2418 1238 ad

284 1264 418 1292 aevum
450 1281 462 1303 ‚
512 1250 727 1294 Dolabella
780 1250 823 1293 ὃς
861 1250 1006 1292 Silano
1038 1247 1148 1290 Coss.
1177 1265 1187 1288 τ
1240 1260 1324 1291 ete·
1348 1251 1353 1295 l
1373 1248 1535 1293 causam
1565 1249 1796 1294 testamenti
1830 1251 2038 1306 pertinens
2066 1251 2160 1307 agi,
2195 1265 2424 1308 antequam

286 1308 377 1349 nim
410 1306 454 1350 in
490 1307 577 1363 lege
611 1310 653 1351 in
683 1309 897 1363 cognitione
918 1305 975 1361 ff.
995 1307 1048 1349 ad
1077 1307 1121 1348 5.
1136 1308 1186 1348 G.
1217 1305 1326 1346 Sila·
1373 1307 1591 1350 haberetur
1636 1307 1797 1362 publica
1840 1308 2002 1363 quaestio
2047 1309 2094 1351 de
2128 1308 2246 1352 servis
2287 1341 2300 1362 ,
2345 1309 2419 1365 qui

286 1366 451 1407 manum
484 1366 647 1408 affertur
680 1364 879 1408 sententia
909 1366 946 1406 S.
986 1365 1038 1405 C.
1073 1361 1279 1405 Statiliani
1311 1393 1323 1415 ‚
1374 1364 1441 1407 sub
1471 1364 1617 1407 eodem
1648 1365 1753 1408 test-0
1775 1397 1786 1417 ‚
1821 1359 1967 1409 locove
2001 1365 2170 1409 fuissent
2195 1397 2208 1419 ‚
2252 1366 2297 1409 ὃς
2331 1365 2428 1420 sup·-

286 1421 353 1464 vel
401 1422 635 1465 Domitiani
670 1421 922 1476 temporibus
956 1419 1152 1474 Augusti,
1185 1420 1326 1462 Tauro
1376 1420 1549 1476 plicium
1592 1421 1817 1465 sumeretur
1860 1435 1946 1465 tam
1988 1423 2036 1464 de
2067 1422 2203 1466 noxiis
2237 1453 2251 1476 ,
2292 1437 2424 1478 quarn

286 1479 331 1521 Sc
365 1479 516 1534 Lepido
549 1479 662 1522 Coss.
691 1481 741 1521 A.
773 1478 826 1518 U.
849 1478 1217 1521 C.DCCLXIII.
1246 1492 1327 1532 quo
1374 1479 1420 1522 de
1455 1478 1503 1521 iis
1529 1510 1540 1529 ‚
1583 1479 1653 1533 qui
1685 1478 1904 1521 dominum
1936 1478 2196 1522 deseruissent
2234 1509 2247 1530 ,
2299 1491 2425 1534 atque

286 1537 512 1592 prcefinitur
554 1534 888 1592 quinquennium
934 1536 1016 1589 (*)
1058 1535 1108 1577 ad
1138 1534 1329 1578 accusari·
1374 1551 1496 1590 opem
1530 1534 1632 1578 ferre
1665 1535 1965 1589 neglexissent.
1997 1536 2057 1585 (e)
2093 1535 2191 1577 Ideo
2220 1549 2427 1579 verove-

287 1595 385 1636 dnrn
418 1594 608 1637 heredem
639 1606 884 1637 extraneum
904 1623 917 1647 ‚
947 1593 1018 1649 q'ui
1050 1604 1192 1635 contra
1213 1591 1251 1634 S.
1273 1592 1323 1634 C.
1375 1593 1456 1636 tuit
1487 1593 1659 1636 Senatus
1689 1592 1838 1646 aperiri
1871 1591 2103 1634 testamenti
2137 1591 2292 1634 tabulas
2326 1623 2340 1645 ‚
2372 1607 2427 1637 ne

286 1651 546 1694 Silanianum
567 1684 579 1705 ,
613 1650 690 1695 hoc
715 1652 768 1695 est
798 1664 894 1694 ante
920 1650 1184 1706 quaestionem
1209 1648 1327 1690 habi·
1375 1650 1532 1694 crimen
1565 1649 1723 1692 caderet
1756 1649 1800 1691 in
1833 1648 1965 1693 servos
1998 1648 2242 1692 testamento
2273 1664 2433 1693 manu-

286 1721 372 1751 tam
396 1709 441 1752 de
467 1709 584 1752 servis
603 1741 615 1763 ,
658 1709 946 1752 testamentum
972 1706 1183 1763 aperuisset
1206 1705 1288 1757 ejus
1314 1737 1326 1759 ‚
1351 1707 1549 1760 ‚mis3053
1584 1705 1662 1760 (f)
1700 1707 1835 1762 itaque
1869 1720 1991 1761 poena
2026 1705 2218 1749 sum-enda
2248 1706 2295 1750 de
2323 1705 2427 1749 libe-

285 1768 353 1823 qui
378 1783 399 1809 a
426 1769 588 1822 propria
610 1766 770 1810 familia
794 1766 993 1809 diceretur
1015 1764 1170 1808 occisus
1197 1795 1206 1805 .
1239 1764 1328 1815 (b)
1376 1766 1428 1808 ris
1461 1764 1702 1807 hominibus
1733 1765 1831 1807 esset
1865 1762 1994 1807 veluti
2027 1763 2074 1806 de
2111 1763 2229 1806 servis
2256 1794 2269 1816 ‚
2303 1762 2426 1806 inde-

284 1827 398 1868 Cum
424 1836 561 1868 autem
587 1824 669 1867 haec
693 1823 843 1866 additio
868 1823 916 1866 sit
946 1824 992 1865 ad
1025 1822 1286 1865 Silanianum
1315 1851 1328 1873 ‚
1376 1838 1452 1878 que
1500 1820 1698 1864 libertatis
1740 1820 1920 1877 dignitas
1966 1820 2219 1873 turpitudine
2265 1818 2425 1863 servilis

287 1894 484 1937 apparet,
517 1881 784 1925 Statilianum
808 1880 883 1924 esse
916 1879 1119 1924 recentius
1143 1896 1152 1920 :
1200 1893 1327 1933 eoque
1378 1877 1560 1933 supplicii
1581 1878 1854 1921 macularetur
1875 1909 1884 1920 .
1914 1879 2072 1920 Verum
2105 1876 2290 1919 Neronis
2317 1888 2427 1919 tem-

285 1939 543 1982 Silanianum
568 1955 678 1981 anno
706 1938 847 1981 saltem
869 1936 944 1981 effe
969 1937 1200 1993 antiquius:
1235 1936 1329 1990 quia

287 2012 397 2040 anno
440 2009 535 2040 ante
577 1998 766 2039 Taurum
801 1995 844 2038 δε
881 1995 1081 2050 Lepidum
1119 1992 1327 2036 Statiliani

286 2055 468 2098 austores
506 2087 518 2108 ,
566 2053 822 2097 consulatum
861 2054 1012 2108 gessere
1048 2050 1330 2094 Dolabella&

287 2113 448 2155 Silanus
484 2145 495 2165 ‚
542 2112 686 2168 quibus
717 2110 978 2153 Silanianum
1016 2109 1280 2152 adscribimus
1320 2138 1330 2149 .

287 2172 354 2213 Ex
381 2186 459 2225 quo
489 2170 700 2225 colligitur
720 2201 731 2222 ‚
777 2180 945 2224 utraque
977 2167 1015 2209 S.
1039 2167 1092 2209 C.
1124 2166 1330 2218 originem

1378 1951 1471 1991 pore
1503 1936 1551 1978 ad
1581 1935 1660 1978 hoc
1693 1937 1731 1976 S,
1752 1935 1805 1977 C.
1838 1935 1997 1978 accessit
2028 1933 2136 1975 aliud
2164 1965 2178 1986 ‚
2210 1933 2297 1987 ipso
2331 1934 2424 1975 Ne-

1381 2008 1477 2035 rone
1521 1993 1564 2035 &
1609 1991 1749 2035 Pisone
1793 1992 1906 2034 Coss.
1948 1991 2036 2046 (g)
2067 2006 2147 2046 quo
2182 2004 2266 2032 non
2299 1989 2426 2033 modo

1380 2050 1523 2105 prioris
1557 2050 1593 2092 S.
1615 2050 1667 2092 C.
1701 2046 1905 2091 sententia
1938 2047 2267 2092 confirmabatur
2288 2078 2300 2098 ‚
2356 2045 2422 2089 sed

1378 2107 1477 2151 illud
1508 2108 1636 2150 etiam
1668 2105 1934 2156 adjiciebatur
1954 2137 1966 2157 ,
2000 2118 2044 2147 ut
2076 2104 2144 2160 qui
2179 2105 2423 2146 testamento

1384 2164 1619 2208 manumissi
1666 2164 1731 2205 sub
1778 2163 1922 2206 eodem
1954 2161 2060 2205 testo
2093 2160 2332 2204 mansissent
2364 2160 2430 2202 in-

287 2229 337 2270 ab
369 2227 538 2281 Augusti
570 2242 655 2270 aevo
679 2225 846 2269 traxisse
869 2257 881 2280 ,
933 2224 1003 2268 sub
1030 2240 1114 2280 quo
1138 2235 1223 2265 tam
1257 2224 1327 2264 Le·
1380 2236 1439 2265 ter
1472 2222 1601 2264 servos
1621 2252 1633 2272 ‚
1668 2236 1799 2274 paenas
1830 2222 1972 2262 darent
1999 2250 2008 2261 .
2040 2219 2128 2270 (h)
2161 2217 2282 2273 Qiod
2313 2217 2429 2259 S-C.

289 2285 403 2340 pidus
433 2286 476 2326 ὃς
498 2285 660 2327 Taurus
687 2315 698 2335 ‚
743 2298 867 2340 quam
907 2280 1122 2325 Dolabella
1159 2281 1202 2323 &
1226 2279 1332 2321 Sila·
1358 2280 1420 2333 2&
1457 2278 1747 2322 Neronianum
1779 2276 1930 2319 dicitur
1959 2307 1972 2328 ,
2016 2275 2060 2318 &
2108 2274 2372 2316 Pisonianum
2403 2302 2418 2325 ‚

291 2358 365 2385 nus
391 2342 499 2384 fuere
527 2340 726 2384 Consules
752 2372 760 2382 .
804 2341 881 2392 (c)
908 2339 982 2381 Sed
1013 2355 1093 2394 quo
1128 2338 1295 2392 suspicer
1319 2367 1332 2389 ,
1357 2338 1500 2392 ‘atque
1531 2336 1656 2378 etiarn
1690 2333 1970 2376 Claudianum
2001 2363 2014 2384 ‚
2062 2330 2157 2385 quia
2191 2332 2305 2375 Nero
2337 2329 2427 2372 fue-

289 2399 444 2454 aliquid
477 2398 752 2441 anterioribus
797 2397 1049 2452 temporibus
1091 2395 1165 2438 hac
1205 2395 1248 2436 in
1291 2409 1331 2437 re
1384 2407 1444 2436 rat
1475 2409 1498 2435 a
1529 2392 1706 2435 Claudio
1739 2391 1952 2443 adoptatus
1980 2420 1988 2430 .
2021 2389 2076 2438 (i)
2106 2389 2169 2430 Ex
2202 2402 2251 2429 eo
2282 2399 2427 2429 antem

289 2456 406 2500 fuisse
431 2456 728 2509 constitutum,
763 2455 960 2510 praecipue
987 2454 1029 2497 in
1058 2453 1142 2509 lege
1172 2453 1331 2494 Corne·
1381 2453 1420 2494 S.
1453 2451 1506 2492 C.
1549 2465 1674 2493 omne
1706 2447 1875 2491 dubium
1911 2446 2112 2489 sublatum
2146 2443 2222 2486 fuit
2255 2475 2267 2496 ,
2319 2441 2428 2499 quod

293 2514 346 2557 lia
368 2515 414 2556 de
447 2513 594 2557 sicariis
625 2545 639 2568 ,
665 2526 779 2566 urget
808 2513 871 2556 lex
900 2525 966 2567 25.
1000 2509 1117 2561 hujus
1148 2509 1258 2552 tituli
1290 2508 1331 2550 ff.
1382 2508 1481 2551 oriri
1516 2519 1700 2562 poterat,
1734 2505 1760 2547 si
1780 2517 1921 2547 contra
1948 2502 2216 2564 Silanianum.
2234 2512 2425 2554 apertum

290 2587 368 2627 qua
391 2571 560 2614 traditur
585 2604 596 2624 ‚
629 2587 675 2614 ea
701 2571 785 2626 lege
819 2569 937 2613 fuisse
964 2581 1132 2612 cautum
1158 2567 1205 2609 de
1233 2581 1332 2621 prae-
1384 2565 1520 2609 fuisset
1547 2565 1834 2607 testamentum
1853 2593 1864 2613 ‚
1897 2560 1939 2603 ἃ
1967 2574 2022 2602 rei
2051 2556 2329 2613 apparuissent
2356 2556 2432 2598 ser-

288 2629 374 2672 mio
398 2629 637 2672 accusatoris
665 2629 869 2672 servorum
893 2659 904 2680 ,
935 2626 1003 2682 qui
1030 2638 1124 2668 ante
1151 2624 1334 2681 quaestio-

291 2700 388 2728 nem
414 2685 682 2741 aufugerint,
714 2685 758 2728 &
783 2685 934 2728 caedem
959 2683 1198 2727 admiserint
1226 2714 1239 2734 ‚
1291 2692 1334 2724 ut

294 2742 474 2800 quinque
503 2758 643 2786 aureos
671 2743 874 2799 acciperet
901 2742 1031 2786 etiam
1064 2741 1110 2784 de
1139 2738 1304 2796 publico
1324 2769 1336 2791 ‚

1385 2624 1425 2667 vi
1474 2622 1717 2665 testamento
1751 2618 1989 2662 manumiffi
2021 2648 2033 2669 ‚
2087 2617 2302 2658 servorum
2333 2628 2384 2654 ne
2415 2642 2430 2664 ,

1383 2696 1435 2724 an
1471 2679 1692 2722 liberorum
1728 2692 1841 2719 more
1877 2674 2072 2730 puniendi
2105 2673 2278 2716 essent?
2313 2671 2429 2711 Nam

1384 2740 1554 2781 Senatus
1595 2737 1648 2779 C.
1699 2733 1993 2778 Neronianum
2035 2729 2142 2782 jussit
2172 2761 2185 2783 ‚
2237 2740 2280 2772 ut
2311 2725 2431 2768 simul

2339 2797 2438 2825 cum

1398 2870 1507 2883 ud
2340 2859 2444 2868 ⁶⁸-

1429 2907 1484 2947 (ε)
1512 2909 1548 2938 L.
1567 2915 1621 2943 25.
1639 2872 1763 2946 inf-if-
1780 2903 1816 2934 de
1833 2904 1871 2934 s.
1889 2903 1923 2932 c.
1939 2899 2107 2933 silanian.
2126 2897 2165 2930 (9·
2183 2905 2250 2930 τωο
2271 2895 2326 2928 tir.
2339 2890 2379 2936 ff.
2400 2891 2440 2923 ἕο·

301 2876 649 2889 Μ--ιη--ι-
1626 2871 1731 2880 —-—-

866 2874 1337 2887 -—-————n—-*

343 2912 404 2951 (a)
426 2912 541 2954 Dausq.
559 2913 593 2943 in
608 2912 810 2952 orthagrapb.
831 2913 889 2943 hac
906 2923 974 2944 voc.

342 2957 399 2997 (⁸)
426 2958 495 2990 Nisi
530 2956 743 2998 parricidium
775 2964 991 2995 argueretur,
1017 2964 1083 2996 quo
1109 2954 1182 2989 casu
1198 2952 1335 2999 questio
1386 2957 1419 2986 C.
1442 2952 1507 2983 eod.
1529 2949 1728 2988 pinxissent.
1748 2945 1795 2979 tib
1812 2956 1827 2985 3
1862 2947 1920 2979 tir.
1948 2953 1978 2984 ς.

298 2999 487 3035 vicennium
501 3001 596 3034 durat
612 3004 648 3033 L.
671 3011 720 3038 13·
744 3005 789 3033 D.
805 3001 839 3032 de
853 3004 890 3032 s.
907 3004 941 3032 C.
957 3000 1131 3034 sitaniano
1146 3020 1158 3036 .
1432 2996 1500 3038 [f]
1530 2994 1639 3031 Cuim-
1658 2992 1720 3029 obs.
1739 2991 1799 3025 lib·
1823 2995 1872 3024 18·
1891 2997 1961 3031 ΜΡ·
1979 2993 2011 3021 6·

346 3045 399 3086 (b)
426 3045 535 3082 Cuiac.
553 3045 613 3079 bib-
627 3058 660 3085 4.
676 3054 743 3088 cap.
766 3055 817 3083 14.
835 3046 893 3086 obs.
1432 3041 1482 3083 [ς]
1511 3041 1620 3074 Tacit.
1638 3039 1749 3070 amat-
1773 3047 1821 3075 13.
1840 3043 1906 3076 cap.
1932 3045 1984 3073 32.
2001 3032 2039 3064 ὠ·
2054 3044 2132 3064 ann.
2156 3041 2208 3070 14.

349 3092 405 3132 (c)
429 3091 539 3129 Cujac.
556 3090 676 3131 observ.
692 3091 756 3128 tib,
776 3102 800 3123 1.
824 3099 889 3135 cap.
913 3093 961 3124 18.
1431 3087 1489 3126 (h)
1515 3086 1622 3117 Tacit,
1641 3085 1705 3116 eod.
1722 3082 1780 3116 ubi
1799 3081 1926 3123 Lipsius
1958 3101 1967 3110 .

351 3137 411 3177 fid)
437 3138 523 3173 fiad.
536 3138 605 3180 lege
621 3139 649 3180 ς.
667 3147 697 3168 2.
1432 3133 1452 3173 (
1465 3133 1478 3163 ι·
1489 3131 1509 3172 )
1533 3129 1648 3169 cujac.
1664 3136 1771 3173 parat.
1784 3125 1824 3172 ff.
1841 3127 1896 3161 hoc
1912 3125 1968 3161 tir.
1985 3121 2043 3158 abi
2059 3123 2137 3158 vide
2153 3117 2257 3164 Chaff.
2273 3119 2327 3153 lir.
2343 3119 2383 3151 c.
