2596 3479
233 121 302 189 5⁷8
635 115 1117 172 DEORTU
1181 116 1310 171 ET
1367 115 1979 172 PROGRESSU

238 195 487 246 floruerunt:
523 194 606 247 (¹⁶)
639 192 789 250 vixque
822 192 988 236 tandem
1020 190 1282 236 emerserunt
1335 191 1479 236 Codex
1504 192 1754 249 appellatur:
1785 192 1956 250 indeque
1976 203 2130 237 ceteros
2153 191 2277 239 libros
2310 190 2374 246 Ju-

237 267 350 297 anno
380 252 620 296 MCXXX.
1339 249 1393 292 ris
1418 265 1431 303 3
1475 250 1559 293 imo
1587 282 1599 304 ,
1642 251 1686 295 &
1728 251 1991 308 Digestorum
2023 251 2133 295 aliud
2163 252 2375 308 exemplar

1337 307 1381 351 in
1413 307 1547 352 lucem
1585 308 1712 365 aliqui
1758 309 1909 354 rediisse
1955 321 2139 366 putant:
2186 325 2261 354 nee
2293 309 2374 353 mi·

412 369 453 412 C
515 369 554 412 A
617 368 646 410 P
707 368 750 409 U
812 366 857 408 T
1340 380 1431 408 rum
1460 397 1471 418 ‚
1514 381 1611 409 curn
1651 382 1697 410 ea
1739 368 1850 410 Urbs
1907 367 2032 424 longo
2069 380 2254 425 tempore
2292 370 2380 410 Ro-

1340 422 1474 466 manis
1523 422 1678 479 legibus
1719 425 1868 470 vixerit
1901 457 1913 480 ,
1956 425 2000 469 &
2043 425 2249 469 Orientali
2293 428 2381 468 Ro-

1340 496 1559 524 manorum
1592 482 1773 538 Imperio
1809 483 1878 527 diu
1911 484 2206 539 obtemperarit
2232 516 2241 526 .
2286 484 2379 526 No-

1341 538 1457 582 vellae
1488 555 1586 583 vero
1627 541 1940 584 constitutiones
1971 543 2098 585 etiam
2144 555 2265 585 antea
2307 555 2378 596 per

341 603 382 645 O
410 614 619 658 tempore,
661 598 815 652 injustis
860 598 1180 655 perturbatisque
1222 613 1290 642 co·
1342 596 1509 641 Italiam
1551 599 1840 654 vagabantur:
1886 612 2011 654 utque
2045 615 2135 642 mea
2180 599 2258 643 fert
2289 598 2374 654 opi-

372 659 530 713 mitiis,
562 657 758 704 lacerarat
788 656 1013 701 Ecclesiam
1045 656 1163 699 sallus
1184 655 1286 698 Pon·
1342 654 1411 698 nio
1449 686 1462 708 ,
1508 655 1630 699 multi
1676 655 1773 708 juris
1814 655 1949 699 civilis
1996 656 2124 710 libri,
2170 657 2380 712 postquam

244 716 346 760 tifex
391 717 529 760 Petrus
578 717 764 768 Leonis,
810 713 1038 758 AnacletuS
1088 713 1294 757 Secundus
1340 712 1499 756 incessit
1530 713 1719 758 homines
1760 714 1906 768 cupido
1963 715 2181 769 recipiendi
2223 716 2382 756 Roma-

244 786 504 829 nuncupatus
559 775 609 818 ab
657 774 721 817 sua
757 772 969 817 fae'tione:
1021 770 1150 822 Cujus
1195 773 1293 815 Dux
1343 771 1384 814 ni
1432 770 1528 822 iuris
1554 804 1564 824 ‚
1607 773 1737 828 agniti
1785 771 1918 826 potius
1951 770 2061 814 fuere
2100 803 2113 824 ‚
2152 786 2277 827 quarn
2321 785 2382 813 re-

244 846 330 876 erat
378 832 578 888 Rogerius
624 832 790 889 Apuliae
834 846 881 874 ac
920 828 1071 872 Siciliae
1103 844 1240 872 comes
1277 861 1289 882 ‚
1316 830 1480 884 lperti,3
1514 845 1608 872 nam
1643 836 1681 870 ὦ(
1722 828 1880 884 aliquot
1911 843 2009 871 ante
2036 828 2284 872 Lotharium
2309 842 2386 870 an-

245 890 372 946 Regis
417 890 590 934 nomine
632 906 654 932 a
700 889 798 932 falso
838 886 1037 931 Pontis-icc
1079 886 1290 930 donatus.
1315 873 1402 938 lnis
1439 919 1451 940 ‚
1495 886 1556 939 jus
1597 886 1720 931 civile
1763 886 1980 939 Justiniani
2037 884 2385 930 commemoravit

245 948 455 992 Adversus
499 947 751 991 Anacletum
791 957 949 989 creatus
995 944 1068 988 rite
1134 960 1179 988 ac
1233 942 1417 1008 s0-11vo
1453 945 1719 988 Carnotenlis
1745 977 1757 998 ,
1802 945 1886 997 (c)
1916 944 1958 987 ὃς
2005 942 2127 988 libros
2166 942 2383 986 Pande'cta-

240 1006 439 1050 lemniter
483 1005 612 1049 fuerat
645 1003 913 1048 Innocentius
942 1002 1149 1046 Secundus
1181 1034 1192 1056 ‚
1225 1002 1290 1046 cui
1315 1017 1318 1047 ;
1339 1017 1453 1045 rum:
1489 1018 1585 1045 cum
1612 1015 1732 1045 antea
1771 1001 1797 1044 si
1823 1012 2083 1045 occurrerent
2111 1035 2123 1056 ,
2156 1001 2288 1044 forsan
2325 999 2385 1043 so-

974 366 1111 411 CXL.

243 488 311 534 De
326 483 612 542 Instauratione
631 483 770 539 iuris]
778 479 989 539 'fiinianei
999 482 1079 537 sub
1090 482 1290 526 Lothario.

244 1063 406 1107 favebat
441 1065 674 1118 Imperator
725 1060 944 1106 Lotharius
987 1060 1094 1104 Saxo
1119 1092 1133 1115 ,
1185 1060 1294 1104 sum·
1314 1055 1318 1091 9
1337 1059 1476 1104 cordia
1496 1091 1509 1114 ‚
1541 1059 1586 1103 δε
1614 1058 1831 1103 oblivione
1861 1059 2301 1114 praetermitterentur.

243 1138 312 1165 ma
367 1122 520 1164 virtute
554 1152 565 1174 ‚
611 1133 731 1177 atque
784 1117 1003 1175 ‘prudentia
1048 1116 1241 1174 Princeps
1280 1151 1288 1161 .

246 1181 356 1231 (a)
400 1180 495 1234 Quo
538 1177 694 1222 bellum
731 1190 901 1234 gerente
933 1176 1118 1220 adversus
1153 1179 1288 1233 Roge-

246 1237 355 1280 rium
385 1269 398 1290 ,
444 1235 647 1292 Amalphi
681 1268 693 1290 ,
738 1236 852 1278 Urbe
888 1234 1057 1278 Salerno
1103 1234 1290 1289 proxima

245 1300 408 1351 (quam
442 1309 653 1349 perperam
686 1292 815 1349 aliqui
853 1291 990 1336 locant
1032 1291 1074 1334 in
1103 1291 1289 1346 Apulia,

243 1351 484 1408 Melphiam
539 1367 634 1394 cum
674 1349 877 1405 Amalphi
928 1349 1227 1393 confundentes
1273 1351 1290 1401 )

243 1410 464 1465 inopinato
516 1408 666 1462 reperti
711 1408 877 1452 fuerunt
928 1407 1193 1463 Digestorum
1240 1407 1290 1450 li-

249 1467 306 1511 bri
351 1484 360 1508 :
403 1482 504 1523 quos
549 1466 721 1519 Pisani,
770 1466 839 1522 qui
880 1464 995 1508 classe
1034 1464 1288 1517 Lorharium

245 1537 390 1569 contra
423 1523 653 1581 Rogerium
702 1522 940 1573 adjuverant
973 1554 985 1575 ‚
1019 1522 1189 1577 praemio
1223 1524 1286 1565 be-

244 1598 296 1626 ne
330 1595 487 1626 navatae
506 1592 666 1636 ‘operat
704 1583 721 1632 (
755 1581 842 1631 ''¹‘)
899 1580 968 1622 fibi
1018 1593 1242 1623 exorarunt
1279 1612 1288 1622 .

242 1640 339 1683 Pisis
375 1655 469 1683 vero
495 1670 506 1692 ‚
541 1639 623 1694 post
659 1638 827 1693 longam
861 1637 1114 1681 obsidionem
1147 1654 1169 1680 a
1205 1639 1288 1681 Ca-

245 1698 372 1753 ponio
411 1695 575 1740 militiae
633 1698 747 1740 Duce
785 1696 945 1739 strenuo
999 1696 1243 1751 expugnatis
1277 1728 1288 1749 ‚

243 1755 428 1799 translati
463 1754 574 1797 fuere
607 1753 863 1797 Florentiam
901 1769 912 1795 t
961 1755 977 1805 (
1012 1754 1035 1795 b
1067 1754 1084 1804 )
1116 1754 1181 1796 ubi
1216 1769 1288 1809 pro

245 1813 426 1869 Augusta
477 1811 675 1854 Mediceae
728 1811 873 1854 domus
926 1811 1237 1866 magnificentia
1275 1843 1287 1864 ‚

244 1872 287 1916 in
315 1870 461 1913 Museo
492 1868 636 1925 magni
661 1868 788 1912 Ducis
812 1868 1138 1912 conservantur.
1174 1869 1288 1912 Hinc

243 1928 472 1985 promiscua
524 1927 759 1970 Pisanarum
796 1958 807 1979 ,
853 1926 897 1970 &
951 1926 1285 1970 florentinarum

241 1986 345 2041 apud
401 1985 610 2040 scriptores
669 1984 963 2027 PandeStarum
1009 1983 1231 2039 appellatio
1277 2017 1286 2027 .

242 2043 391 2087 Iisdem
426 2042 678 2098 temporibus
713 2054 919 2096 repertum
952 2044 1164 2085 Ravennae
1209 2041 1286 2085 fuit

236 2101 579 2146 constitutionum
601 2098 891 2157 Imperialium
913 2105 1112 2143 vo'umen
1136 2129 1148 2154 ‚
1179 2099 1285 2156 quod

595 2274 713 2284 u·—

286 2306 368 2347 (⁴¹)
419 2309 494 2339 Inio
520 2306 697 2338 verisimile
721 2306 792 2345 est,
836 2304 904 2348 post
931 2313 1159 2347 recuperatam
1186 2317 1204 2337 a
1230 2309 1283 2347 Ju-

239 2352 381 2384 stiniano
400 2374 410 2389 ‚
457 2351 556 2385 vistis
593 2349 744 2390 Gothis,
779 2350 915 2384 ltaliam
938 2374 946 2390 ‚
969 2349 1019 2388 jus
1048 2351 1287 2392 justinianeum

240 2407 370 2441 quoque
397 2397 429 2429 in
459 2397 563 2430 Italia
589 2395 837 2440 promulgatum
853 2394 964 2428 suiffe.
995 2396 1203 2437 Longobardi
1222 2399 1287 2429 Ro-

240 2445 349 2477 manis
375 2442 427 2475 sua
452 2442 523 2485 lege
549 2442 662 2474 vivere
689 2441 909 2484 permiserunt
925 2464 935 2481 ‚
975 2441 1094 2474 Paulus
1121 2442 1285 2476 Diaconus

238 2490 278 2522 de
312 2486 409 2531 gestis
446 2486 649 2531 Langobard.
677 2491 715 2519 L.
734 2490 788 2519 11.
827 2497 851 2518 ι.
869 2495 898 2525 5.
942 2488 984 2519 Et
1009 2486 1043 2518 in
1069 2487 1144 2528 ipfis
1170 2498 1286 2521 eorum

240 2534 367 2578 legibus
394 2534 502 2575 legum
532 2536 757 2565 Romanarum
802 2542 868 2564 non
893 2530 971 2564 vilis
996 2530 1119 2564 dicitur
1143 2533 1284 2566 auetori-

240 2588 317 2612 tas:
346 2581 396 2611 ῙΙ.
417 2582 455 2612 F.
473 2581 502 2610 Ι.
531 2577 682 2611 Eundem
708 2588 837 2610 morem
864 2588 923 2609 nec
947 2576 1087 2609 devietae
1112 2579 1281 2620 gentica-

240 2625 329 2658 rolus
355 2628 406 2657 M.
435 2622 582 2662 invidit,
621 2623 656 2655 in
679 2621 771 2660 cuius
796 2622 1087 2655 constitutionibus
1103 2645 1114 2662 ‚
1141 2634 1213 2666 quae
1240 2623 1280 2656 le-

240 2670 336 2713 gibus
363 2667 580 2706 subjiciuntur
607 2667 868 2711 Longobardicis
892 2667 1046 2710 frequens
1070 2669 1202 2701 mentio
1232 2667 1278 2706 ju-

240 2715 285 2748 ris
314 2713 481 2747 Romani.
522 2712 638 2746 Multo
679 2714 782 2756 magis
808 2713 913 2754 igitur
941 2717 1054 2746 Romae
1080 2720 1151 2746 turn
1177 2713 1283 2757 viguit

235 2758 288 2799 ius
313 2764 500 2793 Romanum
528 2759 556 2789 8<
583 2758 617 2790 in
642 2757 832 2790 Exarchatu
849 2777 859 2796 3
886 2767 944 2790 nec
968 2756 1122 2799 deinceps
1139 2769 1283 2801 unquam

236 2806 272 2839 in
299 2804 424 2838 honore
449 2803 509 2835 effe
534 2802 627 2835 desiit
645 2823 654 2832 .
684 2802 849 2844 Praecipua
875 2810 988 2834 tamen
1017 2802 1148 2836 Codicis
1167 2805 1196 2835 &
1216 2809 1281 2836 No-

240 2850 402 2884 ullarum
442 2847 644 2885 austeritas,
672 2846 818 2888 primum
841 2845 928 2889 quod
959 2847 992 2878 in
1023 2846 1062 2879 iis
1096 2845 1147 2884 jus
1175 2849 1280 2882 novis-

238 2897 359 2930 fimum
378 2916 389 2933 ‚
428 2901 527 2932 tum,
564 2891 651 2935 quod
680 2891 757 2925 libri
786 2891 950 2934 utriusque
977 2891 1086 2932 capita
1112 2895 1282 2935 complura

236 2943 328 2978 clero
353 2938 528 2977 faverent;
555 2948 656 2982 quare
695 2945 763 2969 tarn
790 2937 860 2969 sero
890 2936 1060 2970 Pandestae
1084 2936 1221 2972 detectae
1250 2941 1279 2973 &

237 2985 373 3033 quidem
398 2984 566 3018 occasione
591 2981 663 3015 litis
690 2981 889 3015 Gramaticae
905 3004 913 3013 .

283 3031 369 3074 (a)
417 3030 528 3071 Sigon.
556 3029 592 3060 de
614 3030 717 3070 Regn-
736 3029 817 3059 Ital.
845 3029 868 3059 Ι.
882 3038 915 3063 4.

287 3081 306 3119 (
326 3074 401 3114 ΟΝ)
449 3073 549 3116 Quod
575 3073 646 3105 casu
672 3072 778 3113 magis
805 3071 975 3114 contigisse
1003 3071 1170 3107 existimat
1185 3078 1222 3108 V.
1239 3077 1276 3108 Α.

237 3122 400 3161 Henricus
426 3120 673 3152 Brenemannus
712 3119 747 3149 in
777 3116 920 3158 Hrfloria
948 3116 1182 3151 Pandeflarum
1208 3123 1229 3151 l.
1251 3132 1276 3152 ι.

237 3178 306 3215 ηρ.
324 3170 355 3200 6.
383 3167 418 3200 &
441 3166 519 3209 dtss.
536 3162 701 3209 possm‘eri
725 3163 763 3198 de
792 3163 951 3206 Amalphr'
974 3174 994 3196 a
1020 3163 1153 3205 Pisanis
1174 3165 1277 3208 direp-

1501 1174 1942 1218 CAPUT
2061 1175 2218 1218 CXLI.

1539 1290 1606 1334 De
1650 1290 1873 1334 Pandefflis
1903 1290 2179 1334 Florentinis.

1454 1406 1593 1461 Egum
1653 1417 1793 1449 autem
1852 1407 2141 1449 Romanarum
2203 1407 2379 1451 oraculis

1473 1463 1555 1519 post
1604 1462 1847 1506 diuturnum
1892 1463 2099 1506 silentium
2148 1463 2377 1520 suscitatis,

1340 1520 1460 1563 Italia
1491 1519 1576 1572 jam
1610 1521 1764 1575 pridem
1798 1520 1929 1565 oblita
1964 1521 2052 1575 sui,
2086 1521 2258 1576 respexit
2291 1535 2384 1565 tan-

1337 1579 1429 1621 dem
1486 1577 1568 1632 ipsa
1615 1577 1688 1621 sese
1715 1610 1727 1632 ‚
1779 1577 1904 1633 inque
1948 1578 2024 1621 suis
2066 1578 2225 1635 legibus
2270 1592 2387 1624 vetu-

1339 1637 1439 1679 stam
1486 1635 1657 1691 Imperii
1702 1634 1953 1687 majestatem
1999 1637 2275 1691 recognovit:
2324 1652 2385 1681 re-

1338 1694 1526 1749 cepitque
1555 1709 1622 1748 per
1661 1709 1725 1737 eas
1769 1693 1810 1737 in
1845 1705 1934 1737 toto
1971 1692 2144 1745 subjeeco
2176 1694 2244 1738 fibi
2277 1694 2385 1739 olim

1338 1766 1540 1795 terrarum
1575 1752 1685 1795 Orbe
1713 1783 1724 1805 ‚
1759 1751 1784 1794 si
1818 1766 1903 1794 non
1942 1752 2170 1807 imperium
2198 1784 2210 1806 ,
2242 1765 2283 1796 at
2313 1751 2388 1796 sal-

1338 1822 1420 1852 tem
1457 1808 1641 1852 nominis
1683 1809 2012 1862 auS'toritatem‘,
2056 1825 2225 1865 quaeque
2275 1811 2380 1853 vires

1339 1865 1640 1910 dominationis
1682 1865 1872 1909 amiserat
1905 1897 1917 1920 ‚
1964 1866 2122 1910 ratione
2166 1867 2209 1910 in
2256 1868 2385 1923 poste-

1338 1940 1426 1967 rum
1468 1924 1690 1978 imperavit
1721 1956 1729 1966 .
1763 1923 1926 1968 Nostris
1961 1923 2075 1967 enim
2109 1924 2263 1980 legibus
2293 1942 2385 1969 om-

1339 1998 1408 2025 nes
1472 1981 1611 2038 populi
1665 1981 1881 2025 submisere
1919 1980 2041 2026 fasces
2080 1997 2092 2035 3
2135 1983 2286 2038 quique
2336 1985 2386 2026 ab

1340 2039 1520 2095 Imperio
1566 2039 1814 2082 desciverant
1853 2043 2141 2083 Romanorum
2179 2073 2191 2094 ,
2237 2056 2386 2085 eorun-

1336 2100 1428 2143 dem
1463 2095 1668 2152 sapientiae
1704 2109 1901 2153 perpetuo
1943 2110 2172 2154 paruerunt
2199 2129 2209 2140 .
2259 2099 2385 2143 Porro

2298 2159 2390 2201 Co-

1868 2276 1975 2283 —
2088 2275 2387 2287 ....-----—-...

1338 2314 1394 2336 ta·
1426 2307 1498 2337 Irno
1527 2304 1681 2346 quicquid
1719 2302 1758 2335 de
1786 2302 1959 2335 Pandec‘cis
1986 2303 2145 2346 Ama!phi
2169 2303 2307 2346 repertis
2331 2305 2384 2339 di-

1334 2349 1445 2388 citur,
1493 2359 1558 2380 non
1585 2347 1757 2380 inmerito
1782 2347 1920 2381 dubium
1947 2347 2078 2380 videtur
2103 2347 2212 2381 Celeb.
2242 2350 2384 2384 Hein'ee·

1335 2394 1386 2427 cio
1424 2395 1459 2427 i„
1486 2391 1635 2434 Historta
1654 2393 1781 2434 suris,
1809 2393 1861 2424 vel
1898 2392 1973 2425 ideo
2013 2393 2102 2425 inter
2127 2401 2271 2432 caetera,
2299 2396 2376 2438 quia

1336 2451 1417 2478 rem,
1436 2449 1548 2483 quam„
1569 2439 1668 2481 vulgo
1682 2437 1852 2478 contigiffe
1869 2436 1979 2471 ferunt
1999 2443 2097 2472 Anno
2112 2441 2381 2482 MCXXXVH·‚

1337 2495 1435 2518 nemo
1471 2484 1639 2527 antiquior
1680 2482 1788 2516 literis
1813 2482 2014 2521 tradiderit,
2053 2494 2152 2527 quam
2190 2487 2378 2525 Raynerius

1333 2530 1372 2563 de
1399 2530 1539 2566 Grancis
1559 2552 1568 2568 ‚
1596 2528 1735 2572 scriptor
1762 2528 1896 2561 risanus
1922 2529 2027 2562 saeculi
2054 2532 2145 2563 XIV.
2163 2531 2378 2564 Asservantur

1334 2584 1448 2608 autem
1490 2573 1660 2607 Pandec‘tae
1686 2574 1889 2607 Florentinae
1905 2596 1915 2613 ,
1957 2585 2047 2614 non,
2075 2583 2111 2608 ut
2136 2575 2251 2608 auctor
2275 2576 2379 2611 tradit

1335 2622 1369 2653 in
1404 2620 1515 2653 museo
1541 2619 1651 2662 magni
1682 2620 1781 2652 Ducis
1808 2619 2010 2659 Florentiae,
2037 2619 2089 2653 sed
2114 2620 2148 2652 in
2174 2620 2309 2663 publico
2325 2631 2379 2654 ur-

1335 2666 1383 2699 bis
1418 2665 1567 2708 palatio·
1594 2664 1766 2698 Mabillon
1790 2665 1828 2698 de
1843 2676 1875 2697 re
1902 2665 2037 2707 diplom.
2063 2667 2087 2698 Ι.
2105 2667 2138 2696 V.
2165 2664 2232 2697 rab.
2249 2678 2281 2706 7.
2299 2673 2380 2708 pag.

1335 2716 1410 2750 356.
1437 2714 1515 2752 Jure
1541 2720 1620 2742 vero
1645 2710 1785 2743 miretur
1809 2709 2001 2753 quisquam.
2042 2710 2252 2743 Florentinas
2296 2714 2380 2744 Pan-

1331 2754 1442 2788 destas
1479 2763 1576 2787 tanto
1617 2755 1741 2795 semper
1774 2756 1808 2787 in
1840 2755 1965 2788 honore
1994 2754 2148 2792 habitas.
2178 2756 2207 2787 8<
2234 2755 2375 2789 sollicite

1331 2801 1411 2833 adeo
1436 2798 1610 2833 custoditas
1640 2797 1732 2831 fuisse
1752 2820 1761 2837 ‚
1800 2810 1876 2832 cum
1901 2799 2077 2840 exemplar
2102 2807 2218 2832 contra
2243 2801 2376 2834 Codicis

1332 2844 1581 2878 Ravennatense
1619 2843 1664 2877 sie
1701 2844 1924 2887 negligeretur
1941 2865 1952 2880 -0
1979 2853 2015 2877 ut
2041 2843 2139 2878 hodie
2166 2845 2222 2878 vix
2250 2857 2378 2879 merno-

1332 2893 1379 2924 ria
1411 2889 1483 2929 ejus
1509 2888 1643 2933 superfit
1659 2911 1667 2919 .
1697 2887 1790 2922 Idem
1815 2888 1855 2921 de
1880 2888 2059 2923 codicibus
2085 2890 2284 2934 reliquarum
2300 2902 2374 2935 par.

1331 2938 1416 2970 tium
1457 2934 1536 2973 juris
1572 2933 1683 2967 civilis
1721 2933 1925 2972 dicendum,
1954 2935 2010 2967 nisi
2036 2935 2123 2977 quod
2149 2944 2226 2969 ante
2254 2947 2374 2980 paucos

1663 2277 1736 2285 0-—

1327 2991 1431 3015 annos
1457 2979 1631 3021 Herbipoli
1658 2988 1806 3022 repertus
1833 2980 1877 3012 est
1902 2979 2015 3013 codex
2041 2980 2265 3015 ‘rhedofianus
2304 2993 2375 3016 ma-

1329 3026 1512 3068 nuscriptus
1538 3046 1551 3065 ‚
1589 3035 1688 3067 quem
1731 3023 1903 3058 pandectis
1943 3026 2144 3059 Florentinis
2183 3038 2375 3071 comparare

1337 3071 1408 3106 imo
1435 3069 1587 3114 praeferre
1614 3079 1681 3102 non
1707 3068 1901 3103 dubitarunt
1925 3069 2140 3107 admiratores
2165 3071 2260 3111 ejus-

1372 3115 1456 3158 (b)
1504 3115 1604 3148 Polit.
1631 3117 1655 3147 1.
1681 3125 1731 3146 10.
1759 3123 1855 3158 ep.4.

1374 3161 1462 3203 (c)
1510 3158 1709 3204 EPfss·134·
1742 3160 1781 3193 Θ
1809 3171 1864 3202 99·
