2596 3479
182 102 304 186 224'
842 107 984 159 DE
1066 86 1723 170 LEGIBUS‚'

185 211 282 251 qim
326 203 410 233 non
452 184 654 234 deseendit
702 201 725 229 a
767 184 882 228 rebus
931 180 1149 223 fluentibus
1195 179 1266 228 &¹
1297 173 1366 226 se,
1398 174 1638 219 melioribus
1670 174 1944 231 deprimendis
1982 176 1998 231 ζ
2038 176 2087 227 ad
2120 177 2335 224 sublimi-s

194 248 473 302 variantibus,
507 261 654 299 nempe
680 260 703 286 a
747 244 860 285 rebus
903 253 1047 282 creatis
1076 238 1119 280 &
1151 252 1239 279 cor·
1288 246 1374 294 terp
1425 234 1629 296 potestatis
1678 237 1851 290 gradum
1904 232 2101 279 extulerit
2137 269 2146 280 .
2200 238 2326 288 Unde

194 307 326 366 pomis
353 339 365 360 ,
409 323 432 350 a
483 305 626 361 quibug
669 299 904 355 producitur
940 298 1048 338 varia
1090 295 1131 338 &
1176 294 1241 337 in-
1288 303 1382 343 quia
1414 289 1482 353 hic
1513 305 1657 334 natura
1688 292 1849 336 domini
1902 292 2169 344 sujiciuntur
2201 309 2327 339 natu-

197 367 384 412 constans
425 363 605 418 opini03
653 358 712 401 sed
748 374 770 400 a
807 356 1043 398 notionibus
1080 364 1240 395 aetems
1266 361 1332 402 2ra
1355 345 1519 412 ferma,
1563 348 1607 391 ὃ(
1637 350 1826 405 opinioni
1874 350 2039 395 scicntia
2090 350 2131 393 in
2164 354 2327 396 extrin-

196 426 242 470 &
269 420 515 476 incorruptis
551 417 698 460 divinae
733 414 1054 468 immortalisque
1090 425 1242 453 naturae
1267 438 1270 457 ·.
1293 404 1387 466 fecis
1418 404 1571 449 actibus
1603 405 1826 451 famulatur
1850 441 1862 462 ‚
1916 425 1962 452 ac
1997 407 2193 452 naturalis
2223 410 2324 453 ordo

201 482 388 528 illabitur
411 481 454 522 in
481 477 642 520 animos
668 473 846 525 nostros,
875 470 1163 526 participesque
1186 469 1239 510 lui
1292 461 1485 505 miscetur
1526 477 1647 526 atque
1681 467 1922 520 pervertitur
1957 483 1965 508 :
2023 480 2234 521 propterea
2265 481 2330 510 re-

203 542 251 586 ad
289 537 496 583 mentium
555 531 859 586 simplicitatem
905 529 1069 571 adducit
1124 540 1243 580 atque
1291 519 1389 572 Re,
1433 521 1741 576 meoiudicio,
1785 525 2000 567 vocabitur
2044 524 2194 567 civitas
2229 538 2322 578 per-

204 595 496 643 concordiam·
531 592 612 645 Qui
650 589 839 632 homines
878 586 1045 629 civilem
1079 584 1238 627 societa-
1269 577 1478 638 ,tui-bata.
1521 579 1750 642 ⁴Civitatem
1783 581 1907 637 igitur
1938 581 2166 636 simplicem
2199 582 2246 624 ad
2278 597 2326 624 u-

204 669 289 700 tem
322 655 508 697 ineuntes
541 665 565 691 a
600 646 678 690 sola
706 660 845 688 mente
873 656 1130 699 regerentur,
1166 641 1245 683 sine
1270 641 1274 685 ἱ,
1297 646 1392 677 nam
1437 636 1531 679 boni
1582 636 1759 693 reffique
1809 639 2010 681 rationem
2046 639 2119 682 sese
2151 653 2326 682 conver—

205 713 291 757 ullo
319 708 544 754 ministerio
568 703 782 759 corporis;
814 701 907 757 quia
936 715 1037 742 unus
1058 699 1245 754 idemque
1295 705 1454 756 tentem
1479 726 1497 756 ³.
1534 693 1775 750 descriptam
1816 695 1859 737 δε
1909 694 2178 738 informatam
2212 696 2329 738 inve-

209 769 364 820 sensus,
397 778 515 821 atque
542 762 758 807 consilium
795 760 836 802 in
861 773 1004 801 omnes
1024 757 1246 799 effundere·
1270 746 1277 824 i
1298 765 1458 794 memus
1489 767 1534 794 in
1565 752 1715 794 animis
1745 767 1887 794 eorum
1909 783 1920 803 ,
1951 754 2017 808 qui
2052 768 2133 795 una
2163 752 2329 795 eadem-

212 840 309 879 tur3
341 825 509 878 ideoque
544 820 754 863 civitatem
794 817 900 859 hanc
925 848 936 867 ,
983 814 1007 857 si
1047 813 1139 856 talis
1173 828 1246 856 un·
1274 808 1502 872 que-boni
1535 809 1705 852 notione
1737 808 1962 852 ducuntur:
1996 809 2062 865 qui
2093 809 2333 852 simulcon-

213 899 337 941 quam
364 881 508 925 civitas
532 878 637 921 inter
658 874 850 919 mortales
873 872 1056 916 existeret
1077 903 1090 925 ,
1123 870 1246 916 meri·
1274 869 1276 879 ’
1300 877 1510 909 vementes
1541 865 1812 910 continebunt
1861 867 1970 909 suam
2005 869 2112 910 intra
2158 866 2192 910 se
2225 865 2334 921 quis·-

217 954 260 986 to
289 940 505 986 civitatem
534 933 762 990 simplicem
793 929 1115 987 appellaremus.
1298 939 1385 987 que.
1409 923 1541 978 legem
1563 955 1575 976 ,
1609 923 1696 966 suos
1728 924 2010 979 magistratus,
2045 924 2130 966 suos
2162 923 2334 977 milites,

1300 992 1344 1024 ut
1376 981 1549 1036 imperio
1581 981 1772 1023 exteriori
1817 996 1901 1023 non
1934 980 2144 1036 indigeant
2180 997 2189 1023 :
2237 995 2335 1025 cum

423 1053 463 1095 C
523 1052 563 1094 A
622 1048 677 1092 P*
707 1047 757 1090 U
818 1046 862 1088 T
965 1046 1048 1088 VI.
1301 1038 1463 1093 propria
1496 1037 1568 1091 ipsi
1600 1038 1757 1081 ratione
1784 1037 2049 1093 provideant,
2081 1037 2333 1094 reliquasque

1301 1095 1431 1138 animi
1468 1108 1624 1148 partes,
1657 1111 1832 1149 quarum
1863 1110 2030 1151 quaeque
2064 1110 2232 1138 munere
2267 1094 2336 1138 suo

1302 1153 1486 1208 fungitur
1507 1184 1519 1203 ,
1551 1152 1598 1194 ad
1632 1153 1747 1195 usum
1779 1153 1822 1195 δε
1855 1151 2132 1196 ministerium
2165 1151 2336 1196 rationis

333 1224 487 1271 Uando
517 1238 616 1267 vero
638 1220 792 1266 civium
816 1218 950 1276 potior
974 1232 1062 1273 pars
1087 1232 1109 1259 a
1129 1213 1251 1259 ratio·
1278 1211 1523 1292 ladhibeant
1554 1241 1561 1250 .
1595 1211 1709 1253 Nam
1743 1209 1854 1253 sicuti
1887 1211 2144 1254 occurrentia
2176 1209 2258 1252 visa
2288 1225 2336 1252 o‘-

365 1300 416 1328 ne
440 1282 715 1338 gubernatur3
747 1278 836 1322 aliae
860 1291 956 1319 vero
988 1287 1118 1329 partes
1143 1290 1164 1315 a
1193 1288 1252 1314 ra»
1278 1295 1282 1324 l
1305 1267 1386 1312 culi
1417 1266 1632 1310 confestim
1681 1268 1895 1322 excipiunt
1920 1300 1933 1321 ,
1963 1268 2019 1311 ita
2049 1268 2094 1312 δε
2124 1267 2230 1310 ratio
2263 1267 2340 1309 sla-

364 1341 475 1385 tione
496 1338 770 1381 dissentientes
789 1334 1006 1376 trahuntur
1026 1349 1047 1374 a
1069 1330 1254 1382 sensibus,
1279 1325 1386 2144 δίη
1417 1324 1705 1379 complec'titur
1723 1325 2036 1380 cognitionem:
2070 1341 2184 1381 quae,
2219 1324 2246 1367 si
2274 1322 2340 1367 lu-

521 1138 587 1182 De
617 1134 783 1178 civitate
814 1130 951 1188 mista.

219 1415 397 1459 quorum
429 1395 542 1440 varia
568 1392 771 1449 perceptio
795 1391 874 1444 est,
907 1402 1026 1445 atque
1057 1401 1256 1442 ternpore,
1306 1382 1435 1425 cidior
1466 1380 1588 1425 fuerit
1613 1412 1625 1434 ,
1674 1382 1722 1424 ad
1755 1382 1923 1425 rationis
1956 1382 2088 1438 legem
2121 1381 2341 1425 desciscen-

222 1456 486 1514 regionibus,
507 1452 736 1506 morbisque
763 1447 995 1492 mutabilis:
1030 1458 1114 1488 tum
1138 1459 1255 1499 opor·

225 1528 283 1558 tet
314 1526 472 1570 partem
497 1506 780 1553 rationabilem
802 1537 814 1557 ,
848 1520 935 1558 quae
958 1515 1103 1546 natura
1128 1502 1257 1556 irnpe-

223 1584 287 1616 rat
316 1569 484 1622 ceteris,
518 1565 705 1610 adhibere
731 1562 919 1605 colleftas
957 1559 1064 1603 vires
1106 1558 1258 1621 multo-

227 1644 320 1673 rum
355 1660 366 1682 ,
408 1627 450 1670 δε
493 1620 770 1666 ministerium
809 1617 964 1674 publici
1003 1631 1186 1672 corporis
1214 1614 1260 1657 ad

226 1684 468 1730 coercendas
488 1682 719 1724 aberrantes
742 1693 765 1720 a
797 1677 956 1719 ratione
978 1688 1132 1729 partes.
1166 1674 1259 1714 Un-

225 1744 273 1786 de
299 1742 395 1798 quia
428 1740 468 1783 in
497 1739 603 1781 hanc
643 1734 853 1780 civitatem
890 1732 1053 1776 scientia
1098 1731 1141 1774 ὃς
1173 1730 1263 1783 opi-

225 1800 298 1843 nio
336 1796 538 1848 confiuit,
569 1808 744 1849 quarum
782 1790 852 1834 illa
884 1791 927 1832 in
966 1787 1263 1843 imperantibus

225 1856 370 1901 insidet
401 1886 413 1908 ,
448 1854 531 1896 haec
567 1851 612 1894 in
649 1847 943 1900 multitudine,
975 1861 1063 1902 quae
1090 1844 1264 1900 pruden-

226 1913 401 1956 tioribus
421 1911 702 1962 obtemperare
731 1904 1019 1959 compellitur,
1039 1902 1093 1944 ita
1121 1915 1166 1944 ut
1193 1902 1261 1943 sta-

228 1982 291 2014 tus
319 1968 418 2020 eiua
443 1968 484 2010 in
527 1964 702 2020 imperio
746 1962 894 2005 mentis
917 1993 929 2014 ,
961 1961 1003 2003 ὃ(
1035 1959 1262 2002 obedientia

227 2026 406 2070 minime
446 2022 679 2069 voluntaria
720 2020 902 2063 sensuum
948 2017 1218 2060 constituatur
1252 2031 1264 2069 3

228 2099 313 2127 non
342 2081 505 2126 absurde
533 2079 649 2123 mista
669 2077 815 2121 civitas
839 2074 1143 2130 nuncupabitur
1163 2104 1174 2115 .

1308 1453 1364 1482 tes
1394 1439 1444 1482 ab
1476 1454 1523 1481 ea
1554 1438 1761 1481 revocabit
1793 1439 2032 1493 cupiditates
2058 1457 2068 1480 τ
2119 1439 2264 1494 quibus
2296 1438 2342 1480 in

1305 1496 1440 1539 officio
1472 1495 1732 1539 continendis
1765 1496 1965 1539 suscitabit
1998 1497 2105 1539 iram
2123 1495 2349 1549 disciplina·

1309 1553 1477 1596 rationis
1526 1553 1768 1606 imbutam,
1811 1553 1854 1595 &
1902 1553 2062 1608 propria
2119 1552 2346 1607 nativaque

1311 1610 1469 1653 feritate
1503 1607 1738 1665 spoliatam:
1775 1622 1817 1652 ut
1849 1625 1937 1665 quae
1967 1609 2117 1653 animae
2143 1621 2271 1665 partes
2291 1608 2344 1651 li-
2367 1652 2382 1668 ⁶

1313 1670 1415 1711 berae
1456 1679 1576 1722 atque
1620 1666 1755 1709 solutae
1805 1667 1959 1710 bellum
1991 1667 2155 1711 ciebant
2187 1665 2346 1710 intesti-

1314 1741 1443 1778 num,
1475 1739 1530 1767 eae
1561 1723 1730 1767 rationis
1761 1723 1936 1778 imperio
1957 1737 2169 1780 parentes,
2202 1734 2347 1779 pacem

1313 1781 1491 1826 civitatis
1523 1781 1685 1834 pariant
1717 1782 1954 1824 interioris.
1989 1783 2148 1825 Verum
2182 1781 2343 1833 nescio,

1313 1855 1365 1883 an
1398 1838 1558 1881 civitati
1591 1837 1654 1880 illi
1689 1837 1861 1891 simplici
1890 1839 1997 1882 ullus
2029 1851 2163 1892 pateat
2194 1838 2238 1880 in
2272 1837 2350 1880 hu-

1315 1912 1438 1940 mana
1465 1896 1548 1938 vita
1569 1895 1707 1948 locus,
1739 1897 1798 1947 (Ἴ
1829 1896 1924 1951 quia
1957 1895 2074 1939 nulla
2107 1909 2236 1950 neque
2258 1893 2348 1949 plu-

1316 1955 1423 1997 rium
1444 1984 1456 2006 ,
1489 1968 1618 2008 neque
1651 1952 1770 1996 unius
1804 1953 1986 2003 hominis
2017 1952 2118 1996 ratio
2151 1964 2346 2007 perpetuo

1318 2010 1469 2066 vigilat
1494 2042 1504 2052 .
1538 2009 1621 2052 Cui
1652 2011 1873 2066 aliquando
1905 2008 2185 2065 torpescenti,
2217 2008 2243 2053 fi
2271 2007 2349 2052 fre-

1319 2085 1368 2111 na
1401 2067 1643 2110 defluxerint
1669 2099 1690 2121 ,⁴
1724 2069 1774 2110 iis
1817 2067 2013 2123 tantisper
2056 2066 2201 2110 laxatis
2227 2098 2240 2120 ,
2285 2064 2379 2108 af·-

1317 2125 1510 2169 feciiones
1550 2125 1594 2167 ὃς
1625 2124 1865 2179 cupiditates
1895 2125 2072 2168 exilient
2093 2155 2107 2177 ‚
2159 2124 2202 2166 δε
2232 2123 2352 2166 exul-

1316 2186 1497 2226 tabunt:
1530 2194 1651 2237 atque
1682 2183 1805 2224 instar
1838 2182 2105 2226 Phaethontis
2147 2179 2242 2236 equi
2289 2194 2352 2223 re-

1314 2241 1469 2283 &orem
1519 2241 1682 2281 trahent
1724 2239 1814 2293 ipsae
1848 2240 1961 2282 suum
1989 2270 2001 2291 ,
2051 2250 2095 2281 ut
2147 2236 2352 2292 postremo

1315 2309 1493 2340 atterant
1522 2327 1535 2348 ‚
1578 2308 1699 2350 atque
1749 2296 1995 2339 conculcent
2025 2326 2034 2337 .
2079 2294 2203 2337 Unde
2253 2293 2352 2349 quia

1317 2369 1401 2397 non
1443 2367 1622 2405 omnes,
1667 2351 1729 2395 sed
1774 2351 1844 2394 soli
1905 2352 2100 2408 sapientes
2150 2350 2224 2395 esse
2273 2349 2350 2394 fibi

1318 2423 1473 2467 queunt
1504 2410 1676 2453 rectores
1716 2425 1762 2452 ac
1793 2409 1911 2453 duces
1936 2440 1949 2462 ‚
2000 2408 2108 2462 iique
2141 2424 2224 2451 non
2257 2423 2350 2464 gre-

1318 2468 1475 2524 gatim,
1510 2483 1593 2509 non
1627 2466 1786 2521 sparsim
1822 2467 2124 2519 inveniuntur,
2155 2481 2238 2509 non
2267 2463 2349 2508 rni-

1320 2543 1436 2579 rurn,
1470 2524 1495 2567 si
1529 2525 1642 2567 nulla
1674 2539 1724 2567 ex
1756 2523 1834 2567 hoc
1854 2539 2002 2580 genere
2024 2524 2192 2577 civitas,
2223 2537 2349 2578 quam

1319 2584 1546 2638 simplicem
1590 2582 1770 2625 diximus
1797 2613 1808 2634 ,
1863 2594 2136 2637 componatur
2176 2612 2186 2622 .
2235 2581 2350 2622 Cum

1319 2642 1454 2695 itaque
1490 2640 1567 2682 rari
1599 2655 1648 2682 ex
1682 2639 1902 2683 hominum
1936 2640 2059 2682 turbis
2092 2635 2255 2693 propria
2287 2651 2354 2678 ra-

1320 2699 1431 2741 tione
1466 2709 1690 2752 reguntur,
1721 2712 1823 2753 opus
1851 2697 1906 2740 est
1934 2727 1947 2750 ,
1991 2708 2035 2739 ut
2085 2692 2260 2737 universi
2293 2708 2355 2757 ra-

1858 2775 1863 2779 -
2273 2762 2353 2793 tio-

233 2838 1265 2857 ——,-————————--—-——-—-—-—
1323 2828 2355 2844 ——-—————-—-———-

275 2881 333 2922 (⁴¹)
360 2883 493 2912 Poterat
519 2877 635 2911 addere
660 2899 671 2915 ‚
709 2875 797 2918 quod
835 2875 967 2908 Tullius
1004 2875 1085 2906 olim
1111 2873 1150 2906 ad
1179 2874 1264 2907 Atti·
1319 2882 1359 2903 ne
1386 2868 1597 2902 voluntatum
1625 2888 1638 2906 ,
1680 2864 1811 2909 ejusque
1836 2865 1970 2899 diversis
2011 2865 2196 2899 rationibus
2219 2864 2359 2897 diversis

239 2934 299 2960 um
325 2923 492 2957 scribebat
518 2925 541 2956 Ι.
559 2924 626 2954 XV.
644 2929 689 2963 ep.
707 2932 736 2959 4.
767 2919 876 2953 Ruheo
900 2921 919 2960 ζ
943 2921 1026 2952 mihi
1051 2920 1138 2951 mdc
1165 2920 1182 2957 )
1204 2919 1264 2959 sed

228 2968 298 3011 §am
319 2970 513 3012 scripseram
540 2990 551 3006 ,
575 2966 682 3000 debere
708 2966 800 2997 nolui
833 2987 841 2995 .
867 2965 920 2997 Est
943 2966 1033 2996 enim
1058 2963 1125 2996 haec
1150 2964 1267 2996 civitas

231 3015 370 3057 fimplex
396 3037 406 3055 ‚
447 3014 481 3047 in
506 3024 569 3057 qua
595 3011 683 3044 flulti
724 3009 926 3052 sapientibus
956 3017 1069 3051 parent
1098 3031 1107 3047 ‚
1150 3010 1269 3041 civitas

230 3060 405 3093 Platonica
427 3081 435 3089 .
467 3061 506 3091 In
532 3058 617 3093 libro
641 3055 797 3097 superiori
838 3054 976 3086 exordia
1007 3053 1085 3092 iuris
1110 3054 1268 3086 naturalis

233 3105 265 3138 &
291 3105 440 3147 gentium
465 3103 505 3136 ab
532 3102 697 3136 honestate
731 3099 879 3143 ,naturali
920 3100 1118 3141 repetierat.
1150 3100 1202 3132 seu
1226 3099 1268 3132 ab

238 3150 380 3195 ipsomet
405 3148 550 3183 hominis
574 3146 708 3191 ingenio
729 3144 752 3187 ’ζ
789 3145 852 3180 hoc
875 3151 988 3180 autem
1014 3144 1088 3178 loco
1109 3155 1148 3177 ex
1177 3144 1262 3178 unio.

421 2197 461 2239 c
523 2195 565 2238 A
628 2194 656 2235 t>
715 2193 758 2233 U
820 2191 864 2233 T
970 2164 1100 2231 vil(

463 2309 529 2352 De
564 2307 731 2350 civitate
755 2304 989 2361 perturbata
1009 2334 1019 2345 .

227 2422 480 2525 VErum
503 2421 668 2479 quando
709 2420 752 2462 in
790 2418 1044 2462 societatibus
1075 2414 1268 2460 civilibus

357 2479 666 2538 prudentiorem
701 2489 856 2533 partem
891 2476 1075 2528 stultior,
1107 2474 1150 2516 &
1186 2472 1267 2515 vir-

220 2550 352 2584 tutem
395 2538 573 2590 vitium,
607 2552 653 2579 ac
693 2535 896 2584 rationem
937 2532 1081 2588 opinio
1110 2531 1266 2585 supera-

221 2596 362 2646 verit,
394 2595 451 2638 ibi
497 2594 558 2637 vis
602 2594 645 2636 δε
679 2607 790 2636 error
824 2589 1024 2646 agitabit,
1060 2601 1267 2642 vertetque

221 2653 400 2706 omnia,
433 2651 696 2707 regimenque
737 2647 886 2692 deferet
929 2648 966 2691 ei
999 2679 1011 2698 ‚
1062 2646 1132 2701 qui
1180 2645 1267 2687 suo-

223 2724 320 2753 rum
356 2741 368 2763 ,
397 2709 441 2752 ἃ
472 2707 703 2751 alienorum
736 2706 938 2749 vitiorum
987 2701 1179 2747 satellitio
1214 2701 1268 2744 se-

1318 2913 1470 2958 gradibus
1496 2911 1544 2950 ius
1570 2911 1740 2954 publicum
1769 2911 1931 2952 exponit.
1975 2911 2072 2954 Quod
2098 2912 2133 2943 in
2160 2921 2183 2943 c.
2202 2921 2236 2949 3.
2279 2908 2362 2942 dici-

1318 2970 1372 2993 tur
1389 2981 1399 2997 ‚
1429 2959 1583 2991 mulieres
1607 2968 1626 2988 a
1652 2957 1732 2989 viris
1759 2956 1885 2988 ratione
1910 2956 1998 2988 vinci
2040 2977 2050 2994 ‚
2074 2954 2211 2988 forsitan
2239 2961 2362 2995 negent

1319 3005 1473 3038 mulieres
1501 3026 1512 3043 ‚
1557 3003 1586 3034 8:
1613 3000 1788 3034 discrimen
1813 3011 1910 3033 omne
1936 3000 2124 3043 disparitati
2154 2999 2362 3033 educationis

1318 3051 1466 3084 tribuant
1502 3071 1510 3079 .
1542 3047 1723 3088 Imperium
1750 3057 1876 3078 merum
1903 3047 1932 3078 8<
1959 3046 2091 3079 mistum
2117 3055 2249 3088 quoque
2277 3065 2287 3082 ‚
2313 3053 2356 3076 u-

1316 3105 1470 3137 trumque
1495 3092 1666 3135 proprium
1693 3091 1763 3133 Juri
1795 3097 1970 3131 Romano,
2006 3092 2119 3127 minus
2146 3089 2225 3125 bene
2239 3088 2354 3123 misce·

1318 3150 1374 3176 tur
1400 3138 1591 3175 tractationi
1618 3137 1709 3180 juris
1732 3136 1948 3171 universal-is.
