2596 3479
286 91 396 147 324
786 77 967 130 DE
1126 75 1300 130 LE

282 152 390 207 quali
434 149 577 194 multis
610 150 820 206 propositis
868 151 1025 205 poenis,
1059 146 1200 201 judicis
1232 149 1318 194 fue-

280 210 337 252 rit
379 207 532 264 eligere
576 209 836 265 digniorem.
869 210 952 260 (⁴²)
995 211 1034 250 A
1084 208 1319 251 testimonio

276 281 438 323 quoque
471 279 561 309 tum
595 267 636 309 in
671 266 859 318 judiciis,
907 277 995 308 tum
1028 264 1071 307 in
1105 265 1317 309 testamen-

275 326 328 368 tis
359 323 531 367 dicendo
564 323 654 367 talis
690 338 776 366 reus
810 322 1092 375 rejiciebatur,
1125 334 1169 365 ut
1202 322 1319 366 Paul-

277 380 343 426 lus
375 382 497 425 tradit
524 397 533 422 :
567 384 630 432 (a)
663 396 684 422 a
715 395 796 435 quo
829 380 986 422 videtur
1018 379 1218 423 dissentire
1242 379 1318 422 Ul-

274 440 424 496 pianus
450 471 461 492 ,
495 450 706 493 propterea
736 437 844 493 quod
875 437 919 479 in
947 436 1188 480 Florentino
1209 436 1318 481 codi-

272 512 321 540 ce
353 497 439 549 (b)
471 495 571 537 deest
604 493 771 547 negatio
807 526 820 548 ‚
867 510 994 550 quam
1036 495 1072 537 ei
1118 495 1320 550 scripturae

276 569 376 599 cum
421 551 598 603 Cujacio
631 552 874 595 reddendam
910 563 1099 607 putamus
1123 583 1136 604 ,
1185 568 1231 595 ac
1265 552 1321 596 le-

277 610 485 667 gendum:
519 610 624 652 Eum
645 641 657 662 ‚
690 609 762 664 qui
787 610 867 664 lege
894 609 1195 663 repetundarum
1207 610 1318 652 dam-

272 680 393 712 natus
440 664 492 721 est
530 696 542 719 ,
599 667 653 709 ad
707 664 968 721 testimonium
1021 666 1205 709 adhiberi
1247 683 1321 710 non

271 722 376 781 poffe
414 756 427 778 ,
475 721 685 777 existimo.
732 726 870 778 Quam
902 724 1238 767 emendationem
1270 740 1321 767 ex

272 782 441 837 vulgata
474 780 649 825 lectione
684 780 859 823 sumtam
893 793 1029 823 tuetur
1049 780 1220 835 ipsamet
1242 781 1319 823 Ul-

274 840 388 895 piani
422 839 524 882 ratio
563 870 574 891 ‚
624 853 714 894 quae
744 837 878 880 statim
912 837 1084 880 succedit
1115 869 1126 891 ‚
1173 852 1321 893 nempe

271 896 380 941 illa:
413 897 601 953 quoniam
632 897 674 938 in
706 896 854 947 judicio
887 893 1096 958 testisrffe
1129 907 1320 960 vetatur,

274 969 444 1010 gravius
475 953 592 997 enirn
625 953 678 995 est
715 953 757 994 in
791 951 1042 995 testamentis
1066 984 1078 1005 ,
1121 967 1244 1007 quarn
1279 952 1333 996 in*

274 1011 438 1064 judiciis
469 1011 600 1054 dicere
635 1008 949 1052 testimonium:
988 1021 1031 1052 ut
1063 1009 1131 1064 qui
1164 1026 1186 1052 a
1219 1008 1318 1061 judi-

272 1069 352 1113 ciis
384 1067 595 1124 repellitur
635 1099 648 1120 ,
696 1082 744 1110 eo
777 1065 823 1108 fit
854 1066 987 1120 magis
1017 1083 1039 1109 a
1073 1066 1320 1111 testamentis

275 1127 503 1169 arcendus.
536 1124 699 1179 Frigida
729 1124 842 1166 enim
876 1123 930 1165 est
963 1123 1035 1166 illa
1066 1123 1206 1175 Jacobi
1234 1126 1318 1167 Go-

275 1182 455 1226 thosredi
489 1180 776 1236 interpretatio
803 1213 816 1235 ,
849 1180 951 1233 [**]
984 1181 1026 1223 ὅτ.
1059 1197 1080 1223 a
1113 1182 1316 1225 contradi-

271 1241 394 1284 cendi
427 1239 553 1282 studio
587 1237 765 1294 profecta
791 1270 804 1290 ‚
836 1239 936 1281 dum
968 1238 1176 1292 exponit,
1231 1239 1319 1283 ideo

270 1297 377 1354 posse
402 1297 443 1339 in
465 1296 717 1340 testamentis
737 1295 1020 1339 testimonium
1040 1295 1170 1338 dicere
1193 1327 1203 1348 ‚
1226 1296 1317 1352 quia

275 1368 442 1398 tantum
489 1354 532 1397 in
578 1351 732 1404 judicio
779 1352 884 1395 testis
928 1352 1002 1395 effe
1037 1353 1316 1406 prohibetur.

273 1414 412 1467 Quem
436 1411 594 1454 sensum
614 1408 774 1465 affingit
795 1408 984 1464 Ulpiano
1006 1409 1139 1451 invito
1162 1442 1174 1461 ,
1199 1423 1318 1466 atque

269 1482 315 1512 ut
345 1468 618 1520 objefflonem
652 1467 704 1509 ab
737 1466 771 1510 se
795 1466 998 1521 provisam
1020 1467 1215 1522 effugiat,
1250 1484 1313 1510 co-

271 1527 383 1582 gitur
428 1540 576 1582 negare
620 1523 851 1574 hujusmodi
885 1539 971 1566 reos
1006 1523 1224 1567 infamiam
1259 1525 1318 1567 su-

273 1584 385 1627 biisse
418 1615 431 1637 ,
480 1596 624 1626 contra
658 1581 917 1637 perspicuum
950 1580 1068 1623 illum
1103 1581 1316 1632 Juvenalis

272 1639 412 1684 locum
445 1640 492 1683 de
525 1638 666 1682 Mario
699 1638 1013 1694 repetundarum
1034 1637 1182 1682 infami
1209 1638 1312 1690 judi-

281 1698 347 1743 cio
381 1698 577 1741 damnato
609 1728 621 1750 ,
647 1696 728 1751 sat.
761 1711 795 1739 r.

388 1813 504 1868 ,Quid
536 1811 640 1855 enim
666 1811 801 1866 salvis
830 1809 1003 1865 infamia
1035 1811 1257 1854 nummis?

271 1927 497 1974 -Absurdius
521 1938 658 1970 autem
686 1925 843 1969 videtur
873 1925 991 1969 nobis
1012 1958 1024 1978 ‚
1071 1925 1176 1981 quod
1206 1925 1312 1969 idem

272 1986 383 2029 addit
418 2016 432 2038 ,
480 2000 570 2028 earn
617 1999 684 2026 reo
728 1983 1025 2037 turpitudinem
1060 1983 1237 2026 nocuisse
1270 1984 1312 2026 in

271 2045 425 2087 Senatu
455 2042 497 2085 δε
529 2041 689 2093 judiciis
720 2057 732 2093 3
774 2053 818 2084 at
859 2056 956 2083 vero
989 2041 1031 2084 in
1066 2041 1312 2085 testamentis

272 2091 490 2167 mini‘:
535 2098 643 2156 quasi
677 2097 789 2142 locus
818 2097 938 2141 addat
964 2128 974 2149 ,
1025 2110 1094 2141 aut
1125 2097 1309 2142 detrahat

964 2227 1090 2241 ,——--

326 2262 376 2300 (ἰ
394 2261 412 2298 )
440 2263 520 2301 Quae
546 2257 665 2290 solutio
692 2259 800 2290 minus
825 2257 944 2290 idonea
971 2256 1101 2289 videtur
1118 2280 1125 2287 .
1155 2259 1233 2288 Non
1251 2258 1310 2289 rni-

272 2314 347 2348 grat
376 2303 472 2341 iudei(
502 2304 606 2344 legem
632 2302 771 2335 exilium
799 2303 1029 2344 irrogantem,
1068 2301 1123 2343 qui
1149 2302 1191 2334 ob
1221 2301 1308 2334 aliud

281 2347 441 2382 delif‘tum
467 2348 614 2381 atrocius
639 2346 795 2380 accedens
822 2347 1012 2380 verberibus
1037 2348 1170 2388 castigat
1188 2369 1198 2383 ‚
1228 2348 1305 2389 quia

270 2393 429 2427 delistum
455 2392 559 2425 levius
585 2392 705 2426 delicto
734 2392 890 2425 atrociori
920 2391 1134 2424 absorbetur·
1161 2394 1310 2432 Contra,

272 2440 412 2472 omnino
451 2437 534 2479 legis
573 2440 760 2475 terminos,
798 2435 974 2469 excederet
1001 2435 1099 2473 iudex
1117 2458 1128 2475 ,
1154 2436 1212 2477 qui
1239 2437 1309 2475 leee

269 2483 444 2527 quibusvis
487 2482 673 2525 repetundis
711 2481 849 2514 exilium
889 2479 1093 2514 minitante.
1136 2483 1244 2521 Quare
1270 2492 1310 2513 eo

270 2529 381 2572 potius
417 2526 655 2561 decurrendum
685 2526 728 2560 est
747 2550 757 2565 ‚
796 2535 831 2559 ut
857 2525 1007 2558 dicamus
1026 2546 1037 2563 ‚
1067 2525 1134 2566 ipsa
1162 2527 1230 2567 lege
1256 2529 1309 2559 se-

269 2582 400 2607 natores
425 2585 442 2606 a
469 2574 671 2616 reliquorum
686 2571 840 2605 ordinum
857 2570 1047 2603 hominibus
1060 2569 1230 2602 distinctos
1251 2593 1262 2609 ‚
1279 2573 1308 2604 ἃ

267 2620 346 2653 illos
376 2621 498 2651 Senatu
528 2627 639 2651 motos
666 2638 676 2656 ‚
719 2617 778 2650 hos
823 2616 858 2649 in
885 2615 1024 2650 exilium
1047 2615 1158 2649 miffos
1186 2614 1277 2650 fuisse
1297 2640 1305 2649 .

317 2664 402 2705 (a)
429 2666 466 2695 L.
490 2662 640 2706 15.ffide
660 2661 764 2703 testib.

315 2711 335 2750 (
351 2706 393 2747 b)
423 2710 518 2739 L.20.
535 2710 598 2750 §.5.
611 2705 651 2751 ff
667 2709 723 2750 qui
740 2702 886 2749 tess.fac.

312 2754 410 2794 (¹⁵⁴⁸)
440 2752 691 2785 Distinftionem
719 2752 771 2785 hic
801 2752 919 2785 maluit
948 2752 1169 2791 Lynckerus‚
1209 2762 1309 2795 quam

267 2807 381 2832 tamen
407 2795 654 2830 admittendam
680 2805 777 2840 negat
803 2796 1030 2838 Schultingius
1069 2798 1104 2829 in
1129 2796 1305 2839 jurisprud.

271 2840 505 2884 Anu-justin.
544 2849 622 2892 pag.
651 2852 725 2880 344.
767 2845 809 2874 Et
848 2842 952 2884 potest
980 2842 1065 2875 ratio
1091 2843 1228 2883 Ulpiani
1256 2852 1300 2875 ex

269 2896 409 2932 utraque
461 2887 628 2919 sententia
683 2884 827 2928 intelligi
859 2908 867 2917 .
910 2885 1040 2918 Possunt
1078 2887 1168 2919 enim
1208 2888 1306 2921 verba

268 2933 339 2972 eius
363 2956 373 2970 .,
413 2934 557 2974 me'am
593 2933 630 2963 in
669 2928 792 2968 judicio
833 2926 921 2970 ustis
968 2929 1030 2973 effe
1071 2941 1237 2971 vetatur,
1276 2934 1305 2965 ὃ(

266 2977 466 3012 affl-mititte
505 2977 547 3010 fic
583 2975 687 3018 accipi
723 2968 954 3019 agamiam
994 2976 1030 3006 in
1069 2975 1191 3012 iudicio
1229 2988 1300 3009 nan-

270 3034 342 3057 tum
379 3020 466 3061 testis
491 3020 552 3065 effe
576 3031 712 3054 vetatur
742 3041 752 3058 ‚
793 3021 824 3052 δι
850 3020 968 3052 inserta
996 3021 1172 3062 negativa,
1215 3023 1304 3066 Qec-

271 3069 363 3102 niam
398 3070 437 3100 in
476 3065 603 3107 judicio,
625 3065 714 3106 restis
736 3062 796 3108 effe
821 3076 883 3096 non
907 3074 1042 3096 vetatur
1069 3088 1079 3104 ,
1183 3063 1189 3069 '

277 3121 436 3160 tauquam
470 3122 490 3146 a
525 3109 658 3154 majora}
682 3110 757 3149 duci
794 3109 1039 3155 argumentatio
1062 3110 1104 3145 ad
1128 3111 1301 3148 testamen-

1118 3078 1135 3097 a
1181 3067 1304 3102 iudicio
1351 3068 1443 3102 verbo

1381 72 1928 151 GIBU'S‚

1367 152 1645 208 ignominiam
1689 173 1711 200 a
1744 156 1898 201 famosa
1933 156 2133 201 sententia
2167 157 2289 205 semel
2322 170 2410 203 tota

1369 213 1454 274 vita
1479 211 1698 268 susceptam
1724 246 1733 257 .
1771 215 1894 258 Porro
1923 215 2112 259 criminis
2138 214 2256 268 hujus
2280 218 2410 273 perse-

1366 281 1479 310 cutio
1505 283 1637 314 morte
1663 286 1747 315 non
1777 273 2035 328 extinguitur
2067 305 2075 315 .
2127 275 2206 325 (c)
2236 275 2312 318 Sed
2343 275 2414 318 ad-

1368 325 1700 390 versusuheredes
1737 330 1863 373 etiam
1894 332 2010 373 durat
2046 329 2190 374 ablatae
2231 331 2412 386 pecunia:

1369 395 1558 438 repetitio
1579 416 1591 438 ,
1624 385 1667 428 δε
1693 387 1905 442 quadrupli
1933 388 2065 431 multa
2097 404 2107 429 :
2143 400 2309 432 tantum
2347 389 2411 432 in·-

1369 452 1430 482 tra
1460 455 1620 504 annum
1645 459 1667 485 a
1700 457 1831 488 morte
1859 445 1912 488 rei
1947 477 1959 498 ,
2008 445 2165 489 etiamsi
2197 459 2293 488 ante
2327 444 2417 488 sen-

1369 509 1544 541 tentiam
1574 499 1617 544 δι
1651 499 1765 544 litem
1793 502 2061 545 contestatam
2088 503 2301 546 decessisset
2320 533 2334 551 ,
2365 517 2412 546 ac

1368 555 1415 598 de
1461 555 1539 600 hoc
1581 556 1733 608 ‚udicio
1765 558 1991 602 intermiffo
2021 559 2065 602 &
2097 560 2228 615 postea
2266 572 2414 603 contra

1369 612 1560 656 heredem
1589 615 1866 671 'redintegrato
1896 616 2094 659 meminit
2114 618 2203 668 (d)
2240 616 2411 660 Plinius.

1370 671 1519 725 Neque
1551 670 1594 713 in
1627 673 1881 727 magistratus
1903 685 2066 716 tantum
2089 706 2101 726 ,
2135 673 2197 717 sed
2218 673 2324 716 &in
2345 689 2414 717 co-

1371 727 1493 770 mites
1518 727 1687 772 dabatur
1714 762 1726 782 ,
1756 733 1814 781 (e)
1839 746 1885 772 ac
1915 745 1999 771 non
2027 730 2200 782 licebat,
2235 729 2311 772 nisi
2333 730 2414 785 post

1369 784 1595 839 depositum
1633 786 1915 842 magistratum
1953 786 2257 830 accusationem
2300 786 2415 830 infli-

1370 853 1480 886 tuere
1501 874 1514 896 ,
1560 858 1608 885 ne
1635 843 1955 896 provincialium
1984 844 2303 898 importunitate
2324 859 2414 887 ma-

1368 898 1607 955 gistratuum
1635 900 1859 952 jurisdiffio
1888 901 2125 944 turbaretur
2150 931 2160 943 .
2193 898 2273 955 [f]

1558 1014 1999 1058 CAPUT
2087 1015 2232 1060 XCV.

1368 1099 1440 1142 Ad
1462 1099 1585 1156 legem
1602 1101 1633 1154 J
1636 1102 1761 1143 uliam
1785 1102 2001 1146 Peculatus
2027 1133 2040 1155 ‚
2083 1102 2131 1145 de
2154 1102 2367 1160 Sacrilegt's
2398 1133 2412 1156 ‚

1712 1158 1768 1202 Θ
1799 1159 1846 1202 de
1877 1158 2062 1213 residuis.

1375 1242 1469 1342 Α
1493 1243 1533 1286 C
1577 1243 1664 1298 lege
1695 1244 1861 1300 quidem
1897 1245 2216 1301 repetundarum
2251 1245 2411 1301 privata

1506 1301 1823 1355 provincialium
1881 1303 2053 1359 pecunia
2113 1303 2314 1358 repetitur
2362 1302 2412 1345 ab

1369 1356 1499 1399 avaris
1549 1360 1888 1414 magistratibus:
1937 1373 1977 1403 at
2019 1360 2046 1403 si
2089 1361 2251 1416 quando
2286 1360 2408 1403 iidem

1369 1413 1573 1467 publicam
1624 1418 1841 1471 pecuniam
1889 1418 2117 1460 averterint
2152 1449 2165 1470 ,
2215 1416 2410 1472 repetitur

1370 1485 1438 1523 per
1482 1470 1616 1524 legem
1659 1472 1812 1524 Juliam
1861 1474 2068 1527 peculatus
2101 1504 2110 1515 .
2161 1475 2274 1526 Ante
2317 1475 2409 1515 Ser-

1370 1528 1484 1570 vium
1516 1528 1741 1582 Tullium,
1773 1530 1871 1585 qui,
1905 1531 2040 1574 Plinio
2072 1529 2193 1582 teste,
2225 1531 2409 1585 primus,

1367 1599 1416 1626 aes
1447 1587 1581 1640 effigie
1611 1586 1754 1629 ovium
1789 1589 1994 1642 boumque
2027 1585 2202 1642 signavit
2239 1618 2252 1641 ,
2301 1589 2365 1643 (g
2391 1588 2410 1637 )

1368 1642 1409 1684 ἂ
1443 1654 1484 1684 ut
1517 1642 1644 1698 aliqui
1681 1644 1825 1686 volunt
1857 1645 1990 1687 etiarn·
2015 1655 2234 1700 argentum
2261 1675 2274 1697 ,
2324 1644 2410 1696 (h)

1369 1700 1551 1742 Romani
1597 1701 1777 1755 precium
1814 1717 1951 1744 rerum
1984 1701 2026 1743 in
2062 1700 2278 1756 pecudibus
2310 1716 2410 1744 con-

1367 1757 1586 1800 stituebant
1610 1790 1622 1811 ‚
1658 1771 1726 1801 aut
1758 1758 1881 1801 bobus
1908 1776 1916 1799 :
1970 1771 2012 1801 ut
2045 1759 2093 1801 iis
2128 1774 2199 1813 pro
2231 1758 2405 1802 crimine

1366 1813 1666 1870 multarentur,
1697 1815 1741 1858 ἃ.
1775 1815 1986 1872 vectigalia
2020 1815 2242 1870 penderent
2265 1847 2275 1857 .
2311 1818 2413 1858 Un-

1365 1871 1411 1913 de
1455 1870 1610 1915 furtum
1655 1873 1835 1928 pecuniae
1868 1872 2038 1926 publicae
2071 1872 2276 1928 pecu-latus
2306 1872 2408 1914 dici-

1366 1940 1429 1971 tur
1455 1961 1467 1981 ,
1521 1942 1608 1972 tum
1653 1929 1746 1993 quia
1793 1930 1971 1984 pecuniae
2017 1944 2169 1992 nornen
2198 1946 2225 1973 a
2258 1930 2406 1984 pecude

1366 1998 1477 2028 venit
1506 2001 1518 2039 3
1561 1996 1647 2029 tum
1679 2001 1774 2042 quia
1807 2001 1994 2030 criminis
2027 2000 2195 2029 mitium
2226 2002 2248 2028 a
2283 1999 2406 2039 raptis

1364 2042 1579 2097 pecudibus
1610 2043 1780 2096 extitit3
1815 2056 1903 2086 rum
1936 2042 2111 2099 denique
2131 2074 2144 2095 ‚
2176 2042 2272 2098 quia
2295 2043 2401 2086 mul-

1362 2113 1449 2143 tam
1470 2099 1514 2144 in
1533 2100 1751 2156 pecudibus
1768 2112 1886 2144 antea
1915 2100 2194 2157 persolvebant
2212 2132 2220 2144 .
2243 2100 2405 2156 Estigi·

2339 2170 2405 2200 tur

2299 2229 2411 2240 —

1360 2267 1458 2299 tum,
1497 2267 1655 2302 tanquam
1694 2261 1734 2293 ad
1772 2262 1909 2294 minus.
1955 2261 2043 2295 Vidit
2081 2260 2113 2293 id
2139 2259 2316 2301 Jauchius‚
2344 2259 2403 2301 qui

1358 2304 1460 2337 etiam
1488 2304 1663 2344 observat,
1693 2307 1891 2348 Negativam
1917 2306 1952 2338 in
1981 2305 2120 2348 Vulgata
2149 2305 2238 2348 legi,
2267 2305 2295 2335 8(
2325 2311 2402 2336 ante

1359 2347 1534 2386 cujacium
1574 2349 1642 2388 jam
1682 2351 1791 2383 Azoni
1834 2350 1982 2392 placuisse
2001 2371 2011 2388 ‚
2058 2349 2163 2391 postea
2203 2348 2346 2381 Donello
2371 2348 2404 2380 ἃ

1360 2394 1497 2427 Elberto
1535 2395 1704 2427 Leonino.
1736 2396 1857 2428 Eadem
1883 2406 1960 2428 vero
1986 2395 2118 2438 negatio
2142 2393 2227 2426 deest
2253 2394 2288 2426 ii.
2314 2393 2400 2425 libra

1357 2439 1464 2472 Tusco
1484 2461 1496 2479 ,
1524 2450 1582 2473 nec
1607 2439 1697 2472 causa
1722 2440 1864 2482 suppetit
1898 2460 1909 2478 ‚
1935 2449 2034 2482 quare
2059 2439 2293 2472 austoritatern
2314 2437 2403 2480 opti·

1358 2483 1403 2516 mi
1439 2484 1643 2527 exemplaris
1667 2484 1875 2525 deseramus,
1914 2484 2079 2526 imprimis
2116 2493 2190 2516 cum
2217 2483 2400 2525 Ulpianum

1356 2537 1516 2571 tanquam
1556 2529 1669 2562 Paullo
1706 2529 1912 2564 contzariutn
1949 2527 2089 2562 adducat
2115 2528 2311 2562 scholiastes
2335 2530 2403 2560 Βοι-

1357 2577 1490 2608 <reamur
1525 2575 1568 2607 ad
1597 2577 1618 2607 1.
1636 2577 1733 2608 XXI.
1762 2577 1817 2609 sir.
1852 2586 1878 2608 r.
1912 2582 1989 2617 pag.
2021 2582 2102 2614 534.
2139 2575 2195 2606 lie.
2216 2583 2241 2606 1.
2269 2573 2398 2615 (ὄρος.

1359 2628 1432 2658 555.
1461 2620 1516 2652 lit.
1538 2627 1570 2663 p.
1604 2620 1767 2664 Ulpianus
1791 2621 1883 2654 enim
1909 2620 2080 2663 benignius
2118 2619 2223 2662 legem
2246 2615 2399 2667 accepisse

1357 2663 1487 2697 videtur
1516 2688 1523 2696 .
1554 2664 1694 2699 Infamia
1722 2666 1756 2699 in
1781 2666 1872 2698 versu
1898 2665 2070 2707 juvenalis
2093 2663 2267 2698 infamiam
2291 2661 2367 2695 fasti
2386 2680 2399 2702 ,

1355 2710 1408 2742 seu
1430 2709 1571 2752 quodvis
1595 2709 1732 2744 dedecus
1759 2712 1935 2754 fignificare
1961 2710 2064 2753 potest
2079 2731 2090 2741 .

1399 2754 1477 2795 (ch
1505 2754 1617 2792 Cuiac.
1643 2767 1783 2789 enarrat.
1812 2760 1846 2788 C.
1863 2757 1904 2788 ad
1918 2758 1981 2798 leg.
1994 2757 2024 2797 J
2029 2757 2073 2786 ut.
2102 2759 2198 2795 repet.
2241 2752 2264 2784 1.
2279 2752 2341 2783 ule.
2354 2748 2397 2793 ff.

1354 2800 1396 2833 ad
1418 2802 1480 2852 lcss.
1489 2802 1519 2841 J
1524 2803 1566 2832 ul.
1583 2803 1674 2843 pecul
1701 2803 1724 2833 1.
1743 2812 1772 2832 2·
1796 2799 1835 2844 ff:
1865 2801 1906 2832 ad
1920 2801 2072 2842 leg.sul.
2089 2805 2187 2841 repet.
2213 2794 2341 2831 Matth.
2357 2796 2396 2829 da

1355 2845 1481 2880 crimm.
1506 2846 1547 2877 ad
1571 2847 1634 2887 leg.
1658 2848 1736 2887 Jut.
1752 2853 1849 2887 repen.
1873 2853 1949 2887 pag.
1968 2844 2042 2882 568.
2160 2869 2170 2874 e

1397 2890 1484 2930 (d)
1510 2889 1581 2922 Lib.
1600 2901 1629 2928 3.
1655 2888 1742 2932 eptfl.
1764 2901 1797 2928 9.

1397 2933 1477 2975 (ι)
1505 2937 1542 2966 L.
1563 2943 1592 2972 5.
1615 2935 1659 2966 ad
1671 2936 1825 2976 leg-sul.
1842 2933 2009 2975 reperusd·

1396 2979 1474 3021 (f)
1499 2977 1625 3011 Matth.
1651 2978 1688 3009 de
1712 2979 1840 3011 crimin.
1856 2978 1937 3010 ibid.

1363 3047 1368 3051 .
1395 3023 1482 3066 (g)
1507 3022 1582 3055 Lib.
1616 3026 1666 3055 18.
1693 3029 1764 3066 cap.
1795 3033 1847 3063 3¹·
1875 3023 2004 3071 Scalig.
2031 3021 2145 3056 adnot.
2171 3021 2210 3056 in
2236 3019 2394 3065 Festum,

1466 3070 1634 3111 pecueatus
1649 3091 1657 3100 .

1407 3113 1458 3157 (h)
1477 3116 1581 3150 Varro
1595 3109 1734 3149 liba-de
1750 3110 1891 3156 recufi&
1905 3110 2271 3155 4-det..L.Ge11·lib.u.
2288 3118 2397 3156 caps.
