2596 3479
542 112 676 171 ET
756 72 1938 169 SENATUsCONs'UL-rrs.
2261 122 2367 194 267

232 191 443 252 proderit:
477 191 573 249 quia
604 190 657 234 est
686 186 822 232 odiosa
849 218 862 242 ‚
892 187 934 233 ἃ.
967 187 1065 241 juris
1083 203 1273 233 commu·
1320 190 1368 235 de
1402 188 1586 246 principe
1605 221 1618 244 ‚
1665 200 1735 234 aut
1765 188 1813 234 de
1844 187 2053 247 republica
2083 194 2320 242 meruissent
2353 213 2366 254 ;

231 254 297 297 nis
328 251 557 296 utilitatem
588 257 814 293 extenuat:
861 260 948 289 non
981 258 1119 291 autem
1151 247 1200 290 ad
1231 248 1272 290 S.
1321 247 1472 305 quique
1505 247 1611 303 apud
1641 263 1738 293 eum
1769 247 1901 303 gratia
1930 248 1975 292 &
2005 249 2243 299 auctoritate
2278 256 2368 312 pol-

229 311 270 354 S.
303 308 618 352 Tertullianum
651 335 665 358 ,
707 318 757 347 ex
801 318 884 359 quo
916 304 1077 348 mulieri
1112 304 1272 348 lucrum
1323 306 1455 350 lerent
1475 337 1488 360 ,
1523 306 1619 362 saepe
1651 306 1722 350 fibi
1747 338 1760 360 ,
1789 318 1859 351 aut
1889 304 1982 351 aliis
2013 306 2074 359 jus
2106 310 2230 355 trium
2265 314 2366 359 libe-

230 367 425 424 quaerjtur
456 398 464 408 ,
498 364 581 418 [a]
612 362 774 404 Verum
808 375 860 404 ne
891 359 970 417 legi
1002 361 1110 405 fraus
1141 363 1271 416 fieret,
1324 379 1462 407 rorum
1495 362 1772 418 impetrabant
1798 396 1811 418 ,
1837 375 1885 409 ut
1916 381 1965 409 ex
1988 365 2112 426 variis
2136 367 2258 412 Plinii
2279 374 2368 428 epi-

227 415 458 480 probandus
501 432 587 465 erat
631 418 859 462 liberorum
893 434 1086 463 numerus
1116 435 1166 463 ex
1201 436 1273 475 pu·
1322 421 1429 464 stolis
1461 420 1674 475 colligitur
1696 455 1705 464 .
1739 423 1833 476 Quo
1866 422 1909 466 in
1942 421 2026 474 jure
2052 423 2279 480 plurimum
2307 431 2370 474 lu«

231 482 349 525 blicis
381 479 478 522 aeris
505 509 518 532 ‚
549 477 653 533 apud
686 491 777 532 qua:
808 491 899 518 mos
930 490 1017 519 erat
1050 477 1228 531 profiteri
1259 509 1271 531 ‚
1323 478 1368 521 sit
1400 477 1608 520 Martialis
1630 509 1639 519 .
1670 480 1748 531 (i)
1783 478 1897 523 Idem
1930 480 1990 531 jus
2024 483 2254 538 virginibus
2284 488 2389 530 Veh

227 539 288 582 uti
321 536 501 582 diximus
535 567 547 588 ,
579 534 729 578 liberos
750 565 762 587 ,
794 549 843 576 ex
866 533 1086 590 iisdemque
1108 550 1191 577 non
1215 535 1269 577 so·
1322 534 1481 578 stalibus
1525 535 1725 579 tributum
1765 536 1932 579 honoris
1964 540 2077 583 causa
2105 543 2277 586 memini
2312 545 2370 587 le-

226 596 316 640 lum
364 594 587 638 liberorum
640 605 835 634 numerus
863 621 875 643 ‚
922 591 982 634 sed
1023 603 1115 634 aetas
1146 591 1271 636 etiarn
1321 591 1414 649 giffe
1447 624 1456 634 .
1507 591 1698 636 Alciatus
1729 595 1795 658 (k)
1824 606 1964 638 autern
1991 610 2106 651 putat
2137 631 2149 652 ‚
2195 603 2363 654 praemia

227 653 273 697 &
305 651 500 708 quidquid
533 650 580 693 ad
613 647 911 692 controversias
943 649 1062 692 status
1094 649 1271 704 pertine·
1321 649 1464 694 omnia
1486 665 1538 694 ex
1571 649 1658 706 lege
1684 651 1806 706 Papia
1832 651 1980 696 liberos
2006 654 2247 701 habentibus
2267 675 2366 703 con-

224 722 288 754 ret
308 742 320 763 ,
356 709 566 766 petebatur
593 739 602 750 .
635 705 756 762 Quod
785 705 1038 759 professionis
1061 722 1186 761 genus
1206 706 1270 750 in·
1322 707 1458 751 stituta
1482 739 1495 762 ‚
1526 707 1750 752 Theodosii
1779 710 2071 756 constitutione
2099 713 2248 759 sublata
2270 716 2367 760 fuis-

226 768 411 811 dicatum
442 765 524 809 fuit
555 781 578 808 a
610 763 754 808 Servio
786 763 935 806 Tullio
960 795 973 817 ,
1005 764 1072 818 qui
1105 764 1269 807 censum
1324 766 1358 808 se
1380 797 1391 818 ‚
1424 766 1503 818 (l)
1532 765 1640 821 quod
1664 766 1847 810 maxime
1879 784 2035 824 pugnat
2059 787 2153 815 cum
2182 773 2363 828 pluribus

227 824 443 869 instituens
470 855 482 877 ,
514 822 621 874 jussit
652 832 785 877 patres
817 820 860 864 in
893 820 1148 877 singulorum
1172 821 1272 865 libe-
1321 821 1421 874 juris
1458 821 1560 866 locis
1598 822 1642 866 &
1679 839 1775 867 cum
1818 824 1944 868 titulo
1980 829 2031 869 C.
2057 829 2106 870 de
2132 830 2195 873 his
2229 862 2240 884 ‚
2287 835 2362 888 qus·

226 897 368 926 rorum
402 880 537 936 capita
568 878 724 922 inferre
756 876 910 934 aliquid
942 878 1118 930 Junonis
1150 879 1268 922 Luci·
1321 896 1427 923 num.
1451 880 1523 923 lib.
1546 879 1717 934 excusat.
1743 897 1836 924 mer.
1862 882 2122 939 Distinguere
2148 890 2364 940 oportebat

224 954 288 982 nae
320 937 477 993 templo
504 966 514 983 ,
547 936 628 989 (b)
659 935 928 992 habendoque
960 935 1080 979 censu
1112 935 1269 990 voluit,
1321 936 1404 981 haec
1433 935 1650 981 hominem
1675 938 1949 983 doetiffimum
1975 958 1983 983 ε
2034 942 2095 987 ius
2126 943 2281 989 scilicet
2310 947 2369 990 li-

1321 995 1512 1039 berorum
1532 1026 1546 1049 ,
1577 1011 1658 1052 quo
1689 997 1856 1051 praemia
1889 998 2178 1052 praestabantur
2201 1017 2249 1046 ex
2278 1003 2366 1060 lege

1320 1052 1443 1108 Papia
1467 1052 1682 1096 constituta
1704 1070 1724 1105 ,·
1745 1055 1784 1096 ὅ(
1804 1053 1864 1106 jus
1887 1055 2107 1101 liberorum
2130 1091 2141 1112 ‚
2165 1076 2245 1116 quo
2269 1078 2362 1106 rnu-

1320 1121 1387 1153 tua
1413 1110 1522 1154 inter
1549 1109 1740 1167 conjuges
1765 1112 1993 1157 testamenti
2023 1114 2146 1160 faffio
2165 1149 2179 1171 ,
2210 1118 2254 1161 ὃς
2282 1120 2370 1164 sue-

1320 1168 1505 1212 ceffionis
1535 1168 1693 1211 utilitas
1732 1169 1818 1225 lege
1848 1170 1969 1226 Papia
1992 1170 2139 1217 liberos
2168 1190 2253 1219 non
2288 1177 2365 1221 ha-

1318 1225 1507 1286 bentibus
1531 1225 1755 1270 imminuta
1780 1228 2060 1274 restituebatur
2080 1264 2090 1279 .
2112 1234 2154 1276 H
2185 1232 2246 1285 jus
2265 1234 2364 1286 juris

1317 1298 1339 1326 a
1375 1283 1561 1337 principe
1597 1284 1844 1337 impetrandi
1882 1289 2114 1332 necessitate
2159 1291 2356 1349 conjuges

1318 1339 1438 1383 solvit
1470 1340 1723 1384 Theodosius
1744 1373 1756 1395 ‚
1791 1358 1865 1386 nec
1890 1345 2111 1400 quidquam
2142 1348 2283 1402 attigit
2315 1352 2364 1396 de

1317 1412 1365 1441 eo
1387 1395 1472 1448 jure
1498 1397 1720 1442 liberorum
1757 1431 1771 1451 ‚
1817 1415 1898 1456 quo
1934 1417 2040 1444 nova
2069 1403 2170 1459 legis
2196 1409 2361 1459 praernia

1316 1454 1585 1499 continentur
1606 1488 1616 1498 .
1635 1457 1713 1508 (m)
1742 1456 1876 1513 Igitur
1902 1458 2110 1513 pristinam
2135 1462 2242 1506 inter
2262 1481 2361 1508 con-

1315 1511 1427 1568 juges
1455 1514 1789 1557 testamentorum
1817 1514 2046 1560 libertatem
2067 1521 2259 1564 omnibus
2275 1524 2362 1566 red-

1311 1570 1416 1613 didit
1441 1570 1697 1615 Theodosius
1731 1603 1743 1625 ,
1789 1584 1874 1616 tarn
1899 1573 2142 1620 habentibus
2167 1611 2178 1631 ,
2224 1595 2351 1634 quam

1323 1642 1407 1671 non
1435 1627 1677 1673 habentibus
1702 1628 1879 1674 liberos:
1932 1646 1977 1676 ur
2003 1633 2083 1678 sine
2111 1635 2193 1679 ulla
2227 1638 2360 1694 impe·

1318 1685 1496 1730 tratione
1526 1719 1539 1740 ,
1581 1686 1624 1730 &
1650 1687 1731 1731 fine
1758 1688 1878 1733 venia
1911 1690 2012 1747 legis
2043 1692 2171 1746 Papiae
2196 1726 2208 1747 ,
2254 1695 2353 1747 juris

1315 1743 1475 1799 antiqui
1513 1745 1711 1789 beneficio
1747 1746 2010 1800 perfruantur
2043 1780 2052 1791 .
2105 1751 2197 1794 Nec
2232 1755 2357 1798 modo

1314 1800 1424 1844 cives
1451 1802 1634 1845 Romani
1657 1835 1669 1856 ‚
1704 1803 1764 1845 sed
1789 1803 1832 1846 δι
1861 1803 1977 1848 latini
2000 1839 2013 1860 ,
2045 1823 2222 1863 quorum
2257 1827 2358 1855 con-

1313 1858 1514 1903 ditionem
1544 1860 1658 1915 supra
1682 1860 2009 1915 explicavimus,
2045 1867 2208 1919 praemia
2230 1883 2277 1911 ex
2303 1869 2356 1913 li-

1316 1916 1505 1960 berorum
1533 1934 1708 1963 numero
1735 1917 1949 1962 tulerunt:
1986 1937 2133 1978 nempe
2158 1922 2218 1975 jus
2246 1927 2355 1981 Qui-

1315 1974 1459 2017 ritium
1476 2007 1489 2028 ‚
1522 1975 1633 2027 cujus
1661 1976 1890 2031 potiebatur
1910 1977 2066 2022 latinus
2085 2011 2096 2033 ,
2119 1983 2186 2035 qui
2203 1983 2353 2040 filium,

1313 2031 1523 2087 filiamve,
1555 2046 1730 2088 natum,
1764 2048 1986 2092 natamque
2012 2070 2023 2091 ‚
2059 2039 2304 2084 anniculum
2337 2073 2351 2097 ,

1311 2090 1605 2135 anniculamve
1633 2091 1843 2146 servasset3
1877 2093 1931 2136 ita
1960 2108 2002 2137 ut
2029 2093 2136 2138 filius
2164 2129 2176 2150 ‚
2211 2097 2351 2144 filiave

1311 2162 1395 2190 non
1435 2148 1647 2192 decessisset
1685 2162 1778 2193 ante
1805 2163 2038 2196 extremum
2063 2155 2162 2197 anni
2196 2154 2304 2200 diem
2335 2189 2348 2212 ‚

1306 2206 1412 2261 quod
1447 2205 1619 2260 spatium
1647 2207 1924 2263 requirebatur
1950 2242 1962 2262 ‚
1995 2224 2038 2254 ut
2063 2209 2199 2254 infans
2223 2215 2349 2257 anni·

1305 2262 1419 2306 culus
1446 2276 1698 2318 reputaretur
1730 2297 1739 2307 .
1772 2267 1861 2317 (n)
1895 2268 2039 2311 Latina
2072 2284 2168 2312 vero
2199 2271 2345 2316 eodem

1303 2318 1389 2371 jure
1416 2319 1623 2364 fruebatur
1642 2354 1653 2374 ‚
1688 2322 1713 2364 fi
1747 2335 1806 2366 ter
1832 2323 1962 2367 fuisset
1993 2324 2114 2369 enixa
2141 2358 2154 2377 ‚
2185 2328 2265 2380 (¹⁵⁸)
2300 2329 2347 2372 si-

1304 2393 1351 2421 ve
1376 2378 1519 2422 ordine
1546 2392 1696 2422 naturae
1718 2380 1936 2435 consueto,
1970 2382 2048 2427 siae
2074 2384 2216 2427 eodem
2244 2385 2308 2429 die
2327 2418 2340 2440 ,

1303 2434 1382 2480 sive
1426 2436 1534 2479 intra
1567 2437 1734 2481 biduum
1768 2453 1837 2494 per
1869 2439 2121 2539 interlvalla:
2176 2456 2273 2485 nam
2309 2444 2337 2486 si

1929 2499 1962 2540 L
2052 2513 2074 2540 2
2254 2515 2338 2544 uno

227 1007 275 1041 ut
318 996 362 1040 &
409 994 660 1047 substantia,
708 993 753 1036 δε
793 1008 974 1038 uxorum
1024 992 1269 1037 liberorum-

223 1069 302 1110 que
337 1052 513 1097 nomina
534 1084 547 1105 ‚
594 1050 809 1106 aetatesque
840 1050 1106 1107 proderentur
1140 1082 1153 1105 ,
1199 1051 1267 1108 qui

221 1111 315 1155 nios
360 1110 445 1167 post
478 1109 610 1164 legem
642 1108 813 1163 Papiam
844 1108 1163 1152 obtinendorum
1196 1108 1271 1153 ho-

224 1183 376 1212 norum
425 1178 545 1224 atque
576 1181 794 1223 poenarum
824 1165 1089 1210 vitandarum
1120 1166 1267 1221 causa,

222 1225 351 1282 longe
382 1224 551 1268 maioris
583 1224 662 1267 fuit
693 1224 808 1268 usus:
841 1223 922 1277 [c]
952 1223 1025 1267 etsi
1054 1223 1269 1281 aliquanto

222 1283 471 1327 immutatus
508 1313 517 1323 .
567 1282 684 1324 Nam
734 1281 977 1324 Antoninus
1026 1282 1114 1332 (d)
1158 1281 1267 1325 iussit

223 1339 511 1396 professionem
544 1337 652 1381 hanc
677 1338 764 1381 fieri
787 1338 891 1393 apud
913 1336 1151 1382 Praefef’turn
1172 1354 1267 1383 aera-

222 1396 273 1440 rii
301 1428 314 1450 ‚
363 1397 444 1450 (³¹¹)
474 1407 595 1451 atque
627 1394 804 1438 alterum
836 1394 1077 1448 exemplum
1108 1396 1267 1440 tabula-

222 1470 317 1497 rum
351 1453 394 1496 in
426 1452 550 1496 domo
583 1452 741 1508 privata
761 1451 893 1495 voluit
913 1451 1134 1506 asservari3
1165 1452 1266 1497 alte-

223 1527 316 1554 rum
350 1510 394 1553 in
428 1510 592 1565 publico
623 1509 765 1553 aerario
785 1541 797 1563 ‚
830 1508 888 1563 [e]
920 1510 1030 1553 ut&
1052 1522 1172 1554 antea
1193 1512 1263 1556 fic-

220 1568 292 1611 bat
313 1599 321 1610 .
356 1566 567 1619 Juvenali's
584 1567 665 1621 sat.
688 1582 726 1621 9.

220 1626 353 1668 Tollis
366 1625 471 1667 enim
487 1657 500 1679 ‚
527 1623 584 1668 &³
601 1625 719 1668 libris
740 1624 912 1668 afforum
925 1625 1109 1682 spargere
1119 1627 1269 1684 gaudes

221 1685 469 1740 Argumenta
500 1683 617 1725 viriz
662 1681 821 1736 foribus
844 1682 1039 1739 suspende
1068 1700 1228 1728 coronas.
1253 1717 1266 1739 ,

329 1741 427 1793 Jam
453 1751 566 1795 pater
595 1756 636 1782 es
655 1772 665 1782 .

216 1798 302 1853 Qui
328 1813 417 1840 mos
443 1800 579 1840 Roma
604 1796 792 1854 prodiens
811 1829 824 1852 ‚
857 1797 987 1853 postea
1015 1798 1154 1843 Marci
1177 1800 1265 1843 Im-

217 1855 416 1910 peratoris
440 1854 544 1907 jussu
573 1855 760 1910 pervenit
787 1856 836 1899 ad
862 1856 1098 1910 provincias
1132 1889 1141 1899 .
1183 1856 1265 1911 (f)

214 1914 419 1956 Ceterum
453 1928 535 1969 quo
560 1912 718 1956 utilitas
748 1929 798 1957 ex
829 1913 1055 1957 liberorum
1090 1930 1263 1958 numero

217 1970 401 2025 capiatur
433 2002 446 2024 ,
508 1983 670 2025 oportet
704 1986 800 2015 eum
839 1986 1059 2016 numerum
1098 1971 1261 2027 impleri

216 2039 312 2070 ante
347 2027 571 2082 susceptum
604 2044 756 2073 munus
791 2045 801 2070 :
853 2044 951 2072 nam
986 2030 1012 2072 si
1045 2028 1163 2072 liberi
1199 2030 1260 2074 su-

215 2083 353 2139 scepto
379 2084 461 2127 iarn
489 2099 659 2128 munere
687 2086 939 2139 nascantur3
973 2085 1114 2130 frustra
1143 2087 1257 2132 bene.

214 2142 356 2185 ficium
384 2140 484 2198 legis
509 2144 716 2197 expetitur
747 2175 758 2186 .
806 2145 893 2200 (g)
923 2143 1085 2188 Gellius
1116 2159 1256 2190 autem

213 2198 425 2254 quaesitum
464 2198 588 2242 refert
624 2200 729 2257 apud
766 2214 925 2245 veteres
961 2233 973 2255 ‚
1022 2217 1075 2245 an
1111 2202 1256 2254 oQavo

211 2255 350 2299 mense
375 2268 493 2299 natus
519 2257 642 2311 prosit
670 2289 680 2301 .
713 2259 799 2310 (h)
829 2260 1027 2302 Ceterum
1054 2275 1138 2303 non
1166 2276 1255 2304 raro

214 2312 362 2369 quibus
397 2313 632 2370 legitimum
670 2314 893 2359 liberorum
929 2332 1149 2373 numerum
1182 2333 1254 2361 na-

213 2382 301 2413 tura
328 2385 573 2426 negaverat,
593 2373 758 2427 praemia
783 2372 950 2417 illorum
976 2373 1170 2429 principis
1186 2377 1251 2419 be-

214 2428 433 2471 neficentia
467 2428 715 2484 largiebatur
745 2463 756 2475 .
799 2430 1010 2487 Siquidem
1051 2432 1122 2489 qui
1153 2433 1253 2478 bene

1343 2605 1405 2646 (g)
1432 2609 1469 2638 L.
1490 2617 1520 2638 2·
1538 2608 1564 2649 ᾗ.
1582 2607 1639 2649 qun·
1651 2607 1693 2639 ad
1707 2618 1836 2640 munera
1860 2606 1922 2651 ‚ff-
1937 2608 1975 2640 de
1991 2618 2100 2642 vacat.
2115 2607 2154 2640 ὢ·
2172 2611 2274 2651 excus-
2300 2608 2321 2624 ‘⁵

1343 2650 1402 2690 (h)
1427 2650 1497 2683 Lib.
1516 2661 1543 2690 3.
1565 2663 1588 2684 c·
1615 2656 1663 2683 16.
1683 2651 1797 2693 infime
1812 2675 1822 2685 .

1341 2695 1396 2735 (i)
1418 2695 1489 2728 Lib.
1507 2707 1536 2728 2.
1553 2698 1594 2729 ad
1610 2697 1758 2737 Cesaram
1773 2719 1785 2737 ,
1814 2698 1894 2731 inm
1910 2696 1968 2730 lib.
1987 2708 2016 2737 3.
2034 2697 2091 2733 lib.
2112 2709 2141 2740 9.
2158 2698 2197 2732 (9⁴
2215 2699 2333 2735 libam

252 2733 313 2772 (d)
336 2733 514 2775 capitolin·
536 2735 572 2766 in
590 2735 749 2768 Antonin.
765 2734 803 2768 (9'
818 2737 973 2770 Gordian.
1296 2742 1437 2773 Duaren.
1455 2742 1540 2784 disp.
1556 2743 1722 2785 anniverfi
1736 2742 1795 2775 lib.
1821 2753 1846 2774 ι.
1864 2751 1930 2787 cap.
1946 2753 2004 2783 40.

255 2779 306 2818 (⁴¹
325 2778 343 2818 )
369 2782 417 2813 Ut
441 2780 532 2812 enim
558 2779 748 2814 liberalium
774 2782 954 2815 caussarum
979 2781 1086 2826 gratia
1110 2782 1241 2816 tabula·
1338 2785 1400 2824 (k)
1429 2789 1462 2818 L.
1482 2796 1530 2819 rer
1543 2785 1688 2831 enixaff
1706 2789 1740 2818 de
1757 2791 1789 2819 V.
1810 2790 1850 2820 Γ.

207 2821 332 2856 riorum
370 2824 579 2867 publicorum
604 2825 695 2859 usum
720 2826 906 2861 instituerat
932 2827 1121 2861 Antoninus
1150 2850 1161 2867 ,
1206 2837 1241 2862 ut
1340 2830 1382 2870 [l]
1411 2835 1446 2864 L.
1469 2842 1494 2862 r.
1515 2836 1548 2865 C.
1565 2831 1787 2871 dejur.1iber.

206 2875 246 2901 tx
272 2868 393 2901 tabulis
417 2871 606 2904 testationes
632 2871 701 2904 fieri
729 2872 853 2914 possent
869 2895 881 2912 ‚
905 2872 927 2906 fi
952 2873 1026 2916 quis
1051 2872 1085 2905 in
1101 2874 1238 2915 provin-
1336 2876 1406 2915 (m)
1432 2875 1543 2914 cujac.
1560 2879 1601 2910 ad
1618 2879 1751 2921 Ulpian.
1769 2878 1816 2912 tie
1848 2885 1896 2914 16.
1914 2885 2055 2915 Duaren.
2076 2883 2161 2926 disp.
2179 2894 2251 2915 ann.
2268 2885 2326 2916 ιι.

205 2911 255 2942 eia
280 2921 374 2946 natus
399 2916 527 2948 causam
552 2916 726 2950 liberalem
750 2916 875 2951 diceret
898 2940 910 2958 ‚
936 2917 983 2952 ita
1007 2918 1096 2951 cives
1126 2921 1240 2951 Romae
1290 2927 1357 2961 eap-
1379 2932 1434 2959 40·
1452 2922 1592 2964 infine:
1620 2935 1711 2966 quem
1727 2934 1836 2959 tamen
1851 2937 1954 2961 notat.
1974 2931 2043 2970 Jae.
2062 2926 2258 2961 Gothofred.
2292 2930 2328 2961 C.

202 2955 288 2996 apud
326 2959 497 2993 Praesestos
535 2961 643 2995 aerarii
668 2970 764 2995 natos
791 2962 913 2997 liberos
940 2964 1086 3006 profiteri
1113 2961 1197 3001 iuffit
1228 2986 1239 3003 ‚
1293 2965 1447 3008 Theodosi
1465 2968 1502 3000 de
1517 2967 1586 3007 jure
1600 2968 1690 3003 liber.
1709 2972 1732 3003 Ι.
1757 2981 1786 3010 3.

199 2999 302 3078 ῥητῇ
319 3003 522 3045 trigesimum
546 3005 636 3041 diem
660 3007 795 3041 nomine
821 3008 977 3053 imposito
991 3032 1001 3042 .
1026 3009 1236 3052 Capitolinus
1334 3012 1394 3051 (n)
1420 3015 1457 3044 L.
1481 3024 1551 3052 132.
1569 3014 1608 3047 (5
1630 3025 1700 3056 134.
1713 3014 1753 3060 ff
1768 3017 1805 3050 de
1822 3018 1857 3050 V.
1873 3019 1911 3049 s.
1928 3019 2038 3051 Paul}-
2056 3016 2095 3049 (9·
2109 3016 2160 3051 ibi
2174 3041 2182 3050 .
2207 3017 2323 3054 cujac,

198 3055 234 3077 m
303 3057 372 3078 arco
387 3059 410 3079 c.
428 3058 456 3085 9.
1285 3066 1317 3094 4·
1351 3067 1418 3089 ent.
1437 3058 1490 3091 tit.
1532 3082 1541 3093 .

246 3090 302 3131 (θ’)
328 3094 365 3123 L.
381 3095 412 3123 6.
442 3096 475 3125 C.
505 3095 542 3127 de
564 3096 785 3139 fid.infirum·
802 3097 900 3141 Apul.
916 3101 1004 3141 apol.
1023 3110 1054 3131 2.
1085 3099 1228 3133 Tertull.
1329 3058 1413 3140 {st
1440 3103 1458 3142 )
1485 3071 1583 3146 Q9uod
1610 3117 1676 3139 non
1700 3118 1740 3140 ex
1768 3106 1835 3149 lege
1861 3106 1961 3150 Papia
1986 3108 2030 3141 est
2058 3130 2069 3148 ‚
2097 3107 2148 3142 sed
2173 3119 2211 3141 ex
2239 3111 2323 3142 SCto

197 3133 255 3169 lib.
273 3144 301 3174 5·
317 3137 441 3188 advers
458 3140 621 3189 Marciam
1286 3146 1427 3188 quodam
1453 3148 1562 3190 Iegem
1589 3153 1726 3196 Papiam
1751 3152 1898 3186 insecuto
1911 3175 1919 3185 .
1949 3153 2089 3197 Ulpian.
2117 3156 2249 3196 Fragm·
2264 3152 2318 3185 tit,

206 3224 212 3232 -
242 3181 262 3221 ζ
270 3180 320 3223 f)
344 3183 522 3228 capitolin.
539 3184 659 3222 ibidem
676 3208 686 3221 .
714 3191 782 3231 Jac.
798 3187 996 3225 Gothosred.
1011 3190 1053 3224 ad
1068 3191 1122 3226 hoe
1135 3196 1232 3234 capue
1283 3193 1303 3223 1
1306 3193 1349 3224 ΙΙ
1351 3216 1358 3225 .
1374 3193 1400 3235 §.
1423 3203 1447 3227 1,
1465 3194 1503 3226 (Ψ
1519 3205 1550 3234 3·

199 3236 234 3260 m
247 3236 334 3261 nom
347 3250 357 3262 .
1423 3260 1432 3272 ὁ

916 2567 1141 2581 ——,—
1145 2567 1252 2577 n..—

255 2596 315 2637 (α)
339 2596 450 2635 Cujac.
466 2599 508 2631 ad
522 2601 544 2631 1.
558 2610 590 2638 4·
610 2601 667 2633 u'e.
691 2612 720 2640 9.
734 2602 821 2641 sem.
839 2601 953 2633 Paulli
970 2623 979 2633 .

254 2642 315 2684 (b)
341 2642 478 2683 Dionys.
496 2643 555 2676 ub.
570 2655 602 2684 4.
619 2645 710 2679 Briff.
725 2647 831 2690 antiq.
853 2645 910 2680 lib.
933 2656 957 2678 ι·
979 2651 1046 2690 cap.
1066 2655 1094 2679 1.

253 2688 311 2728 (c)
337 2688 567 2730 Juvenal.sat-
588 2701 618 2730 9.
