2596 3479
665 59 806 113 ET
875 56 1030 108 XII.
1097 49 1946 110 TABULARUM0'

2261 56 2373 126 ¹123

226 138 419 184 rifionem
451 130 638 177 incendit
664 165 672 175 .
714 133 798 186 (a)
822 133 884 174 Ea
911 130 1016 174 sacra
1044 130 1273 174 Erichteus
1329 126 1445 170 titius
1471 157 1483 181 ‚
1515 142 1563 171 ac
1595 124 1705 170 male
1737 124 1864 169 fartus
1896 123 1965 168 ille
1999 122 2242 174 Pimander.
2284 131 2388 175 Por-

229 192 498 254 AEgyptiusq,
552 190 738 234 Athenas
769 219 782 242 ‚
829 187 895 230 ubi
924 203 1074 243 magna
1099 200 1187 231 erat
1217 187 1273 230 rei
1330 200 1373 226 ro
1421 196 1516 228 ante
1562 183 1765 240 pastorum
1809 180 2038 227 colluviem
2076 216 2088 237 ,
2143 203 2230 243 quae
2280 188 2393 233 sein

233 253 512 294 frumentariae
539 249 706 301 penuria
739 277 750 299 ‚
796 259 1033 298 comparato
1060 244 1271 289 frumento

232 306 462 360 transtulit3
495 306 586 357 (b)
611 318 738 358 eoque
765 302 961 344 beneficio
990 305 1141 346 meruit
1170 334 1182 356 ‚
1227 315 1272 345 ut

228 379 402 419 regnum
427 366 465 406 ei
490 361 714 405 deferretur
743 391 758 414 ,
801 375 846 402 ac
883 359 925 401 in
952 359 1086 403 Eleusi
1116 362 1271 403 sacrum

228 423 373 466 Cereri
405 420 586 464 solemne
618 417 896 460 institueretur
917 446 926 456 .
959 418 1087 471 Sunt,
1120 417 1189 473 qui
1216 417 1269 459 le-

225 495 327 536 gum
354 476 655 521 institutionem
683 474 864 518 tribuant
889 474 1163 517 Onomacrito
1182 505 1193 527 ‚
1224 474 1270 516 de

227 553 310 593 quo
341 535 424 578 haec
449 534 498 577 ab
526 532 744 575 Aristotele
773 532 985 573 traduntur
1009 549 1018 572 :
1056 534 1109 582 (c)
1126 532 1264 580 Περίερ-

229 609 295 634 ‘Tm
336 591 382 631 δέ
422 590 489 630 καί
528 590 629 630 Δἰἰίιες
661 590 726 628 καί
756 592 921 638 συνιζγςιν
951 587 994 625 (ἐξ
1025 586 1270 639 Ονεμακρὶτε

227 647 298 699 μέν
327 644 498 698 γενομένκ
520 644 646 694 πρώτης
673 643 788 684 semu
806 642 885 690 περὶ
905 642 1143 693 νομοιῗεσὶκν.
1179 640 1267 683 Alii

232 702 386 757 primas
413 701 522 756 leges
549 700 703 755 docunt
727 715 749 741 a
777 697 1067 741 Rhadamanto
1099 699 1164 748 (d)
1189 700 1265 750 Ly-

230 759 304 802 ciae
337 775 429 815 rege
450 791 461 812 ‚
507 757 585 800 hoc
616 771 770 798 nomen
800 755 945 810 adepto
972 786 983 806 ‚
1034 756 1139 809 quod
1166 755 1267 808 apud

232 816 431 858 Rhodum
474 815 523 857 ab
578 813 807 856 llliensibus
857 812 976 855 fuerit
1017 811 1219 855 institutus
1256 828 1265 852 :

230 873 357 928 iisque
396 873 449 915 ob
486 870 641 926 insigne
666 870 838 913 studium
863 868 1020 920 justitiae
1057 901 1068 921 ‚
1113 884 1192 923 quo
1226 868 1267 911 in

232 929 318 972 vita
349 929 563 973 tenebatur
594 959 605 980 ,
658 925 827 983 fingitur
858 927 961 981 apud
987 925 1136 969 inferos
1159 941 1268 969 mor-

231 997 400 1029 tuorum
424 985 564 1040 culpas
589 984 783 1027 aestimare
803 1016 812 1026 .
859 983 980 1026 Persis
1005 983 1267 1026 Zoroastrum

233 1042 341 1098 leges
373 1041 573 1086 tradidisse
604 1041 836 1095 complures
865 1041 1147 1084 existimarunt
1179 1072 1190 1090 ,
1222 1056 1267 1083 ac

230 1114 326 1143 eum
357 1101 434 1143 esse
466 1099 709 1143 censuerunt
738 1097 1070 1154 antiquissimum
1102 1129 1111 1139 .
1154 1098 1266 1139 Cum

230 1168 370 1201 autem
401 1157 449 1200 de
480 1156 592 1199 illius
623 1169 737 1199 aetate
770 1155 1024 1210 summopere
1047 1154 1267 1204 contende-

232 1227 344 1257 retur
369 1245 382 1267 ‚
412 1230 458 1256 ac
489 1231 511 1256 a
544 1215 686 1256 Xanto
717 1212 847 1265 Lydio
881 1212 1117 1255 sexcentum
1138 1226 1266 1252 annos

227 1272 310 1321 (e)
353 1287 374 1313 a
419 1271 630 1312 zoroastro
661 1269 709 1310 ad
741 1271 922 1311 Xerxem
948 1300 962 1320 ,
1006 1270 1055 1310 ab
1088 1270 1264 1309 Hermo-

228 1327 329 1369 doro
384 1327 596 1368 Platonico
649 1325 853 1367 annOrum
903 1324 1082 1379 quinque
1135 1323 1266 1365 millia

1330 241 1554 296 AEgyptum
1583 239 1763 295 profudit
1791 272 1803 293 ‚
1847 238 1908 291 jus
1936 240 1979 283 in
2008 241 2134 285 tribus
2159 245 2381 297 maioribus

1328 299 1504 352 regionis
1542 297 1658 341 illius
1691 297 1856 341 urbibus
1889 298 2128 342 reddebatur
2158 332 2168 353 ‚
2219 304 2383 347 Thebis

1328 355 1482 398 scilicet
1511 386 1524 407 ,
1556 354 1755 409 Memphi
1781 386 1792 408 ‚
1824 355 1868 397 ὃς
1896 354 2112 411 Heliopoli
2141 389 2152 410 ‚
2197 374 2320 414 quam
2356 379 2380 405 a

1327 411 1530 474 pastorum
1561 411 1850 455 dominatione
1874 411 2093 457 liberatam
2127 444 2139 467 ‚
2174 417 2339 460 Amasis
2366 451 2379 472 ,

1322 483 1391 524 qui
1449 483 1596 531 regum
1633 467 1925 524 AEgyptiorum
1964 470 2119 525 primus
2159 473 2376 530 Heliopoli

1323 524 1488 588 praesuit
1516 557 1529 579 ‚
1563 525 1722 581 legibus
1752 526 1968 581 munivit,
1999 527 2044 571 ὃς
2064 529 2249 574 tribunal
2274 547 2373 575 con-

1321 582 1452 625 stituit
1481 598 1531 626 ex
1565 582 1737 638 triginta
1764 581 1964 634 judicibus
1991 617 2004 638 ,
2037 602 2213 642 quorum
2245 589 2371 633 denos

1321 639 1541 683 civitatum
1577 639 1742 694 singulae
1774 639 1924 683 dabant
1962 658 1973 695 3
2020 643 2066 686 de
2092 645 2240 700 quibus
2273 662 2376 691 unus

1320 697 1460 740 ceteris
1488 729 1500 750 ,
1543 697 1589 740 ὃς
1611 696 1851 741 auctoritate
1881 698 1926 740 in
1957 700 2141 744 confiliis
2171 702 2213 745 ἃ
2245 706 2374 759 gratia

1318 755 1420 808 apud
1450 769 1590 810 regem
1619 786 1631 807 ,
1673 754 1718 796 ὃς
1756 753 1968 810 dignitatis
2014 758 2237 814 insignibus
2273 777 2372 814 pra:-

1318 810 1489 854 cellebat
1515 828 1529 852 .·
1578 811 1736 855 etenim
1781 826 1802 854 e
1834 812 1944 856 collo
1972 827 2114 858 catena
2143 817 2371 872 suspensam

1318 884 1438 911 aurea
1476 869 1641 925 gerebat
1685 868 1874 912 veritatis
1898 867 2142 923 'imaginem
2189 876 2367 926 gemmis

1317 939 1508 988 ornatum
1530 958 1543 979 ‚
1576 927 1651 978 (i)
1683 924 1915 983 cunffisque
1948 927 2145 978 judicibus
2186 930 2229 973 in
2266 947 2368 975 con-

1318 982 1405 1025 filio
1441 983 1546 1038 leges
1577 998 1722 1027 ornnes
1751 982 1843 1027 06³oe
1869 984 2074 1040 descriptae
2111 987 2228 1030 libris
2266 1004 2366 1043 pro-

1317 1040 1573 1093 ponebantur
1611 1072 1620 1082 .
1671 1042 1835 1084 Horum
1881 1041 1986 1097 leges
2029 1075 2041 1096 ,
2087 1044 2131 1087 δε
2170 1044 2360 1088 instituta

1316 1096 1564 1152 Pythagoras
1595 1098 1797 1141 transtulit
1828 1098 1876 1141 ad
1907 1099 2175 1144 Crotoniatas
2199 1133 2210 1144 .
2244 1103 2362 1146 Hinc

1289 1166 1335 1195 ¹e
1361 1169 1512 1208 magna
1553 1155 1715 1198 Graecia
1751 1186 1764 1207 ,
1806 1155 1874 1198 ubi
1907 1155 2058 1199 divinae
2108 1157 2179 1201 ille
2213 1158 2365 1202 locavit

1313 1226 1359 1271 ae
1412 1211 1602 1272 humanae
1653 1211 1919 1254 fundamenta
1966 1214 2170 1269 sapientiae
2197 1247 2211 1267 ,
2254 1215 2359 1259 faeta

1318 1270 1405 1308 lunt
1427 1269 1562 1310 civilis
1589 1268 1782 1310 doffi‘trinae
1801 1300 1813 1319 ,
1845 1267 2020 1324 jurisque
2049 1270 2226 1314 divortia
2252 1304 2264 1325 ‚
2299 1273 2360 1316 le·

1312 1322 1457 1377 gesque
1491 1325 1540 1365 ab
1575 1323 1657 1374 ejus
1680 1323 1886 1378 discipulis
1911 1327 1960 1366 ad
1987 1326 2190 1369 finitimos
2222 1344 2355 1380 popu-

228 1383 382 1426 fluxisse
414 1399 437 1425 a
468 1382 685 1425 Zoroastro
717 1381 763 1423 ad
795 1381 999 1424 excidium
1024 1379 1161 1430 Troia:
1181 1395 1265 1423 cre·
1316 1380 1374 1421 los
1409 1380 1598 1422 traducite
1633 1378 1797 1423 fuerunt
1833 1397 1854 1422 a
1889 1381 2160 1437 Pythagorica
2187 1383 2353 1427 schola:

229 1440 392 1483 deretur
419 1455 430 1492 ς
461 1440 539 1482 duo
572 1440 621 1481 ab
653 1437 855 1493 aliquibus
889 1437 1004 1492 positi
1039 1436 1148 1480 fuere
1183 1438 1266 1479 Zo-
1313 1452 1490 1491 quorum
1522 1436 1777 1480 celeberrimi
1814 1437 1901 1479 sunt
1933 1439 2011 1481 duo
2036 1471 2048 1491 ,
2080 1439 2321 1484 Charondas
2345 1473 2359 1495 ‚

226 1497 363 1540 roastri
383 1527 395 1549 ‚
428 1512 524 1539 cum
554 1495 788 1539 testimonia
820 1496 1057 1550 scriptorum
1081 1494 1266 1549 frequen·
1314 1495 1330 1545 (
1372 1510 1496 1549 quem
1538 1493 1719 1549 plerique
1762 1494 1936 1537 Thuriis
1976 1496 2083 1550 leges
2118 1497 2246 1540 tuliffe
2278 1514 2351 1539 vo-

229 1553 338 1596 tiora
383 1553 459 1596 sint
492 1553 537 1596 de
570 1553 643 1596 illo
680 1553 950 1594 Astronomiae
984 1551 1222 1606 peritiffimo
1252 1582 1264 1603 ,
1289 1591 1292 1610 ι
1315 1549 1406 1593 lunt
1428 1583 1439 1603 ,
1472 1552 1489 1601 >
1520 1551 1562 1593 8<
1595 1552 1794 1593 Zaleucus
1825 1582 1838 1604 ‚
1891 1552 1961 1606 qui
1995 1555 2219 1596 Locrorum
2251 1555 2356 1609 regi-

226 1626 350 1666 quem
398 1610 518 1652 Persae
549 1610 793 1653 recentior‘es
825 1608 1030 1663 Hystaspis
1067 1610 1178 1650 Darii
1207 1624 1267 1651 re-

229 1668 290 1722 gis
323 1667 443 1721 patris
474 1667 667 1721 aequalem
702 1666 857 1709 faciunt
892 1682 900 1706 :
952 1681 974 1708 a
1006 1681 1085 1720 quo
1118 1665 1263 1719 Hysta-

228 1725 292 1778 spe
326 1726 550 1779 Magorum
588 1724 814 1767 doftrinam
847 1735 1012 1765 enatam
1044 1721 1148 1774 esse,
1181 1724 1264 1764 Da-

224 1781 307 1823 rius
352 1780 456 1823 nlius
501 1783 543 1823 in
578 1781 701 1836 patris
732 1794 1011 1822 monumento
1044 1779 1262 1821 inscriben-

225 1837 325 1880 dum
369 1839 526 1881 curavit
562 1870 571 1880 .
624 1839 825 1880 Ceterum
869 1835 1067 1890 Apuleius
1108 1837 1263 1878 Zoroa-

229 1895 354 1938 strum
407 1894 619 1946 constituit
664 1895 731 1938 sub
774 1894 951 1949 imperio
1000 1893 1214 1947 Cambysis
1252 1924 1264 1945 ,

229 1951 343 2004 cujus
374 1951 483 1994 inter
514 1951 697 2006 captivos
733 1952 976 2006 Pythagoras
1010 1981 1022 2002 ,
1067 1963 1113 1992 ut
1156 1949 1263 1992 idem

229 2007 429 2063 Apuleius
462 2009 583 2051 tradit
607 2040 620 2061 ,
669 2008 851 2050 do&ores
883 2006 1024 2049 habuit
1057 2007 1263 2049 Persarum

230 2066 384 2120 Magos
417 2096 429 2117 ‚
469 2081 516 2108 ac
560 2067 755 2119 praecipue
799 2063 1091 2106 Zoroastrum.
1138 2063 1262 2118 AEgy-

228 2122 302 2176 ptii
336 2122 385 2163 ab
417 2134 590 2177 utroque
623 2120 835 2164 Mercurio
868 2120 973 2175 leges
1003 2132 1263 2174 acceperunt3

224 2181 275 2220 ab
306 2194 354 2220 eo
389 2178 540 2221 scilicet
565 2210 577 2231 ,
607 2178 656 2221 de
687 2194 767 2234 quo
798 2176 879 2231 (f)
911 2177 1062 2219 Cicero
1094 2176 1218 2219 tradit
1250 2207 1261 2228 ‚

225 2236 440 2291 AEgyptios
470 2251 544 2277 non
575 2237 676 2289 leges
706 2236 840 2288 modo,
866 2234 940 2288 fi'd
969 2233 1024 2275 (95
1054 2234 1259 2275 litei-asac-

224 2291 358 2347 cepcffe
395 2323 406 2343 ‚
460 2307 582 2347 quem
615 2291 757 2334 Theut
789 2291 1048 2346 appellabant
1077 2323 1089 2343 ,
1121 2305 1261 2346 quem-

223 2364 301 2404 que
335 2348 566 2404 posteriores
601 2364 734 2391 rerum
771 2348 1056 2403 AEgyptiarum
1098 2347 1258 2401 scripto-

225 2421 285 2448 res
316 2406 647 2458 antiquissimum
683 2405 840 2448 faciunt
871 2435 883 2457 ‚
935 2406 1019 2460 (g)
1061 2404 1104 2446 δε
1136 2405 1184 2446 ab
1214 2419 1261 2445 eo

224 2477 346 2517 quem
390 2464 519 2504 Moeri
553 2461 636 2514 regi
672 2460 881 2505 successisse
916 2459 1180 2502 Marshamus
1211 2475 1284 2509 ex,

225 2517 418 2572 Syncello
449 2518 611 2574 colligit
644 2550 653 2559 .
697 2522 834 2573 Atque
877 2516 949 2559 ille
993 2532 1087 2559 curn
1112 2515 1260 2579 ‘prioris

227 2575 427 2619 Mercurii
460 2588 563 2617 artes
596 2575 760 2627 coluit,
803 2575 845 2617 ὃς
878 2573 1140 2616 confirmavit
1165 2605 1177 2625 ‚
1211 2571 1257 2613 li·
1289 2623 1291 2625 ι

227 2633 381 2688 brisque
412 2632 682 2687 quadraginta
715 2631 867 2673 duobus
897 2629 1079 2672 humana
1104 2660 1117 2682 ‚
1157 2629 1253 2671 divi-

211 2705 356 2745 ‚rnaque
389 2689 531 2731 omnia
563 2687 911 2743 comprehendit3
943 2699 1032 2730 tum
1065 2685 1129 2730 vel
1157 2686 1258 2741 prio-

231 2762 290 2789 res
340 2746 511 2789 restituit
554 2745 664 2800 leges
702 2777 714 2797 ,
759 2744 823 2787 vel
867 2743 1047 2786 condidit
1091 2758 1216 2786 novas
1251 2774 1259 2783 .

228 2804 314 2856 (h)
346 2806 484 2859 Atque
516 2802 612 2846 huic
643 2801 768 2857 vulgo
799 2800 1028 2857 adsignatur
1049 2815 1257 2844 commen-

557 2932 679 2943 ...η-ι-
683 2925 691 2933 ’
696 2933 819 2943 ,Μ
824 2930 1147 2943 ι--ι--ὴ-
1151 2930 1260 2938 -ι

272 2963 291 3000 ζ
306 2960 357 2998 a')
405 2961 564 2993 Herodot.
596 2960 652 2993 lib.
677 2971 706 3000 3.

273 3006 292 3044 ζ
307 3004 324 3034 b
338 3005 357 3041 )
405 3004 496 3036 Diod.
517 3005 615 3038 Sicul.
643 3005 702 3037 lib.
724 3017 750 3037 r.

271 3051 291 3089 (⁴
312 3058 325 3077 c
338 3048 356 3085 )
405 3050 505 3080 Polft.
534 3049 592 3081 lib.
608 3055 639 3081 ’2.
733 3052 812 3090 (A)
860 3050 945 3086 Plin·
980 3047 1038 3084 tib.
1053 3062 1085 3091 7.
1119 3054 1187 3092 cap.
1203 3051 1256 3087 56.

274 3103 294 3133 ε,
313 3093 359 3131 e')
406 3093 502 3135 ong·
530 3096 640 3128 Laert.
676 3101 802 3137 prm-m.

1314 1623 1410 1650 men
1435 1608 1641 1650 constituit
1666 1640 1676 1661 ,
1711 1607 1753 1650 &
1777 1607 1898 1650 ambo
1928 1610 2174 1662 sanxerunt,
2208 1624 2252 1653 ut
2283 1627 2353 1666 qui

1315 1663 1421 1718 leges
1458 1677 1731 1719 proponerent
1775 1680 1905 1707 novas
1948 1667 2080 1720 capite
2125 1667 2351 1721 ple&eren-

1315 1733 1380 1763 tur
1415 1753 1426 1773 ,
1475 1721 1547 1763 nisi
1582 1722 1735 1776 legibus
1770 1723 1845 1765 suis
1874 1722 2161 1767 universorum
2187 1724 2346 1768 civium

1315 1778 1485 1821 utilitati
1518 1778 1777 1821 consulerent
1804 1810 1816 1830 ‚
1847 1796 1892 1823 ac
1925 1779 2105 1823 Zaleuco
2138 1796 2221 1823 non
2246 1796 2355 1823 mor.

1313 1847 1385 1878 tuo
1418 1848 1580 1878 tanturn
1613 1867 1625 1888 ‚
1677 1835 1737 1878 sed
1780 1836 1822 1879 ἅ.
1856 1838 1952 1879 vivo
1978 1867 1988 1881 ,
2032 1849 2151 1892 atque
2197 1837 2352 1881 videnti

1313 1892 1420 1935 cives
1452 1893 1681 1935 maeiarunt
1713 1892 1899 1935 victimas
1925 1925 1937 1946 ‚
1979 1893 2023 1936 ὃς
2065 1894 2217 1937 oraculi
2251 1892 2350 1945 jussu

1311 1949 1471 1991 divinos
1503 1950 1677 1992 honores
1712 1949 1977 2002 habuerunt3
2029 1950 2141 1994 sicuti
2183 1949 2346 2003 Scytha!

1312 2005 1506 2048 Zamolxi
1539 2021 1679 2048 eorum
1714 2006 1933 2060 legislatori
1963 2038 1975 2059 ,
2010 2007 2248 2062 Pythagorae
2273 2007 2349 2049 ser-

1313 2077 1363 2104 vo
1384 2093 1395 2114 ‚
1430 2062 1498 2117 qui
1530 2062 1747 2104 dominum
1780 2063 1822 2104 in
1855 2063 2020 2117 AEgypti
2055 2062 2350 2118 peregrinatio·

1313 2134 1360 2161 ne
1396 2119 1578 2174 sequutus
1612 2135 1623 2172 3
1669 2135 1766 2173 quos
1799 2119 1893 2163 inde
1924 2118 2104 2174 abripuit
2135 2122 2236 2161 ritus
2261 2150 2272 2169 ,
2303 2118 2348 2160 δε

1312 2175 1491 2217 instituta
1546 2175 1752 2218 transtulit
1805 2176 1854 2218 ad
1912 2176 1997 2220 suos
2041 2208 2045 2217 ς
2106 2175 2349 2218 Tarentinis

1315 2232 1504 2274 Architas
1550 2232 1654 2288 leges
1695 2232 1909 2286 condidit,
1955 2233 2211 2275 Parmenides
2250 2262 2263 2284 ,
2304 2231 2348 2273 &

1312 2291 1428 2332 Zeno
1462 2289 1614 2332 Eleatis
1642 2320 1651 2332 .
1697 2291 1776 2332 His
1818 2289 2050 2334 consimiles
2097 2288 2348 2344 legislatores

1315 2347 1543 2396 prodierunt
1578 2347 1769 2390 Eudoxus
1799 2377 1809 2399 ‚
1851 2362 1873 2389 a
1906 2362 1986 2401 quo
2018 2346 2160 2388 Gnidii
2204 2376 2216 2397 ,
2262 2349 2352 2386 An-

1311 2403 1524 2446 dromadus
1558 2403 1769 2454 Rheginos
1798 2434 1809 2455 ‚
1851 2419 1873 2445 a
1906 2418 1985 2458 quo
2019 2400 2305 2444 Chalcidenses
2333 2416 2343 2439 ,τ

1311 2459 1377 2514 qui
1427 2460 1516 2501 sunt
1560 2460 1603 2502 in
1645 2459 1826 2501 Thracia
1852 2490 1861 2500 .
1906 2461 2065 2501 Verum
2100 2455 2349 2510 legumlato-

1316 2531 1404 2558 rum
1435 2516 1625 2558 omnium
1660 2515 1913 2558 celeberrimi
1941 2546 1953 2566 ‚
1985 2514 2025 2556 ἃ
2048 2511 2345 2569 prudentissimi

1314 2571 1422 2615 suere
1456 2573 1698 2614 Phoronaeus
1738 2570 1880 2614 Inachi
1915 2570 2058 2625 filius,
2108 2572 2349 2613 Graecorum

1315 2644 1455 2684 regum
1486 2629 1785 2684 antiquiffimus
1811 2659 1823 2681 ,
1875 2644 1898 2669 a
1944 2643 2025 2684 quo
2067 2626 2176 2670 exuti
2210 2624 2350 2668 ferita-

1315 2699 1350 2728 te
1378 2718 1390 2736 ,
1438 2686 1481 2727 &
1513 2686 1553 2727 in
1588 2686 1729 2728 urbem
1760 2685 1886 2728 coaffi
1914 2716 1927 2738 ,
1974 2684 2018 2727 ὃς
2064 2683 2218 2736 legibus
2264 2680 2352 2724 fue-

1314 2756 1408 2785 runt
1441 2742 1612 2785 instituti
1635 2774 1646 2794 ‚
1677 2754 1796 2798 atque
1829 2741 1988 2784 educati
2016 2757 2024 2780 :
2063 2740 2234 2790 Minos,
2270 2740 2350 2781 Lv-

1311 2815 1455 2854 eurgus
1484 2831 1497 2853 ,
1520 2799 1582 2842 ’ὃς
1614 2814 1710 2843 curn
1742 2801 1932 2841 Dracone
1963 2795 2088 2841 Solon
2123 2827 2132 2837 .
2174 2797 2344 2904 {2⁰⁰8ss

1886 2857 1937 2909 Q
1987 2869 2008 2897 2
2258 2867 2346 2893 noi-

1312 2929 1418 2937 —
1423 2929 1558 2939 ..ι-ι--
1805 2922 2347 2939 --o—*mua———OE

1355 2958 1427 2999 (f)
1447 2976 1456 2981 -
1475 2961 1527 2989 De
1540 2969 1610 2990 nat.
1642 2962 1782 2989 Deorum
1808 2956 1867 2989 tib.
1894 2967 1924 2994 3.

1353 3003 1430 3043 (g)
1476 3002 1659 3035 Marsham.
1691 3003 1798 3042 saecul.
1819 3012 1844 3032 1.

1353 3045 1435 3086 (h)
1481 3046 1632 3080 Clemens
1661 3047 1759 3079 Alex.
1785 3048 1908 3077 strom.
1936 3042 1994 3077 tib.
2012 3047 2046 3076 6.

1354 3091 1430 3132 (i)
1475 3091 1574 3125 Diod.
1591 3091 1691 3126 sicul.
1719 3089 1777 3124 lib.
1802 3101 1827 3123 1·
1856 3096 1931 3132 pag.
1947 3092 2005 3126 48.
