2524 3479
220 193 477 243 stitutiontim
511 193 634 238 instar
655 192 810 238 edidere
835 191 1014 244 πρόχαρον
1034 205 1157 241 μικρον
1174 221 1186 242 ‚
1220 188 1265 231 s1-
1284 192 1293 239 ἒ

220 270 270 298 ve
302 252 601 308 promtuarium
633 267 805 308 parvum
837 267 884 295 ex
919 262 1072 302 magno
1105 259 1268 289 contra·
1290 272 1299 303 3

219 311 332 354 &um
360 326 369 351 :
404 311 511 366 quod
534 309 660 354 etiarn
685 308 853 363 ecloga,
886 309 930 351 ὃς
956 304 1263 368 ,ὃγῑῇιορῆεθςοω
1287 296 1294 356 l

218 366 393 421 junffim
415 398 426 419 ‚
459 367 536 411 sive
570 367 728 411 seleffio
753 363 1059 420 compendiaria
1088 363 1265 405 dicitur:
1289 360 1294 397 ἴ

218 425 321 469 item
347 424 389 467 &
416 423 551 475 ἐκλογή
580 424 646 464 καὶ
678 423 936 474 ἐπιὲιὸρθωσις
959 452 970 474 ‚
1004 418 1080 462 five
1109 419 1268 463 seletfflo
1290 428 1293 457 ἶ

217 481 421 527 εοττεξὶατ
457 495 544 536 quae
573 481 707 536 primo
733 479 866 535 ipsum
894 476 1116 530 Basiliuzn3
1149 475 1295 521 dein-¹

217 540 265 583 de
297 538 620 582 Constantinum
647 571 658 592 ‚
704 539 747 582 δε
776 537 1058 581 Alexandrum
1086 535 1294 596 aufi’tores3

218 596 402 653 agnoscit
429 594 538 640 suos.
570 597 766 642 Tertium
797 594 1043 638 Procheiron
1086 594 1295 648 appella-j

216 669 284 698 tui·
322 654 442 697 index
477 656 609 706 ομικῶν
640 653 745 694 κριτοὶ
774 652 823 692 ‘ro'
850 655 1009 704 ςοιχωᾶν
1039 684 1048 703 j
1099 650 1175 693 sive
1209 650 1294 709 jus

220 728 288 768 per
314 712 519 755 elementa
545 709 755 753 literarum
780 742 792 763 ,
843 722 911 751 aut
953 707 1012 759 jus
1040 707 1267 762 alphabeti·
1289 711 1293 725 ‘

217 786 314 815 cum
344 801 352 811 .
386 769 455 811 Est
480 767 594 810 enim
624 767 783 811 seleffio
810 765 939 818 major
965 782 1033 821 per
1060 765 1265 822 alphabeti

219 824 536 882 seriem'digesta
556 856 567 876 ‚
600 842 686 881 quae
718 825 906 869 continet
931 823 1136 874 majorum
1164 824 1266 866 Bari,

216 884 395 928 licorum
422 883 526 938 leges
551 882 595 924 8(
622 882 763 926 titulos
783 883 828 925 ad
849 882 1062 925 literarum
1077 880 1266 924 ordinem

219 942 365 986 relatos
397 973 406 983 .
441 939 524 995 Qui
552 940 695 984 Codex
721 952 897 996 repertus
921 937 1100 989 Tarenti
1134 938 1212 981 fuit
1244 955 1267 981 a

212 1001 371 1052 joanne
416 997 618 1042 sambuco
653 999 744 1042 viro
782 997 994 1041 Pannonio
1028 1012 1126 1041 acea
1152 996 1265 1039 enim

214 1057 376 1101 Civitas
399 1055 551 1099 diutius
577 1057 723 1100 Graeco
750 1055 932 1109 Imperio
959 1054 1093 1109 paruit
1119 1086 1130 1107 ‚
1166 1054 1264 1097 reti-

219 1116 392 1171 nuitque
418 1128 567 1171 graecos
594 1129 728 1158 mores
752 1146 763 1165 ,
795 1114 836 1156 &
862 1112 1043 1172 instituta
1080 1144 1088 1153 .
1137 1094 1295 1167 Quar-l

216 1185 306 1216 tum
331 1172 578 1216 Proclieiron
601 1203 612 1224 ,
646 1172 822 1217 Tarenti
854 1172 1015 1225 qssuoqssie
1042 1183 1263 1223 repertum,

217 1230 371 1274 dicitur
394 1228 520 1281 μικρόν
553 1227 657 1267 καφ-οὶ
687 1229 888 1279 emmelos,
922 1226 999 1270 sive
1025 1225 1266 1279 Alphabeti-

215 1304 310 1331 cum
341 1300 539 1342 parvum,
577 1285 684 1340 quod
710 1282 972 1336 distinguitur
995 1300 1016 1327 a
1046 1282 1266 1326 Procheiro

216 1342 482 1400 alphabetico
517 1356 666 1396 magno
688 1374 700 1394 ,
732 1342 777 1384 de
803 1341 1026 1396 quo-supra
1056 1340 1236 1383 diximus
1256 1372 1264 1381 .

216 1402 428 1457 Quintum
458 1398 705 1443 Procheiron
729 1413 829 1454 opus
852 1396 1157 1442 estffMic-haelis
1184 1399 1262 1440 At-

220 1459 370 1503 taliatae
410 1455 577 1510 judicis,
607 1457 651 1501 δζ
679 1455 960 1512 proconsulis,
983 1456 1138 1500 editum
1162 1468 1269 1498 tem-

221 1532 317 1571 pore
343 1514 565 1559 Michaelis
591 1517 717 1558 Ducae
742 1511 872 1558 titulis
897 1514 1039 1558 XCV.
1064 1528 1175 1557 anno
1196 1514 1277 1571 M<
1305 1518 1309 1520 ”

216 1575 398 1618 LXXV.
424 1571 529 1627 quod
556 1572 819 1623 πραγματικύν
843 1603 854 1624 ‚
888 1570 952 1615 vel
979 1571 1123 1623 πόνημα
1142 1570 1279 1624 31³÷fi÷ve³

217 1648 317 1688 opus
354 1630 451 1682 juris
487 1627 711 1683 appellavit
745 1660 754 1670 .
805 1629 977 1672 Sextum
1018 1627 1266 1677 Procheiro'n

219 1688 404 1733 condidit
442 1684 805 1737 Michael;5B,sellus
836 1719 848 1738 ,
900 1686 970 1743 qui
1005 1687 1268 1741 compendia-

217 1748 328 1791 rium
355 1746 412 1798 jus
437 1743 612 1787 versibus
626 1743 790 1794 clausit.
824 1743 1265 1799 SeptimumProchei-

219 1821 295 1848 ron
332 1805 385 1848 est
422 1800 685 1845 Constantini
713 1801 1071 1857 Harmenopuliz,ss
1101 1816 1266 1845 contra-

216 1863 330 1906 &um
372 1877 420 1904 ex
448 1858 713 1903 Bafilicorum
742 1859 1268 1915 Codice-5⁶3:'nuncupatum

216 1920 443 1967 Ε’ξοὶβιβλον
473 1950 481 1959 .
532 1919 595 1960 Ex
621 1917 766 1973 quibus
793 1931 915 1973 atque
943 1933 992 1962 ex
1026 1918 1269 1961 Graecorum

219 1974 610 2027 jurisconsultorum
640 1974 910 2028 superstitibus
937 1975 1044 2018 notis
1072 2007 1083 2028 ,
1126 1975 1168 2017 &
1201 1975 1268 2018 in-

220 2031 597 2087 terpretatiunculis
629 2064 640 2083 ,
685 2032 882 2083 Cujacius
910 2033 1061 2075 multos
1088 2031 1184 2083 juris
1212 2032 1266 2075 ci-

221 2089 315 2132 vilis
343 2087 453 2132 locos
479 2089 648 2132 restituit
670 2120 682 2141 ,
715 2090 758 2146 ὃς
777 2090 1002 2142 explicavit
1028 2090 1070 2132 ὃς
1097 2089 1269 2133 illustra-

221 2147 304 2190 vit:
341 2145 397 2188 ita
423 2159 466 2189 ut
494 2145 602 2189 illius
628 2145 802 2189 eruditio
826 2148 1066 2190 Graecorum
1094 2146 1266 2190 lumini-

223 2206 294 2248 bus
328 2202 506 2257 adspersa
542 2203 784 2257 germanam
832 2207 1125 2248 Romanorum
1150 2203 1267 2256 juris-

221 2260 483 2319 prudentiam
517 2293 529 2313 ‚
562 2260 740 2317 caligine
774 2274 1011 2317 temporum
1043 2262 1268 2306 intermor-

221 2332 334 2364 tuam
356 2351 368 2372 ‚
404 2318 624 2363 suscitarit.

337 2378 378 2419 C
440 2378 479 2420 A
542 2377 572 2420 P
633 2379 676 2420 U
738 2378 781 2420 T
901 2378 1154 2423 CXXXIX.

222 2438 288 2482 De
319 2436 421 2478 Fato
441 2435 769 2491 jurisprudentiae
787 2435 1042 2491 Iustinianeae
1067 2438 1109 2479 in
1130 2438 1268 2479 Italia.

341 2492 464 2548 Tque
496 2491 528 2536 is
562 2493 605 2536 in
638 2493 796 2536 Graecia
818 2526 829 2547 ,
863 2494 905 2536 ἃ
938 2494 979 2537 in
1002 2495 1176 2537 Oriente
1201 2495 1272 2545 Ju-

226 2589 233 2593 .
363 2548 548 2593 stinianei
582 2549 679 2601 juris
712 2551 932 2606 progressus
966 2550 1042 2594 fuit
1063 2551 1269 2594 &exitus

226 2609 278 2650 In
314 2606 434 2649 Italia
467 2623 562 2651 vero
589 2640 601 2657 ,
649 2608 693 2651 δι
726 2608 769 2650 in
800 2608 1025 2651 Occidente
1066 2640 1077 2661 ‚
1130 2598 1299 2657 multisl

227 2665 311 2719 post
346 2662 485 2708 seculis
517 2696 528 2716 ,
570 2664 743 2708 floruit:
781 2664 1009 2723 latebatque
1043 2665 1196 2709 interea
1230 2666 1273 2708 in

228 2724 438 2765 Ravenna:
469 2721 649 2766 editione
677 2755 689 2776 ‚
730 2735 851 2779 atque
886 2723 927 2766 in
964 2723 1146 2778 Illyricis
1178 2723 1273 2766 fini-

230 2777 300 2840 bus
326 2796 339 2819 .·
373 2780 441 2823 ubi
473 2781 577 2835 quod
611 2782 757 2824 Graeco
793 2782 1036 2836 Imperatori
1070 2794 1273 2838 parerent,

231 2851 289 2886 ius
318 2851 365 2879 ex
399 2837 658 2888 justinianeis
691 2838 805 2882 libris
839 2839 1073 2883 reddebatur
1098 2871 1107 2880 .
1143 2841 1180 2882 A
1215 2855 1273 2882 re-

232 2891 420 2947 gionibus
453 2911 546 2938 vero
579 2895 723 2940 ceteris
760 2928 772 2950 ,
813 2912 912 2952 quas
956 2897 1090 2940 statim
1124 2898 1172 2940 ab
1204 2892 1302 2976 eit-l

233 2947 350 3004 pulsis
381 2951 557 3004 Gothis,
591 2954 955 3009 Longobardorum
988 2954 1184 2998 colluvies
1208 2971 1274 2997 oc-

233 3019 488 3061 cupaverat,
546 3012 786 3054 Romanum
832 3010 892 3062 jus
936 3011 1003 3055 diu
1047 3012 1230 3056 exulavit
1265 3028 1273 3053 :

235 3061 478 3117 tandemque
510 3066 560 3107 ab
590 3066 672 3121 ipsa
708 3070 908 3113 Ravenna
938 3071 1104 3114 excessit
1129 3087 1138 3111 τ
1174 3069 1278 3124 post-

231 3135 358 3177 quam
390 3120 438 3163 ab
471 3122 652 3177 Imperio
683 3127 877 3172 Romano
908 3142 980 3185 per
1011 3127 1278 3184 Aistulphum

1295 3124 1309 3225 l

1326 113 1728 168 IVILIS.
2287 131 2355 183 77

1318 189 1683 246 Longobardorum
1736 189 1896 244 Regem
1939 185 2018 230 fuit
2051 188 2185 232 avulsa
2220 220 2232 242 ,
2282 191 2361 232 cir-

1315 263 1361 290 ca
1393 263 1551 292 annum
1588 247 1809 289 DCCLII.
1845 246 1987 301 Itaque
2023 245 2143 288 Italia
2177 246 2365 298 majesta-

1316 317 1354 348 te
1402 305 1516 348 simul
1551 337 1563 358 ,
1610 304 1651 347 ἃ
1698 303 1851 359 legibus
1894 315 2015 346 exuta
2061 303 2176 356 suis,
2221 303 2362 360 jugum

1319 362 1487 418 Imperii
1520 394 1531 416 ‚
1567 362 1783 417 legumque
1818 360 1937 404 subiit
1972 361 2260 414 barbararum,
2292 362 2366 405 do-

1318 419 1511 475 minaque
1568 435 1704 462 rerum
1754 418 2031 461 humanarum
2079 417 2188 461 sensu
2236 419 2368 472 pristi-

1317 492 1377 519 nae
1421 477 1620 520 libertatis
1644 509 1655 529 ,
1703 475 1925 531 veterisque
1961 476 2257 531 magnitudinis
2295 491 2363 532 per

1319 534 1487 590 longum
1516 567 1527 588 ‚
1573 551 1617 578 ac
1662 532 1747 576 vile
1793 532 2003 576 servitium
2038 534 2194 588 privata
2231 566 2242 587 ,
2296 550 2367 588 pro

1318 592 1499 636 Romani
1549 591 1754 646 splendore
1787 622 1799 644 ‚
1846 603 1966 647 atque
2001 590 2273 635 humanitatis
2306 591 2371 644 ju-

1317 651 1368 693 ris
1402 682 1413 703 ‚
1473 649 1672 692 bellum-as
1694 682 1705 702 ,
1753 660 1881 705 atque·
1920 648 2069 693 ferinas
2096 682 2107 703 ,
2143 649 2362 693 immanes-

1316 723 1392 764 que
1427 708 1789 763 Longobardorum
1835 706 1940 763 leges
1971 708 2153 762 accepit.
2188 710 2242 751 Et
2267 723 2365 764 quas

1317 766 1502 821 regiones
1546 764 1605 816 jus
1658 765 1849 807 Atticum
1894 765 1938 806 in
1987 768 2199 808 Romanos
2233 781 2367 809 mores

1316 823 1547 866 traduStum
1589 856 1601 876 ‚
1651 823 1695 865 ὃς
1738 838 1787 865 ex
1837 821 1960 877 prisca
1992 824 2184 866 omnium
2221 822 2373 867 seculo-

1320 897 1408 923 rum
1444 881 1637 935 sapientia
1668 880 1895 923 conflatum
1929 881 1998 923 diu
2033 892 2189 924 rexerat
2229 896 2242 934 3
2299 896 2370 935 po*

1318 939 1393 981 stea
1437 938 1555 994 usque
1589 938 1637 981 ad
1670 936 1857 981 Loth-arii
1894 952 2079 993 tempora
2110 950 2368 993 occuparunt

1323 995 1582 1051 'disigotliicae
1619 1029 1631 1049 ‚
1698 996 2016 1050 Longobardicae
2052 1028 2064 1049 ‚
2121 994 2325 1040 Francicae
2358 1027 2371 1050 ‚

1315 1070 1360 1096 ac
1394 1055 1725 1110 Burgundiorum
1760 1053 1951 1108 pudendae
1985 1053 2094 1110 leges
2126 1086 2137 1107 ,
2185 1053 2263 1098 sive
2297 1069 2369 1109 po-

1318 1112 1395 1154 tius
1441 1111 1635 1154 barbarici
1690 1110 1845 1166 ingenii
1882 1111 2103 1154 libidines:
2151 1127 2239 1167 quae
2272 1127 2374 1155 con-

1318 1170 1502 1212 tinentur
1545 1169 1591 1211 in
1635 1169 1789 1211 Codice
1823 1168 2019 1224 inscripto
2051 1172 2207 1224 Corpus
2240 1170 2368 1225 legum

1314 1226 1611 1280 antiquarum,
1659 1224 1912 1281 appellatum
1959 1242 2054 1269 vero
2098 1242 2120 1268 a
2166 1226 2370 1270 Rothario

1323 1287 1432 1337 Rege
1458 1314 1471 1335 ‚
1513 1283 1582 1338 qui
1641 1299 1796 1336 primus
1851 1299 1915 1325 eas
1969 1282 2188 1338 collegerat
2220 1316 2232 1337 ‚
2265 1285 2377 1327 Edi-

1316 1340 1457 1383 c‘ium:
1502 1355 1552 1383 ex
1597 1355 1677 1395 quo
1720 1338 1779 1390 jus
1824 1340 2139 1393 Longobardicae
2182 1340 2373 1384 domina=

1319 1397 1445 1440 tionis
1489 1409 1673 1453 tempore
1720 1398 1955 1440 reddebatur
1989 1413 1998 1438 :
2051 1398 2164 1440 Cum
2196 1413 2246 1441 ex
2281 1401 2372 1442 Ro-

1318 1471 1442 1498 mano
1473 1453 1560 1517 jure
1590 1471 1672 1498 non
1706 1455 1816 1498 aliud
1852 1454 2117 1511 superfuerit,
2152 1471 2276 1511 quam
2315 1456 2368 1508 id,

1316 1514 1422 1569 quod
1470 1513 1649 1556 moribus
1686 1512 1898 1556 adliaeserat
1938 1512 2139 1556 Italorum
2180 1545 2191 1565 ‚
2242 1514 2372 1570 quod-

1317 1587 1393 1627 que
1426 1570 1556 1625 ipsum
1590 1571 1713 1614 civile
1747 1571 2047 1617 commercium
2086 1602 2098 1624 ‚
2147 1570 2372 1627 ufitataque

1320 1629 1586 1671 contrahendi
1641 1630 1743 1671 ratio
1796 1628 2067 1672 retinuerat.
2139 1630 2203 1671 Ex
2259 1629 2372 1672 libris

1318 1700 1454 1730 autem
1500 1686 1596 1737 juris
1645 1686 1874 1741 supererant
1921 1685 1968 1729 ad
2002 1686 2116 1729 usum
2150 1686 2277 1730 etiam
2311 1686 2378 1738 ju-

1318 1745 1519 1788 diciorum
1554 1757 1715 1788 tantum
1752 1743 1985 1800 fragmenta
2017 1743 2202 1799 quaedam
2239 1760 2250 1798 3
2286 1760 2371 1787 non

1317 1819 1337 1845 e
1402 1801 1660 1853 Justinianeis
1716 1802 1907 1857 decerpta
1958 1801 2164 1844 codicibus
2206 1834 2217 1855 ‚
2271 1817 2375 1858 quo·

1320 1877 1408 1903 rum
1446 1859 1577 1904 lucem
1606 1892 1616 1912 ‚
1663 1874 1804 1915 praeter
1839 1863 2085 1903 Ravennam
2125 1891 2137 1912 ,
2189 1871 2233 1902 ut
2264 1859 2374 1903 dixi-

1320 1933 1447 1971 mus,
1508 1918 1633 1962 Italia
1690 1917 1850 1974 publice
1907 1932 2122 1974 nunquam
2181 1916 2376 1973 adspexe-

1321 1988 1418 2029 rat3
1464 1991 1608 2019 verum
1654 1991 1673 2018 e
1719 1975 1875 2019 Codice
1909 1974 2203 2018 Theodofiano
2242 2006 2254 2028 ,
2304 1975 2371 2019 cui

1321 2034 1510 2077 Anianus
1572 2032 1728 2077 Alarici
1785 2032 2025 2076 Gothorum
2082 2032 2251 2086 Regis,
2302 2033 2372 2089 qui

1318 2091 1521 2134 Codicem
1566 2090 1685 2134 illum
1732 2090 2091 2143 confirmaverat,
2141 2087 2240 2140 jussu
2287 2089 2370 2132 suas

1321 2150 1458 2192 breves
1490 2147 1850 2201 interpretationes
1883 2146 2102 2198 adjunxit:
2135 2147 2179 2190 ἃ
2211 2161 2232 2189 e
2264 2148 2370 2190 Gre-

1319 2206 1491 2261 goriano
1521 2238 1533 2259 ,
1578 2206 1921 2262 Hermogeniano
1948 2237 1959 2259 ,
2004 2221 2051 2249 ac
2100 2203 2248 2258 regulis
2292 2204 2378 2247 Ul-

1319 2264 1465 2319 piani,
1515 2264 1689 2320 Cajique
1736 2263 2061 2307 institutionibus
2104 2293 2117 2316 ‚
2160 2260 2374 2319 Paullique

1320 2320 1530 2366 sententiis
1564 2354 1572 2364 .
1614 2324 1835 2379 Tantaque
1870 2320 2037 2365 Italiam
2059 2352 2071 2374 ‚
2105 2336 2151 2382 ac
2178 2332 2264 2363 tam
2286 2320 2381 2364 diu-

1320 2393 1440 2424 turna
1484 2380 1685 2423 barbaries
1719 2380 1975 2433 inundavit,
2020 2392 2066 2422 ut
2110 2392 2172 2429 ius
2215 2380 2373 2421 Rorna-

1321 2454 1469 2481 norum
1496 2469 1506 2490 ,
1556 2437 1625 2481 etsi
1671 2454 1826 2494 magno
1859 2437 1985 2480 studio
2017 2468 2029 2490 ‚
2073 2435 2213 2478 deletis
2246 2437 2376 2478 Lom-

1318 2493 1505 2552 gobardis
1535 2527 1547 2548 ‚
1592 2511 1613 2536 a
1645 2496 1801 2538 Carolo
1832 2510 1986 2550 magno
2019 2492 2228 2549 quaefitum
2257 2508 2266 2534 ε
2312 2505 2374 2536 ta-

1321 2569 1418 2596 men
1449 2551 1803 2607 exemplariorum
1836 2551 1979 2606 inopia
2004 2582 2016 2603 ,
2066 2550 2269 2606 longaque
2301 2551 2377 2594 ob-

1321 2610 1477 2653 livione
1510 2609 1756 2665 populorum
1778 2643 1790 2664 ‚
1824 2610 1944 2665 usque
1981 2608 2028 2651 ad
2063 2607 2242 2652 seculum
2272 2607 2372 2652 duo·

1321 2668 1528 2711 decimum
1555 2699 1566 2719 ,
1611 2682 1759 2722 nempe
1803 2667 1851 2709 ad
1885 2665 2074 2710 Lotharii
2107 2678 2294 2721 tempora
2328 2666 2372 2709 in

1323 2725 1500 2769 tenebris
1531 2723 1742 2768 delituerit
1779 2757 1787 2767 .
1838 2723 1973 2780 Igitur
1994 2756 2006 2778 ,
2038 2735 2082 2767 ut
2116 2722 2247 2778 satum
2281 2739 2378 2767 om-

1325 2799 1374 2826 ne
1419 2782 1771 2835 Justinianeorum
1815 2781 2015 2826 librorum
2059 2780 2190 2825 oculis
2235 2781 2381 2838 legen-

1324 2841 1430 2884 tium
1481 2840 1738 2892 subjiciamus
1769 2872 1781 2893 ,
1833 2840 1972 2884 vixere
2016 2838 2078 2882 illi
2125 2838 2292 2896 quidem
2325 2839 2371 2884 in

1323 2898 1483 2942 Graecia
1540 2915 1561 2941 a
1617 2898 1845 2950 justiniano
1888 2897 2010 2953 usque
2053 2897 2100 2940 ad
2145 2899 2325 2940 Leonem
2346 2902 2370 2949 ⁵,

1325 2971 1472 3011 nempe
1493 2956 1542 2998 ab
1561 2971 1672 2998 anno
1694 2955 1847 2998 Christi
1868 2957 2124 2999 DXXXVI.
2149 2956 2196 2997 ad
2223 2956 2372 2999 CMX.

1326 3030 1396 3070 per
1436 3029 1566 3056 annos
1612 3013 1761 3056 scilicet
1794 3014 2127 3057 CCCLXXIV.
2165 3015 2215 3055 In
2251 3012 2372 3055 Italia

1327 3087 1423 3115 vero
1466 3072 1484 3123 (
1531 3071 1555 3113 ss
1600 3073 1847 3117 Ravennam
1891 3071 2068 3126 excipias
2112 3071 2129 3122 )
2173 3070 2370 3114 resistente

1326 3129 1376 3173 ab
1427 3129 1547 3174 initio
1597 3128 1777 3173 barbarie
1822 3127 2062 3172 Gothorum
2095 3160 2107 3182 ‚
2158 3140 2370 3226 nurhquam

2260 3198 2374 3228 oruc<
