2596 3479
208 75 318 143 176

613 65 716 121 DE
762 64 950 132 mizi:
995 50 1450 126 NATURALI,
1492 55 1912 130 onisii-rum

200 165 249 192 ei:
284 146 489 189 Cicerone
523 146 564 187 in
596 131 770 198 topicis}
802 141 844 184 ἃ
877 136 1017 182 Gellio
1049 136 1134 186 (a)
1167 151 1230 179 ve·
1288 146 1380 188 gere
1423 134 1720 191 rempublicam
1759 137 1777 188 (
1810 153 1829 177 c
1859 137 1876 188 )
1907 166 1919 178 ·

203 219 335 249 terum
372 204 511 259 legum
546 200 737 257 reliquias
769 200 818 242 ab
850 195 1016 241 eruditis
1041 193 1210 236 emenda

203 275 261 306 tas
294 262 489 306 habemus
512 293 519 301 .
862 312 872 322 .

280 323 334 378 Si
377 342 439 377 en
485 321 574 375 siet
616 318 702 390 qui
764 317 814 370 in
857 333 933 385 jus
990 324 1231 366 vocatum

203 400 461 469 vindicet,
506 397 709 452 mittito
734 436 747 449 .
1222 432 1229 440 .

283 479 493 534 Assiduo
524 475 712 531 vindex
739 471 951 528 assiduus
975 468 1105 523 esto:
1126 485 1225 541 pro·

203 558 391 612 letario
422 554 609 628 cuique
635 549 778 607 volet
811 550 1003 605 vindex
1029 546 1160 601 esto.

283 637 334 690 Si
365 654 426 688 en
453 634 583 702 siet]
628 650 757 694 sensus
781 650 836 693 est
865 666 874 691 t
915 646 953 702 fi
986 658 1119 689 autem
1144 641 1197 695 fit
1228 673 1238 692 ,

205 711 277 769 qui
307 726 411 753 reum
445 711 487 751 in
519 709 586 761 jus
615 721 798 751 vocatum
839 705 1017 750 vindicet
1043 735 1056 757 ‚
1079 699 1168 754 five
1196 700 1240 754 se

197 780 270 826 pro
290 770 359 811 illo
384 764 551 822 offerat,
583 782 669 808 reus
699 766 951 808 dimittatur.

285 829 335 882 Si
363 845 428 880 en
454 826 544 879 fiet
570 824 589 895 )
620 860 693 900 pro
717 841 743 884 fi
762 854 892 884 autem
911 836 988 892 fiet
1013 839 1138 895 prisca
1159 833 1220 883 iin

203 920 306 960 gua:
343 903 397 946 ita
421 901 537 946 enim
575 900 752 956 explicat
792 896 1040 940 Philoxenus
1065 897 1108 940 in
1140 891 1242 952 glos:

208 961 255 1004 sis
284 994 295 1013 ,
338 961 408 1003 ubi
441 976 486 1002 en
505 956 580 1012 siet
620 957 747 1000 reddit
770 954 814 994 εῖν
843 951 911 993 Σέ.
944 953 1078 1006 Hujus
1110 953 1243 1009 priscae

208 1016 434 1061 locutionis
467 1016 729 1072 ignoratione
761 1021 974 1063 corruptus
1005 1012 1059 1054 est
1093 1013 1142 1053 ab
1163 1009 1240 1053 im-

206 1075 345 1127 peritis
380 1073 490 1116 locus
521 1070 736 1115 Ciceronis
772 1069 815 1110 in
842 1068 980 1121 topicis
1010 1100 1022 1122 ,
1057 1068 1124 1111 ubi
1160 1068 1242 1110 haec

206 1131 271 1174 lex
303 1129 568 1174 confunditur
598 1143 693 1171 cum
717 1126 803 1180 lege
829 1124 933 1167 AElia
953 1125 1094 1168 Sentia
1115 1124 1242 1168 nimis

208 1188 399 1240 absurde,
434 1202 530 1230 nam
555 1185 598 1229 ὅ(
632 1185 734 1228 ratio
768 1195 1003 1240 temporum
1051 1184 1157 1226 hanc
1185 1182 1237 1225 le-

212 1245 394 1289 &ionem
421 1243 580 1296 rejicit,
612 1243 654 1286 δὲ
677 1239 959 1284 testimonium
986 1240 1141 1293 Gellii,
1174 1239 1241 1295 qui

209 1301 318 1347 hanc
343 1302 475 1358 legem
499 1299 687 1343 adscribit
710 1299 814 1341 XII.
836 1297 916 1339 tab.
948 1312 998 1340 ex
1028 1297 1150 1340 initio
1173 1313 1242 1340 au-

209 1372 298 1404 tem
327 1360 424 1414 legis
447 1390 460 1412 ‚
492 1356 602 1409 cujus
641 1354 886 1398 meminerat
922 1355 1098 1407 Cicero,
1122 1353 1159 1407 Ji
1197 1371 1244 1396 en

212 1415 314 1470 fiet,
347 1415 553 1470 imperitia
588 1412 846 1457 librariorum
875 1410 1024 1455 fafium
1050 1412 1103 1453 est
1127 1412 1244 1454 AElia

202 1475 344 1516 sentia
368 1475 455 1525 (¹⁵)
485 1472 528 1515 &
555 1469 760 1527 quomodo
794 1469 825 1511 is
865 1483 980 1512 error
1008 1468 1207 1521 irrepserit
1231 1501 1243 1522 ,

210 1531 397 1574 subtilius
428 1530 470 1573 δε
502 1529 622 1572 latius
661 1526 845 1570 invenies
864 1525 1117 1580 explicatum
1139 1527 1237 1578 aJa·

207 1587 310 1632 eobo
335 1586 594 1630 Gothofredo
617 1585 659 1628 in
687 1584 761 1627 hac
782 1584 885 1626 XII.
904 1582 1029 1625 tabul.
1057 1582 1144 1639 lege
1161 1613 1171 1625 .

282 1647 492 1701 Affiduo
515 1644 538 1717 )
563 1664 641 1707 hoc
663 1664 716 1706 est
740 1663 943 1718 locupleti,
965 1674 1008 1705 ut
1035 1661 1079 1704 sit
1097 1661 1238 1704 sensus:

204 1723 384 1778 locupleti
414 1738 471 1764 reo
496 1753 507 1775 ‚
555 1722 719 1777 locuples
741 1720 902 1776 sponsor
929 1751 941 1773 ‚
986 1732 1056 1762 aut
1092 1720 1242 1762 vindex

203 1778 299 1833 esto.
334 1781 504 1822 Veteres
545 1779 657 1822 enim
697 1794 769 1833 pro
809 1777 1013 1832 locuplete
1047 1775 1239 1831 affiduum

201 1837 388 1880 dicebant
408 1837 457 1878 ab
488 1835 656 1892 affibus:
692 1850 787 1877 cum
819 1834 888 1890 qui
928 1834 1083 1876 multos
1119 1833 1232 1877 habe-

202 1906 266 1935 ret
293 1893 414 1943 asses,
448 1892 478 1935 is
503 1893 595 1936 effet
625 1891 803 1947 locuples
821 1924 830 1933 .
865 1891 989 1933 Unde
1022 1891 1171 1934 Cicero
1195 1892 1237 1933 in

202 1951 361 2004 topicis:
400 1950 564 2005 locuples
583 1951 684 1992 em'rn
710 1947 760 2002 est
785 1947 959 2003 affiduus
973 1949 1024 1989 ab
1049 1945 1125 2002 affe
1145 1949 1238 1991 dan-

197 2008 271 2049 do:
305 2008 370 2058 (b)
401 2007 481 2059 (¹⁵¹⁵)
501 2019 620 2062 atque
649 2007 704 2049 ita
728 2005 936 2060 explicant
963 2004 1090 2062 aliqui
1122 2005 1220 2049 Plau

196 2063 226 2106 ti
251 2063 413 2106 versum
443 2078 506 2118 13.
525 2065 642 2108 arza.
660 2062 1046 2119 Jcaen.1.Amphytr.
1221 2060 1238 2066 “

278 2120 603 2189 ProletariO)
632 2141 710 2185 hoc
736 2142 789 2185 est
822 2142 970 2185 homini
993 2142 1101 2197 inopi
1124 2141 1237 2196 quis-

202 2199 295 2254 quis
318 2199 421 2240 volet
447 2197 502 2250 sit
524 2199 697 2241 vindex.
734 2201 905 2242 Veteres
927 2198 1040 2241 enim
1068 2200 1232 2253 prolem

203 2257 307 2298 rium
333 2254 594 2310 appellabant
617 2272 711 2299 eum
735 2288 747 2309 ‚
780 2256 847 2310 qui
870 2267 1031 2310 propter
1050 2255 1233 2309 inopiam

205 2327 293 2356 non
319 2327 358 2355 re
377 2343 390 2366 ‚
422 2327 466 2355 ac
488 2312 608 2356 censu
630 2313 690 2356 sed
714 2325 876 2355 tantum
898 2312 1009 2368 prole
1024 2311 1146 2367 posset
1165 2329 1235 2356 au-

200 2441 422 2453 ——-—

537 2442 773 2454 ——-————
1000 2442 1236 2452 ——--——.

246 2472 305 2512 (a)
333 2470 462 2505 Lib.16.
479 2480 606 2513 capao.
630 2472 774 2515 Quintil.
792 2475 817 2505 Ι.
847 2479 1008 2514 cap.5·10.

246 2516 302 2557 β)
329 2521 409 2558 Quae
436 2519 535 2552 verba
560 2516 645 2559 apud
671 2517 864 2550 Ciceronem
910 2516 942 2548 in
969 2515 1062 2549 libris
1085 2516 1234 2558 antiquis

198 2562 331 2604 penitus
354 2561 468 2596 desunt
496 2585 507 2602 ‚
546 2562 691 2605 adeoque
718 2561 859 2595 neminis
900 2562 1068 2604 ingenium
1092 2562 1234 2604 amplius

202 2604 345 2647 fatigare,
365 2606 487 2641 debent
503 2630 511 2638 .

244 2649 288 2689 (b
330 2652 414 2685 Gell.
447 2651 682 2694 lib.6.cap.10.

247 2694 325 2735 (⁸¹⁴0
349 2697 395 2727 De
422 2697 547 2738 origine
575 2698 664 2730 vocis
690 2697 824 2730 affiduus
851 2696 909 2739 ipfi
940 2704 1068 2729 veteres
1105 2694 1236 2728 dubita-

203 2740 284 2774 bant
298 2760 306 2773 ,
335 2747 370 2772 ut
388 2749 522 2782 apparet
536 2752 576 2773 ex
593 2742 708 2776 Gellio·
720 2743 821 2774 Lxx.
842 2752 865 2773 1.
893 2751 1028 2782 eamque
1045 2740 1098 2773 vel
1112 2741 1153 2773 ab
1167 2741 1233 2773 affi-

202 2785 263 2819 bus
278 2783 434 2822 duendis,
462 2785 514 2817 seu
527 2785 641 2817 dandis
655 2808 665 2823 ,
691 2795 762 2827 quae
785 2785 901 2818 allusio
918 2784 1044 2819 stoicas
1067 2784 1232 2826 imitatur,

201 2830 254 2864 vel
268 2830 309 2862 ab
323 2828 485 2862 afficiendo
507 2829 699 2862 derivabant
712 2852 721 2861 .

242 2874 298 2915 (c)
323 2874 450 2909 Gellius
473 2873 591 2906 ibidem
615 2897 622 2905 .

240 2919 302 2959 (d)
330 2917 448 2952 Amor
463 2920 504 2951 :id
520 2923 639 2952 Heren.
655 2917 752 2951 liba.
772 2916 923 2951 Priscian.
942 2921 1022 2951 1.10.

185 2961 188 2964 ’
239 2965 295 3003 (ε)
325 2966 377 2997 Ad
403 2967 464 3006 leg.
485 2966 588 2997 Afric.
623 2963 670 2995 lib
686 2975 715 2997 Α,
736 2964 830 2995 rita.
847 2967 1004 3005 pagr338.

239 3009 318 3049 (f)
345 3012 458 3045 L.5.6
486 3006 766 3051 7iff-depaffis.
1073 3034 1079 3037 .

240 3054 334 3094 Um)
363 3054 467 3086 Verba
485 3054 564 3096 legis
578 3076 588 3092 ‚
617 3062 652 3085 ut
667 3054 707 3086 ab
725 3052 866 3086 Auitore
881 3053 1089 3086 exhibentur
1107 3075 1118 3091 ,
1149 3056 1230 3087 Rem

190 3099 246 3133 tm·
257 3106 380 3142 pacum
395 3109 483 3137 orato
500 3121 511 3141 ‚
536 3099 689 3143 proxime
705 3098 862 3134 accedunt
889 3099 1055 3142 primaevae
1085 3098 1229 3144 scriptu-

1403 249 2152 297 CAPUT‘LXVIL

1666 338 1734 382 De
1759 336 1929 381 Paetis.

1397 422 1478 463 Rat
1501 420 1546 464 δι
1582 421 1663 467 alia
1687 423 1918 467 declinandi
1945 424 2082 476 judicii
2117 425 2223 471 ratio
2250 443 2319 483 per

1293 535 1297 541 .
1339 534 1346 541 ⁸
1415 477 1620 532 paetiones
1638 514 1650 535 ,
1669 497 1756 536 quae
1778 482 1884 525 inter
1902 483 2106 530 aetorem,
2137 485 2180 527 δε
2202 501 2318 532 reum

1291 548 1521 590 mirentur,
1553 537 1650 582 dum
1676 538 1785 582 irent
1814 539 1864 581 ad
1889 540 2135 584 Praetorem.
2167 543 2235 594 (d)
2268 543 2327 584 E-

1290 593 1422 636 tenim
1454 594 1501 636 de
1532 596 1676 651 quibus
1702 596 1811 638 inter
1838 612 1905 638 eos
1941 611 2219 650 convenerat,
2251 598 2322 641 illa

1292 650 1570 705 magistratum
1612 666 1696 696 rata
1730 654 1941 707 oportebat
1983 653 2152 697 habere.
2185 655 2323 707 Cujus

1293 706 1394 762 legis
1417 709 1582 765 aequitas
1612 727 1661 754 ex
1695 709 1875 764 pluribus
1905 710 2193 754 Demosthenis
2227 713 2328 756 locis

1293 781 1315 806 a
1345 766 1476 809 Petito
1507 768 1566 818 (e)
1591 766 1773 810 colieetis
1805 779 1996 819 apparet.
2029 768 2234 820 Quamvis
2257 784 2329 812 au-

1293 834 1379 865 tem
1425 824 1541 877 pa&a
1575 825 1707 875 nuda,
1742 837 1830 878 quae
1868 823 1911 865 in
1948 823 2204 866 contraf’tum
2239 840 2325 869 non

1293 879 1561 934 transierunt,
1595 880 1749 925 nullius
1772 879 1959 922 efficaciae
1990 880 2066 923 fint
2089 897 2100 934 3
2134 881 2161 923 si
2181 894 2322 925 tamen

1293 936 1406 992 lege,
1438 951 1508 982 aut
1525 939 1663 981 S-Cto
1688 937 1987 985 confirmentur
2008 970 2019 991 ,
2054 937 2238 994 legitima
2263 939 2324 982 di-

1292 1006 1464 1038 cuntur:
1487 995 1656 1050 ideoque
1677 995 1883 1038 interdum
1909 1009 1957 1037 ex
1984 995 2100 1048 pa&0
2126 996 2318 1049 nascitur,

1292 1065 1360 1095 aut
1387 1051 1548 1094 tollitur
1584 1051 1691 1094 aE‘tio
1726 1049 1794 1104 (f)
1828 1051 1950 1093 Porro
1979 1051 2044 1094 lex
2090 1052 2143 1093 ita
2172 1053 2325 1097 restitui

1294 1109 1442 1165 poterit
1465 1124 1515 1152 ex
1537 1107 1696 1164 aliquot
1723 1106 1978 1151 eruditorum
2009 1107 2232 1151 sententia:

1372 1169 1525 1222 Endo
1555 1168 1637 1221 via
1665 1185 1775 1222 rem
1807 1165 1883 1219 uti
1927 1183 2114 1239 pacunt
2141 1184 2292 1223 orato
2310 1207 2326 1223 .

1370 1247 1522 1300 EndO
1548 1265 1632 1300 vla
1658 1243 1678 1314 )
1700 1262 1744 1305 in
1767 1263 1832 1306 via
1855 1264 1952 1306 endo
1983 1278 2056 1320 pro
2080 1265 2151 1318 in,
2183 1276 2227 1312 ut
2257 1265 2327 1309 sae-

1293 1336 1340 1375 pe
1364 1320 1488 1363 alias:
1523 1321 1575 1363 est
1613 1333 1751 1363 autem
1779 1321 1908 1364 sensus
1927 1353 1941 1374 ‚
1973 1322 2326 1375 quemadmodum

1293 1378 1399 1420 inter
1424 1378 1509 1420 vias
1531 1378 1811 1430 naciscuntur,
1834 1378 1888 1420 ita
1912 1379 1955 1420 ὃς
1981 1377 2095 1420 causa
2122 1380 2233 1422 inter
2254 1395 2324 1423 eos

1291 1449 1458 1490 agatur.
1490 1436 1591 1487 (**'‘)
1616 1434 1862 1478 Gothofredi
1900 1434 2016 1477 enim
2045 1434 2327 1486 conjeeturam

1292 1508 1375 1534 non
1401 1493 1554 1547 probo3
1587 1504 1676 1534 tum
1701 1494 1795 1547 quia
1818 1507 2029 1547 nunquam
2057 1491 2230 1545 inveni,
2253 1505 2325 1536 aut

1291 1562 1418 1592 ratato
1446 1565 1518 1605 pro
1543 1561 1672 1591 ratum
1697 1550 1864 1602 habeat,
1898 1562 1967 1591 aut
1993 1564 2065 1601 pro
2104 1562 2231 1591 ratato
2258 1565 2326 1592 ra-

1291 1619 1352 1660 to,
1387 1622 1461 1649 nec
1484 1605 1682 1660 analogiae
1705 1606 1806 1648 ratio
1823 1605 2082 1660 suffragatur-3
2115 1618 2203 1649 tum
2221 1606 2320 1662 quia

1292 1664 1372 1707 fine
1417 1663 1647 1706 mutatione
1683 1662 1765 1706 ulla
1804 1661 1895 1704 satis
1933 1663 2085 1706 constat
2126 1664 2327 1708 sententia

1292 1723 1458 1765 retentis
1483 1722 1617 1764 verbis
1643 1720 1932 1774 superioribus:
1952 1735 2049 1762 nam
2069 1732 2176 1763 orato
2204 1721 2328 1777 signi-

1291 1780 1409 1832 ficat,
1442 1779 1599 1832 causam
1618 1778 1786 1835 quisque
1810 1777 1917 1833 agito
1948 1809 1960 1831 ‚
1988 1788 2166 1832 perorato
2186 1778 2325 1832 secun·

1288 1843 1382 1879 cium
1405 1838 1629 1892 pagiiones.

1369 1895 1600 1962 PRCUm)
1633 1926 1786 1958 veteres
1825 1931 1896 1970 pro
1915 1915 2109 1972 pasciscor
2132 1913 2326 1958 dicebant

1282 1982 1408 2027 pago,
1427 1972 1532 2014 unde
1551 1971 1638 2014 osus
1661 1972 1802 2015 deinde
1830 1973 1988 2015 induxit
2011 1973 2208 2027 paciscor.
2237 1974 2326 2014 Te-

1289 2031 1441 2071 rentius
1466 2033 1633 2071 ¹Scaurus
1660 2030 1702 2071 in
1735 2030 2007 2084 orthographia
2045 2041 2160 2071 notat
2191 2060 2203 2082 ,
2239 2030 2324 2072 De-

1288 2084 1490 2128 cemviros
1516 2085 1698 2140 scripfifl'e
1715 2097 1864 2142 parunt
1885 2102 1953 2140 per
1976 2087 2012 2127 K
2041 2100 2206 2142 grecam
2236 2086 2327 2129 lite-

1288 2158 1400 2184 ram:
1434 2159 1455 2184 a
1483 2153 1585 2198 pago
1609 2155 1747 2186 autem
1778 2143 1924 2186 venisse
1952 2144 2112 2199 pepigi,
2145 2155 2189 2184 ut
2215 2158 2236 2184 a
2261 2158 2328 2184 ca-

1285 2201 1332 2241 do
1362 2200 1509 2250 occidi,
1543 2200 1666 2243 tradit
1699 2200 2007 2255 Quintilianus.
2039 2202 2102 2255 (g)
2127 2202 2225 2242 Haec
2250 2214 2325 2241 au·

1286 2270 1371 2298 tem
1401 2258 1523 2298 verba
1543 2256 1692 2299 dire-&a
1714 2259 1804 2299 sunt
1833 2257 2111 2310 litigantibus:
2146 2271 2233 2311 quae
2250 2270 2325 2298 ve-

1287 2329 1330 2355 ro
1361 2314 1613 2368 sequuntur,
1648 2314 1862 2356 Praetorein
1900 2313 2119 2368 respiciunt
2152 2343 2164 2366 ,
2197 2327 2324 2368 eaque

2219 2371 2324 2412 CA-

2171 2441 2328 2454 -.—

1289 2369 1552 2421 subjicientur
1580 2369 1750 2412 inferius
1774 2401 1783 2411 .

1285 2483 1326 2504 rae
1342 2472 1510 2505 Ciceronis
1529 2472 1570 2503 ad
1585 2472 1783 2503 Herennium
1809 2471 1927 2504 ribai.
1949 2479 2006 2513 cap
2028 2482 2074 2509 ¹3-
2103 2472 2158 2504 ubi
2188 2472 2321 2514 legitur,

1288 2519 1366 2548 Rem
1396 2515 1453 2549 uhi
1481 2523 1610 2558 pagum
1636 2517 1779 2548 oratione
1805 2524 1955 2557 pagum,
1988 2516 2018 2547 8<
2048 2516 2132 2548 unde
2157 2516 2199 2549 sie
2231 2525 2327 2558 repe·

1283 2569 1398 2594 tuntur
1423 2573 1442 2593 a
1458 2561 1625 2593 Prisciano
1648 2563 1673 2594 Ι.
1695 2572 1744 2593 10.
1774 2560 1930 2593 editionis
1964 2561 2164 2593 Putschianae
2192 2569 2224 2603 p.
2243 2564 2321 2600 894.

1287 2606 1444 2639 Voculam
1471 2615 1550 2638 vero
1578 2616 1643 2644 ne,
1669 2605 1710 2638 ab
1739 2616 1801 2643 ea,
1830 2605 1934 2637 orario
1960 2627 1972 2644 ,
1997 2604 2137 2647 separari
2167 2605 2284 2637 debere
2309 2626 2325 2647 ,A

1282 2662 1325 2683 ex
1351 2650 1511 2684 Terentio
1542 2652 1662 2683 Scauro
1691 2650 1724 2682 in
1756 2651 1994 2692 orthographia
2011 2657 2125 2691 patet.
2156 2652 2325 2691 Interpre-

1282 2695 1446 2729 tationem
1473 2702 1585 2727 autem
1601 2695 1755 2727 Gravinae
1785 2717 1796 2735 ‚
1832 2705 1894 2737 qua
1924 2716 1934 2734 ‚
1980 2695 2037 2727 nifi
2068 2691 2227 2725 inferatur
2257 2703 2324 2726 vox

1281 2740 1415 2784 quisque
1440 2761 1452 2778 ‚
1480 2739 1621 2780 intelligi
1651 2739 1703 2772 hex
1732 2747 1876 2781 nequeat
1903 2760 1914 2775 ‚
1946 2749 2042 2770 nemo
2072 2739 2212 2770 tulerit.
2241 2741 2321 2770 Non

1282 2785 1479 2818 inconcinne
1504 2782 1666 2815 Gerardus
1695 2784 1865 2815 Noodtde
1882 2780 1995 2813 Pae-‘las
2015 2784 2060 2814 Ι.ι
2094 2792 2153 2814 c.i.
2190 2782 2327 2824 suspica.

1282 2830 1403 2869 batur,
1433 2838 1552 2864 voces,
1582 2835 1691 2859 ratum
1715 2828 1806 2865 este,
1833 2827 1874 2858 ab
1907 2836 1944 2857 ea
1975 2828 2125 2858 oratione
2155 2827 2324 2869 absorptas

1280 2873 1370 2907 fuiffe
1390 2896 1402 2914 ,
1428 2881 1463 2906 ut
1493 2874 1620 2914 integra
1645 2871 1743 2904 verba
1778 2870 1856 2911 legis
1891 2869 1958 2904 haec
1985 2869 2109 2903 fuerint
2132 2883 2138 2901 :
2170 2874 2246 2903 Rem
2275 2872 2330 2904 un*

1280 2927 1401 2962 patum
1430 2917 1572 2950 oratione
1589 2938 1599 2953 ‚
1626 2925 1732 2947 ratum
1762 2913 1845 2955 esto-
1873 2913 2069 2948 Gothofredi
2103 2914 2292 2953 eonjeetura
2313 2939 2327 2956 ‚

1279 2975 1344 3007 quo
1370 2963 1410 2996 ad
1438 2960 1635 2995 sententiam
1663 2959 1778 2994 eodem
1810 2958 1895 2994 redit
1912 2981 1925 2999 0
1948 2959 1999 2993 sed
2036 2960 2148 2996 minus
2177 2960 2331 3004 expedita

1279 3010 1325 3043 est
1345 3008 1474 3041 ratione
1495 3005 1698 3038 verborum.

1323 3054 1386 3096 (g)
1412 3051 1520 3088 Lib-r·
1536 3057 1604 3094 cap.
1622 3051 1654 3081 6.
