<?xml version="1.0" encoding="UTF-8"?>
<!DOCTYPE html PUBLIC "-//W3C//DTD XHTML 1.0 Transitional//EN"
    "http://www.w3.org/TR/xhtml1/DTD/xhtml1-transitional.dtd">
<html xmlns="http://www.w3.org/1999/xhtml" xml:lang="en" lang="en">
 <head>
  <title>
</title>
<meta http-equiv="Content-Type" content="text/html;charset=utf-8" />
  <meta name='ocr-system' content='tesseract 3.04.00' />
  <meta name='ocr-capabilities' content='ocr_page ocr_carea ocr_par ocr_line ocrx_word'/>
</head>
<body>
  <div class='ocr_page' id='page_1' title='image "./janivincentiigra01gravuoft_0116.png"; bbox 0 0 2524 3479; ppageno 0'>
   <div class='ocr_carea' id='block_1_1' title="bbox 171 106 1924 180">
    <p class='ocr_par' dir='ltr' id='par_1_1' title="bbox 171 106 1924 180">
     <span class='ocr_line' id='line_1_1' title="bbox 171 106 1924 180; baseline 0.006 -22"><span class='ocrx_word' id='word_1_1' title='bbox 171 123 243 180; x_wconf 77' lang='lat'>54</span> <span class='ocrx_word' id='word_1_2' title='bbox 562 107 688 160; x_wconf 89' lang='lat' dir='ltr'>DE</span> <span class='ocrx_word' id='word_1_3' title='bbox 757 106 1047 160; x_wconf 87' lang='lat' dir='ltr'>ORTU</span> <span class='ocrx_word' id='word_1_4' title='bbox 1113 107 1243 161; x_wconf 93' lang='lat' dir='ltr'>ET</span> <span class='ocrx_word' id='word_1_5' title='bbox 1305 109 1924 167; x_wconf 88' lang='lat' dir='ltr'>PROGRESSU</span> 
     </span>
    </p>
   </div>
   <div class='ocr_carea' id='block_1_2' title="bbox 165 181 1196 701">
    <p class='ocr_par' dir='ltr' id='par_1_2' title="bbox 165 181 1196 701">
     <span class='ocr_line' id='line_1_2' title="bbox 165 181 1186 242; baseline 0 -17"><span class='ocrx_word' id='word_1_6' title='bbox 165 184 239 242; x_wconf 74' lang='lat' dir='ltr'>psit</span> <span class='ocrx_word' id='word_1_7' title='bbox 273 182 398 226; x_wconf 86' lang='lat' dir='ltr'>libros</span> <span class='ocrx_word' id='word_1_8' title='bbox 429 197 480 227; x_wconf 81' lang='lat' dir='ltr'>ex</span> <span class='ocrx_word' id='word_1_9' title='bbox 512 183 650 226; x_wconf 76' lang='lat' dir='ltr'>camo</span> <span class='ocrx_word' id='word_1_10' title='bbox 683 181 922 239; x_wconf 86' lang='lat' dir='ltr'>quindecim</span> <span class='ocrx_word' id='word_1_11' title='bbox 943 213 954 234; x_wconf 88' lang='lat'><strong>‚</strong></span> <span class='ocrx_word' id='word_1_12' title='bbox 987 182 1029 225; x_wconf 88' lang='lat'>&amp;</span> <span class='ocrx_word' id='word_1_13' title='bbox 1064 181 1186 226; x_wconf 85' lang='lat' dir='ltr'>libros</span> 
     </span>
     <span class='ocr_line' id='line_1_3' title="bbox 166 239 1188 296; baseline -0.001 -11"><span class='ocrx_word' id='word_1_14' title='bbox 166 243 307 286; x_wconf 88' lang='lat' dir='ltr'>decern</span> <span class='ocrx_word' id='word_1_15' title='bbox 338 257 387 285; x_wconf 82' lang='lat' dir='ltr'>ex</span> <span class='ocrx_word' id='word_1_16' title='bbox 421 240 705 296; x_wconf 82' lang='lat' dir='ltr'>posterioribus</span> <span class='ocrx_word' id='word_1_17' title='bbox 738 239 938 283; x_wconf 83' lang='lat' dir='ltr'>Labeonis</span> <span class='ocrx_word' id='word_1_18' title='bbox 969 272 981 294; x_wconf 88' lang='lat'>‚</span> <span class='ocrx_word' id='word_1_19' title='bbox 1029 240 1070 284; x_wconf 83' lang='lat'><strong>&amp;</strong></span> <span class='ocrx_word' id='word_1_20' title='bbox 1104 240 1188 295; x_wconf 76' lang='lat' dir='ltr'>epi-</span> 
     </span>
     <span class='ocr_line' id='line_1_4' title="bbox 167 295 1190 355; baseline -0.002 -11"><span class='ocrx_word' id='word_1_21' title='bbox 167 299 287 344; x_wconf 85' lang='lat' dir='ltr'>stolas</span> <span class='ocrx_word' id='word_1_22' title='bbox 319 299 366 342; x_wconf 90' lang='lat' dir='ltr'>ad</span> <span class='ocrx_word' id='word_1_23' title='bbox 401 298 609 343; x_wconf 82' lang='lat' dir='ltr'>Plautium</span> <span class='ocrx_word' id='word_1_24' title='bbox 643 331 654 352; x_wconf 91' lang='lat'>,</span> <span class='ocrx_word' id='word_1_25' title='bbox 705 298 773 354; x_wconf 88' lang='lat' dir='ltr'>qui</span> <span class='ocrx_word' id='word_1_26' title='bbox 823 313 998 355; x_wconf 80' lang='lat' dir='ltr'>magnus</span> <span class='ocrx_word' id='word_1_27' title='bbox 1030 297 1074 341; x_wconf 73' lang='grc' dir='ltr'>δε</span> <span class='ocrx_word' id='word_1_28' title='bbox 1109 295 1190 354; x_wconf 86' lang='lat' dir='ltr'>ipse</span> 
     </span>
     <span class='ocr_line' id='line_1_5' title="bbox 169 355 1183 410; baseline -0.005 -8"><span class='ocrx_word' id='word_1_29' title='bbox 169 358 248 402; x_wconf 88' lang='lat' dir='ltr'>fuit</span> <span class='ocrx_word' id='word_1_30' title='bbox 292 357 640 410; x_wconf 77' lang='lat' dir='ltr'>jurisconsultus.</span> <span class='ocrx_word' id='word_1_31' title='bbox 686 355 907 400; x_wconf 85' lang='lat' dir='ltr'>Auditores</span> <span class='ocrx_word' id='word_1_32' title='bbox 941 356 1085 399; x_wconf 81' lang='lat' dir='ltr'>habuit</span> <span class='ocrx_word' id='word_1_33' title='bbox 1120 357 1183 408; x_wconf 83' lang='lat' dir='ltr'>Ja-</span> 
     </span>
     <span class='ocr_line' id='line_1_6' title="bbox 172 413 1192 472; baseline -0.005 -11"><span class='ocrx_word' id='word_1_34' title='bbox 172 415 344 461; x_wconf 88' lang='lat' dir='ltr'>volenus</span> <span class='ocrx_word' id='word_1_35' title='bbox 368 415 500 472; x_wconf 83' lang='lat' dir='ltr'>plures</span> <span class='ocrx_word' id='word_1_36' title='bbox 522 448 532 467; x_wconf 85' lang='lat'>,</span> <span class='ocrx_word' id='word_1_37' title='bbox 567 415 671 458; x_wconf 82' lang='lat' dir='ltr'>inter</span> <span class='ocrx_word' id='word_1_38' title='bbox 695 429 797 471; x_wconf 89' lang='lat' dir='ltr'>quos</span> <span class='ocrx_word' id='word_1_39' title='bbox 825 413 1081 457; x_wconf 84' lang='lat' dir='ltr'>Tuscianum</span> <span class='ocrx_word' id='word_1_40' title='bbox 1107 446 1117 467; x_wconf 91' lang='lat'>,</span> <span class='ocrx_word' id='word_1_41' title='bbox 1150 413 1192 456; x_wconf 70' lang='grc' dir='ltr'>δι</span> 
     </span>
     <span class='ocr_line' id='line_1_7' title="bbox 170 472 1190 527; baseline -0.005 -9"><span class='ocrx_word' id='word_1_42' title='bbox 170 473 401 518; x_wconf 85' lang='lat' dir='ltr'>Valentem</span> <span class='ocrx_word' id='word_1_43' title='bbox 429 506 440 527; x_wconf 86' lang='lat'>,</span> <span class='ocrx_word' id='word_1_44' title='bbox 490 474 534 517; x_wconf 73' lang='grc' dir='ltr'>δ(</span> <span class='ocrx_word' id='word_1_45' title='bbox 582 472 775 515; x_wconf 86' lang='lat' dir='ltr'>omnium</span> <span class='ocrx_word' id='word_1_46' title='bbox 823 472 1190 526; x_wconf 66' lang='lat' dir='ltr'>praeitantiffimum</span> 
     </span>
     <span class='ocr_line' id='line_1_8' title="bbox 174 529 1196 594; baseline -0.002 -19"><span class='ocrx_word' id='word_1_47' title='bbox 174 532 390 587; x_wconf 86' lang='lat' dir='ltr'>Julianum</span> <span class='ocrx_word' id='word_1_48' title='bbox 419 549 428 573; x_wconf 91' lang='lat'>:</span> <span class='ocrx_word' id='word_1_49' title='bbox 474 531 518 574; x_wconf 89' lang='lat' dir='ltr'>in</span> <span class='ocrx_word' id='word_1_50' title='bbox 550 546 631 594; x_wconf 88' lang='lat' dir='ltr'>quo</span> <span class='ocrx_word' id='word_1_51' title='bbox 666 529 862 575; x_wconf 55' lang='lat' dir='ltr'>sethin-um</span> <span class='ocrx_word' id='word_1_52' title='bbox 894 530 1047 575; x_wconf 78' lang='lat' dir='ltr'>diffidia</span> <span class='ocrx_word' id='word_1_53' title='bbox 1080 530 1196 586; x_wconf 87' lang='lat' dir='ltr'>quie-</span> 
     </span>
     <span class='ocr_line' id='line_1_9' title="bbox 174 588 1194 646; baseline -0.002 -13"><span class='ocrx_word' id='word_1_54' title='bbox 174 603 324 635; x_wconf 83' lang='lat' dir='ltr'>verunt</span> <span class='ocrx_word' id='word_1_55' title='bbox 353 607 361 631; x_wconf 92' lang='lat'>:</span> <span class='ocrx_word' id='word_1_56' title='bbox 406 604 599 646; x_wconf 89' lang='lat' dir='ltr'>quamv1s</span> <span class='ocrx_word' id='word_1_57' title='bbox 630 605 652 631; x_wconf 94' lang='lat' dir='ltr'>a</span> <span class='ocrx_word' id='word_1_58' title='bbox 686 588 868 631; x_wconf 90' lang='lat' dir='ltr'>Donello</span> <span class='ocrx_word' id='word_1_59' title='bbox 902 588 1012 632; x_wconf 86' lang='lat' dir='ltr'>inter</span> <span class='ocrx_word' id='word_1_60' title='bbox 1046 588 1194 632; x_wconf 87' lang='lat' dir='ltr'>Procu-</span> 
     </span>
     <span class='ocr_line' id='line_1_10' title="bbox 176 647 902 701; baseline -0.008 -8"><span class='ocrx_word' id='word_1_61' title='bbox 176 649 310 693; x_wconf 87' lang='lat' dir='ltr'>lianos</span> <span class='ocrx_word' id='word_1_62' title='bbox 341 648 426 701; x_wconf 67' lang='lat'>(⁸⁸)</span> <span class='ocrx_word' id='word_1_63' title='bbox 456 649 748 692; x_wconf 81' lang='lat' dir='ltr'>adnumeretur</span> <span class='ocrx_word' id='word_1_64' title='bbox 768 679 777 689; x_wconf 88' lang='lat'>.</span> <span class='ocrx_word' id='word_1_65' title='bbox 811 647 902 699; x_wconf 71' lang='lat' dir='ltr'>(a)</span> 
     </span>
    </p>
   </div>
   <div class='ocr_carea' id='block_1_3' title="bbox 253 734 1108 847">
    <p class='ocr_par' dir='ltr' id='par_1_3' title="bbox 253 734 1108 847">
     <span class='ocr_line' id='line_1_11' title="bbox 319 734 1054 778; baseline -0.004 0"><span class='ocrx_word' id='word_1_66' title='bbox 319 734 359 778; x_wconf 91' lang='lat' dir='ltr'>C</span> <span class='ocrx_word' id='word_1_67' title='bbox 421 736 460 778; x_wconf 88' lang='lat' dir='ltr'><strong>A</strong></span> <span class='ocrx_word' id='word_1_68' title='bbox 521 735 551 777; x_wconf 91' lang='lat' dir='ltr'>P</span> <span class='ocrx_word' id='word_1_69' title='bbox 612 736 656 776; x_wconf 93' lang='lat' dir='ltr'><strong>U</strong></span> <span class='ocrx_word' id='word_1_70' title='bbox 717 735 761 776; x_wconf 92' lang='lat' dir='ltr'>T</span> <span class='ocrx_word' id='word_1_71' title='bbox 852 734 1054 778; x_wconf 79' lang='lat' dir='ltr'>LXXVI.</span> 
     </span>
     <span class='ocr_line' id='line_1_12' title="bbox 253 790 1108 847; baseline -0.002 -12"><span class='ocrx_word' id='word_1_72' title='bbox 253 795 319 840; x_wconf 84' lang='lat' dir='ltr'>De</span> <span class='ocrx_word' id='word_1_73' title='bbox 350 792 492 836; x_wconf 83' lang='lat' dir='ltr'>Salvio</span> <span class='ocrx_word' id='word_1_74' title='bbox 516 793 711 847; x_wconf 72' lang='lat' dir='ltr'>juliano,</span> <span class='ocrx_word' id='word_1_75' title='bbox 744 790 798 835; x_wconf 62' lang='lat'>(9²</span> <span class='ocrx_word' id='word_1_76' title='bbox 830 794 1079 835; x_wconf 73' lang='lat' dir='ltr'>Tarrunceno</span> <span class='ocrx_word' id='word_1_77' title='bbox 1099 823 1108 833; x_wconf 91' lang='lat'>.</span> 
     </span>
    </p>
   </div>
   <div class='ocr_carea' id='block_1_4' title="bbox 178 876 1198 1156">
    <p class='ocr_par' dir='ltr' id='par_1_4' title="bbox 178 876 1198 1156">
     <span class='ocr_line' id='line_1_13' title="bbox 245 876 1194 936; baseline -0.005 -12"><span class='ocrx_word' id='word_1_78' title='bbox 245 882 271 924; x_wconf 90' lang='lat' dir='ltr'>S</span> <span class='ocrx_word' id='word_1_79' title='bbox 292 896 376 924; x_wconf 93' lang='lat' dir='ltr'>non</span> <span class='ocrx_word' id='word_1_80' title='bbox 398 879 536 925; x_wconf 81' lang='lat' dir='ltr'>minus</span> <span class='ocrx_word' id='word_1_81' title='bbox 551 879 711 933; x_wconf 86' lang='lat' dir='ltr'>animi,</span> <span class='ocrx_word' id='word_1_82' title='bbox 745 896 870 936; x_wconf 88' lang='lat' dir='ltr'>quam</span> <span class='ocrx_word' id='word_1_83' title='bbox 899 876 1077 934; x_wconf 83' lang='lat' dir='ltr'>corporis</span> <span class='ocrx_word' id='word_1_84' title='bbox 1104 893 1194 932; x_wconf 83' lang='lat' dir='ltr'>pro-</span> 
     </span>
     <span class='ocr_line' id='line_1_14' title="bbox 262 934 1198 995; baseline -0.003 -14"><span class='ocrx_word' id='word_1_85' title='bbox 262 939 298 984; x_wconf 89' lang='lat' dir='ltr'>le</span> <span class='ocrx_word' id='word_1_86' title='bbox 332 938 409 982; x_wconf 88' lang='lat' dir='ltr'>fuit</span> <span class='ocrx_word' id='word_1_87' title='bbox 442 937 613 995; x_wconf 81' lang='lat' dir='ltr'>insignis</span> <span class='ocrx_word' id='word_1_88' title='bbox 637 971 646 981; x_wconf 94' lang='lat'>.</span> <span class='ocrx_word' id='word_1_89' title='bbox 679 940 796 981; x_wconf 85' lang='lat' dir='ltr'>Avus</span> <span class='ocrx_word' id='word_1_90' title='bbox 822 937 977 981; x_wconf 78' lang='lat' dir='ltr'>etenim</span> <span class='ocrx_word' id='word_1_91' title='bbox 1006 934 1115 979; x_wconf 75' lang='lat' dir='ltr'>fuiffe</span> <span class='ocrx_word' id='word_1_92' title='bbox 1149 935 1198 978; x_wconf 85' lang='lat' dir='ltr'>ab</span> 
     </span>
     <span class='ocr_line' id='line_1_15' title="bbox 178 994 1196 1052; baseline -0.004 -12"><span class='ocrx_word' id='word_1_93' title='bbox 178 998 409 1052; x_wconf 82' lang='lat' dir='ltr'>Eutropio:</span> <span class='ocrx_word' id='word_1_94' title='bbox 440 1012 609 1051; x_wconf 79' lang='lat' dir='ltr'>proavus</span> <span class='ocrx_word' id='word_1_95' title='bbox 634 1013 655 1039; x_wconf 91' lang='lat' dir='ltr'>a</span> <span class='ocrx_word' id='word_1_96' title='bbox 681 996 903 1051; x_wconf 84' lang='lat' dir='ltr'>Spartiano</span> <span class='ocrx_word' id='word_1_97' title='bbox 929 994 1102 1037; x_wconf 75' lang='lat' dir='ltr'>traditur</span> <span class='ocrx_word' id='word_1_98' title='bbox 1127 994 1196 1045; x_wconf 86' lang='lat' dir='ltr'>Ju-</span> 
     </span>
     <span class='ocr_line' id='line_1_16' title="bbox 178 1051 1196 1109; baseline -0.005 -11"><span class='ocrx_word' id='word_1_99' title='bbox 178 1055 280 1098; x_wconf 88' lang='lat' dir='ltr'>liani</span> <span class='ocrx_word' id='word_1_100' title='bbox 318 1056 608 1109; x_wconf 86' lang='lat' dir='ltr'>Imperatoris:</span> <span class='ocrx_word' id='word_1_101' title='bbox 642 1052 710 1108; x_wconf 91' lang='lat' dir='ltr'>qui</span> <span class='ocrx_word' id='word_1_102' title='bbox 743 1054 786 1097; x_wconf 84' lang='lat'>&amp;</span> <span class='ocrx_word' id='word_1_103' title='bbox 812 1052 893 1109; x_wconf 88' lang='lat' dir='ltr'>ipse</span> <span class='ocrx_word' id='word_1_104' title='bbox 919 1051 1196 1108; x_wconf 80' lang='lat' dir='ltr'>jurispruden-</span> 
     </span>
     <span class='ocr_line' id='line_1_17' title="bbox 179 1109 1192 1156; baseline -0.003 -1"><span class='ocrx_word' id='word_1_105' title='bbox 179 1113 247 1155; x_wconf 82' lang='lat' dir='ltr'>tiae</span> <span class='ocrx_word' id='word_1_106' title='bbox 282 1112 395 1155; x_wconf 88' lang='lat' dir='ltr'>laude</span> <span class='ocrx_word' id='word_1_107' title='bbox 428 1112 564 1156; x_wconf 89' lang='lat' dir='ltr'>floruit</span> <span class='ocrx_word' id='word_1_108' title='bbox 593 1144 602 1154; x_wconf 91' lang='lat'>.</span> <span class='ocrx_word' id='word_1_109' title='bbox 634 1111 750 1154; x_wconf 89' lang='lat' dir='ltr'>Hinc</span> <span class='ocrx_word' id='word_1_110' title='bbox 785 1111 827 1154; x_wconf 87' lang='lat' dir='ltr'>in</span> <span class='ocrx_word' id='word_1_111' title='bbox 860 1126 1040 1155; x_wconf 84' lang='lat' dir='ltr'>errorem</span> <span class='ocrx_word' id='word_1_112' title='bbox 1077 1109 1192 1153; x_wconf 89' lang='lat' dir='ltr'>indu-</span> 
     </span>
    </p>
   </div>
   <div class='ocr_carea' id='block_1_5' title="bbox 179 1169 1219 1224">
    <p class='ocr_par' dir='ltr' id='par_1_5' title="bbox 179 1169 1219 1224">
     <span class='ocr_line' id='line_1_18' title="bbox 179 1169 1219 1224; baseline -0.002 -11"><span class='ocrx_word' id='word_1_113' title='bbox 179 1170 265 1213; x_wconf 62' lang='grc' dir='ltr'>θεας</span> <span class='ocrx_word' id='word_1_114' title='bbox 312 1169 503 1213; x_wconf 85' lang='lat' dir='ltr'>Aurelius</span> <span class='ocrx_word' id='word_1_115' title='bbox 546 1169 695 1213; x_wconf 62' lang='lat' dir='ltr'>Vietor</span> <span class='ocrx_word' id='word_1_116' title='bbox 726 1169 861 1224; x_wconf 86' lang='lat' dir='ltr'>ipsum</span> <span class='ocrx_word' id='word_1_117' title='bbox 896 1171 1219 1223; x_wconf 71' lang='lat' dir='ltr'>Imperatorem‘</span> 
     </span>
    </p>
   </div>
   <div class='ocr_carea' id='block_1_6' title="bbox 120 1227 1205 2614">
    <p class='ocr_par' dir='ltr' id='par_1_6' title="bbox 120 1227 1205 2614">
     <span class='ocr_line' id='line_1_19' title="bbox 178 1227 1191 1283; baseline -0.002 -13"><span class='ocrx_word' id='word_1_118' title='bbox 178 1228 395 1281; x_wconf 88' lang='lat' dir='ltr'>Julianum</span> <span class='ocrx_word' id='word_1_119' title='bbox 417 1227 536 1271; x_wconf 69' lang='lat' dir='ltr'>ediffi</span> <span class='ocrx_word' id='word_1_120' title='bbox 570 1227 750 1283; x_wconf 81' lang='lat' dir='ltr'>perpetui</span> <span class='ocrx_word' id='word_1_121' title='bbox 783 1227 1097 1280; x_wconf 81' lang='lat' dir='ltr'>compositorem</span> <span class='ocrx_word' id='word_1_122' title='bbox 1129 1241 1191 1280; x_wconf 60' lang='lat' dir='ltr'>ap&gt;</span> 
     </span>
     <span class='ocr_line' id='line_1_20' title="bbox 180 1282 1197 1341; baseline -0.004 -12"><span class='ocrx_word' id='word_1_123' title='bbox 180 1286 306 1341; x_wconf 87' lang='lat' dir='ltr'>pellat</span> <span class='ocrx_word' id='word_1_124' title='bbox 328 1318 340 1338; x_wconf 90' lang='lat'>‚</span> <span class='ocrx_word' id='word_1_125' title='bbox 361 1286 620 1341; x_wconf 82' lang='lat' dir='ltr'>ambigitque</span> <span class='ocrx_word' id='word_1_126' title='bbox 640 1285 830 1328; x_wconf 83' lang='lat' dir='ltr'>Salvium</span> <span class='ocrx_word' id='word_1_127' title='bbox 855 1301 903 1329; x_wconf 89' lang='lat' dir='ltr'>ne</span> <span class='ocrx_word' id='word_1_128' title='bbox 919 1317 930 1337; x_wconf 87' lang='lat'>‚</span> <span class='ocrx_word' id='word_1_129' title='bbox 949 1300 1001 1328; x_wconf 79' lang='lat' dir='ltr'>an</span> <span class='ocrx_word' id='word_1_130' title='bbox 1025 1282 1197 1327; x_wconf 83' lang='lat' dir='ltr'>Didium</span> 
     </span>
     <span class='ocr_line' id='line_1_21' title="bbox 179 1343 1198 1398; baseline -0.003 -12"><span class='ocrx_word' id='word_1_131' title='bbox 179 1345 394 1396; x_wconf 88' lang='lat' dir='ltr'>Julianum</span> <span class='ocrx_word' id='word_1_132' title='bbox 427 1345 729 1398; x_wconf 82' lang='lat' dir='ltr'>Imperatorem</span> <span class='ocrx_word' id='word_1_133' title='bbox 765 1355 973 1393; x_wconf 77' lang='lat' dir='ltr'>nuncupet</span> <span class='ocrx_word' id='word_1_134' title='bbox 1010 1374 1018 1383; x_wconf 95' lang='lat'>.</span> <span class='ocrx_word' id='word_1_135' title='bbox 1066 1343 1198 1396; x_wconf 78' lang='lat' dir='ltr'>Quem</span> 
     </span>
     <span class='ocr_line' id='line_1_22' title="bbox 179 1397 1193 1455; baseline -0.004 -10"><span class='ocrx_word' id='word_1_136' title='bbox 179 1416 362 1445; x_wconf 85' lang='lat' dir='ltr'>errorem</span> <span class='ocrx_word' id='word_1_137' title='bbox 397 1400 543 1443; x_wconf 57' lang='lat' dir='ltr'>vietor</span> <span class='ocrx_word' id='word_1_138' title='bbox 573 1401 700 1443; x_wconf 87' lang='lat' dir='ltr'>etiam</span> <span class='ocrx_word' id='word_1_139' title='bbox 726 1399 878 1443; x_wconf 87' lang='lat' dir='ltr'>Grotio</span> <span class='ocrx_word' id='word_1_140' title='bbox 898 1401 940 1441; x_wconf 82' lang='lat' dir='ltr'>in</span> <span class='ocrx_word' id='word_1_141' title='bbox 959 1397 1107 1455; x_wconf 68' lang='lat' dir='ltr'>sparfis</span> <span class='ocrx_word' id='word_1_142' title='bbox 1124 1397 1193 1452; x_wconf 59' lang='lat' dir='ltr'>fle&lt;</span> 
     </span>
     <span class='ocr_line' id='line_1_23' title="bbox 183 1456 1201 1513; baseline -0.004 -12"><span class='ocrx_word' id='word_1_143' title='bbox 183 1459 292 1501; x_wconf 77' lang='lat' dir='ltr'>ribus</span> <span class='ocrx_word' id='word_1_144' title='bbox 312 1457 457 1501; x_wconf 82' lang='lat' dir='ltr'>offudit</span> <span class='ocrx_word' id='word_1_145' title='bbox 473 1489 482 1499; x_wconf 86' lang='lat'>.</span> <span class='ocrx_word' id='word_1_146' title='bbox 515 1459 617 1510; x_wconf 72' lang='lat'>(⁸¹⁵)</span> <span class='ocrx_word' id='word_1_147' title='bbox 641 1459 732 1510; x_wconf 80' lang='lat' dir='ltr'>(b)</span> <span class='ocrx_word' id='word_1_148' title='bbox 758 1458 1007 1513; x_wconf 76' lang='lat' dir='ltr'>Cognomen</span> <span class='ocrx_word' id='word_1_149' title='bbox 1043 1456 1201 1500; x_wconf 70' lang='lat' dir='ltr'>Salvius</span> 
     </span>
     <span class='ocr_line' id='line_1_24' title="bbox 182 1512 1179 1568; baseline -0.004 -9"><span class='ocrx_word' id='word_1_150' title='bbox 182 1515 329 1559; x_wconf 87' lang='lat' dir='ltr'>habuit</span> <span class='ocrx_word' id='word_1_151' title='bbox 360 1514 529 1568; x_wconf 84' lang='lat' dir='ltr'>Severi,</span> <span class='ocrx_word' id='word_1_152' title='bbox 565 1517 691 1568; x_wconf 81' lang='lat' dir='ltr'>patria</span> <span class='ocrx_word' id='word_1_153' title='bbox 714 1514 1034 1558; x_wconf 80' lang='lat' dir='ltr'>Mediolanenlis</span> <span class='ocrx_word' id='word_1_154' title='bbox 1059 1546 1071 1567; x_wconf 77' lang='lat'>,</span> <span class='ocrx_word' id='word_1_155' title='bbox 1104 1512 1179 1556; x_wconf 86' lang='lat' dir='ltr'>illu</span> 
     </span>
     <span class='ocr_line' id='line_1_25' title="bbox 184 1571 1203 1630; baseline -0.004 -13"><span class='ocrx_word' id='word_1_156' title='bbox 184 1574 252 1617; x_wconf 84' lang='lat' dir='ltr'>stri</span> <span class='ocrx_word' id='word_1_157' title='bbox 286 1588 465 1630; x_wconf 86' lang='lat' dir='ltr'>genere.</span> <span class='ocrx_word' id='word_1_158' title='bbox 513 1573 715 1628; x_wconf 83' lang='lat' dir='ltr'>Magnam</span> <span class='ocrx_word' id='word_1_159' title='bbox 750 1588 847 1616; x_wconf 82' lang='lat' dir='ltr'>vero</span> <span class='ocrx_word' id='word_1_160' title='bbox 882 1572 1083 1627; x_wconf 70' lang='lat' dir='ltr'>sapientiae</span> <span class='ocrx_word' id='word_1_161' title='bbox 1117 1571 1203 1613; x_wconf 87' lang='lat' dir='ltr'>lau-</span> 
     </span>
     <span class='ocr_line' id='line_1_26' title="bbox 185 1628 1179 1687; baseline -0.004 -12"><span class='ocrx_word' id='word_1_162' title='bbox 185 1632 278 1675; x_wconf 88' lang='lat' dir='ltr'>dem</span> <span class='ocrx_word' id='word_1_163' title='bbox 312 1629 527 1687; x_wconf 85' lang='lat' dir='ltr'>adquisivit</span> <span class='ocrx_word' id='word_1_164' title='bbox 563 1631 630 1673; x_wconf 87' lang='lat' dir='ltr'>sub</span> <span class='ocrx_word' id='word_1_165' title='bbox 665 1630 848 1674; x_wconf 87' lang='lat' dir='ltr'>Adriano</span> <span class='ocrx_word' id='word_1_166' title='bbox 881 1648 890 1673; x_wconf 93' lang='lat'>:</span> <span class='ocrx_word' id='word_1_167' title='bbox 928 1632 990 1673; x_wconf 89' lang='lat' dir='ltr'>cui</span> <span class='ocrx_word' id='word_1_168' title='bbox 1020 1628 1179 1673; x_wconf 84' lang='lat' dir='ltr'>familia</span> 
     </span>
     <span class='ocr_line' id='line_1_27' title="bbox 185 1687 1201 1744; baseline -0.004 -12"><span class='ocrx_word' id='word_1_169' title='bbox 185 1689 364 1732; x_wconf 80' lang='lat' dir='ltr'>tissimus</span> <span class='ocrx_word' id='word_1_170' title='bbox 398 1688 502 1739; x_wconf 84' lang='lat' dir='ltr'>fuit,</span> <span class='ocrx_word' id='word_1_171' title='bbox 534 1687 721 1744; x_wconf 82' lang='lat' dir='ltr'>cujusque</span> <span class='ocrx_word' id='word_1_172' title='bbox 754 1688 852 1741; x_wconf 83' lang='lat' dir='ltr'>jussu</span> <span class='ocrx_word' id='word_1_173' title='bbox 884 1705 931 1732; x_wconf 78' lang='lat' dir='ltr'>ex</span> <span class='ocrx_word' id='word_1_174' title='bbox 968 1688 1170 1732; x_wconf 79' lang='lat' dir='ltr'>veteribus</span> <span class='ocrx_word' id='word_1_175' title='bbox 1190 1719 1201 1738; x_wconf 83' lang='lat'>‚</span> 
     </span>
     <span class='ocr_line' id='line_1_28' title="bbox 184 1745 1199 1802; baseline -0.001 -13"><span class='ocrx_word' id='word_1_176' title='bbox 184 1746 383 1802; x_wconf 85' lang='lat' dir='ltr'>novisque</span> <span class='ocrx_word' id='word_1_177' title='bbox 415 1747 482 1788; x_wconf 90' lang='lat' dir='ltr'>abs</span> <span class='ocrx_word' id='word_1_178' title='bbox 519 1745 553 1789; x_wconf 89' lang='lat' dir='ltr'>se</span> <span class='ocrx_word' id='word_1_179' title='bbox 586 1746 809 1790; x_wconf 77' lang='lat' dir='ltr'>commiffis</span> <span class='ocrx_word' id='word_1_180' title='bbox 841 1747 981 1790; x_wconf 55' lang='lat' dir='ltr'>edie&#39;tis</span> <span class='ocrx_word' id='word_1_181' title='bbox 1006 1779 1017 1797; x_wconf 74' lang='grc'><em>,</em></span> <span class='ocrx_word' id='word_1_182' title='bbox 1061 1745 1199 1789; x_wconf 86' lang='lat' dir='ltr'>condi-</span> 
     </span>
     <span class='ocr_line' id='line_1_29' title="bbox 184 1803 1200 1860; baseline -0.003 -12"><span class='ocrx_word' id='word_1_183' title='bbox 184 1805 243 1848; x_wconf 84' lang='lat' dir='ltr'>dit</span> <span class='ocrx_word' id='word_1_184' title='bbox 271 1837 282 1857; x_wconf 92' lang='lat'>‚</span> <span class='ocrx_word' id='word_1_185' title='bbox 327 1816 449 1860; x_wconf 90' lang='lat' dir='ltr'>atque</span> <span class='ocrx_word' id='word_1_186' title='bbox 483 1804 526 1847; x_wconf 89' lang='lat' dir='ltr'>in</span> <span class='ocrx_word' id='word_1_187' title='bbox 561 1805 815 1847; x_wconf 89' lang='lat' dir='ltr'>concinnum</span> <span class='ocrx_word' id='word_1_188' title='bbox 850 1805 1064 1848; x_wconf 86' lang='lat' dir='ltr'>titulorum</span> <span class='ocrx_word' id='word_1_189' title='bbox 1096 1803 1200 1846; x_wconf 86' lang='lat' dir='ltr'>ordi-</span> 
     </span>
     <span class='ocr_line' id='line_1_30' title="bbox 188 1861 1200 1918; baseline -0.001 -12"><span class='ocrx_word' id='word_1_190' title='bbox 188 1878 288 1906; x_wconf 87' lang='lat' dir='ltr'>nem</span> <span class='ocrx_word' id='word_1_191' title='bbox 320 1862 477 1915; x_wconf 81' lang='lat' dir='ltr'>digeffit</span> <span class='ocrx_word' id='word_1_192' title='bbox 510 1861 703 1906; x_wconf 64' lang='lat' dir='ltr'>Edistum</span> <span class='ocrx_word' id='word_1_193' title='bbox 725 1875 1000 1918; x_wconf 79' lang='lat' dir='ltr'>perpetuum3</span> <span class='ocrx_word' id='word_1_194' title='bbox 1036 1862 1200 1917; x_wconf 79' lang='lat' dir='ltr'>scripsit-</span> 
     </span>
     <span class='ocr_line' id='line_1_31' title="bbox 186 1918 1202 1977; baseline -0.003 -13"><span class='ocrx_word' id='word_1_195' title='bbox 186 1936 265 1977; x_wconf 89' lang='lat' dir='ltr'>que</span> <span class='ocrx_word' id='word_1_196' title='bbox 312 1918 436 1962; x_wconf 89' lang='lat' dir='ltr'>libros</span> <span class='ocrx_word' id='word_1_197' title='bbox 468 1951 479 1972; x_wconf 87' lang='lat'>,</span> <span class='ocrx_word' id='word_1_198' title='bbox 528 1935 628 1973; x_wconf 84' lang='lat' dir='ltr'>quos</span> <span class='ocrx_word' id='word_1_199' title='bbox 660 1920 903 1976; x_wconf 84' lang='lat' dir='ltr'>digestorum</span> <span class='ocrx_word' id='word_1_200' title='bbox 936 1920 1158 1974; x_wconf 78' lang='lat' dir='ltr'>appellavit</span> <span class='ocrx_word' id='word_1_201' title='bbox 1191 1952 1202 1971; x_wconf 83' lang='lat'><strong>‚</strong></span> 
     </span>
     <span class='ocr_line' id='line_1_32' title="bbox 187 1976 1201 2033; baseline -0.001 -12"><span class='ocrx_word' id='word_1_202' title='bbox 187 1993 364 2031; x_wconf 78' lang='lat' dir='ltr'>nempe:</span> <span class='ocrx_word' id='word_1_203' title='bbox 399 1989 442 2020; x_wconf 89' lang='lat' dir='ltr'>ut</span> <span class='ocrx_word' id='word_1_204' title='bbox 474 1976 668 2028; x_wconf 80' lang='lat' dir='ltr'>Cujacius</span> <span class='ocrx_word' id='word_1_205' title='bbox 702 1979 995 2033; x_wconf 76' lang='lat' dir='ltr'>interpretatur</span> <span class='ocrx_word' id='word_1_206' title='bbox 1019 2011 1029 2030; x_wconf 92' lang='lat'><strong>‚</strong></span> <span class='ocrx_word' id='word_1_207' title='bbox 1062 1978 1201 2022; x_wconf 62' lang='lat' dir='ltr'>edifio-</span> 
     </span>
     <span class='ocr_line' id='line_1_33' title="bbox 120 2033 1202 2091; baseline 0 -12"><span class='ocrx_word' id='word_1_208' title='bbox 120 2077 122 2079; x_wconf 87' lang='lat'>.</span> <span class='ocrx_word' id='word_1_209' title='bbox 190 2052 276 2078; x_wconf 80' lang='lat' dir='ltr'>rum</span> <span class='ocrx_word' id='word_1_210' title='bbox 291 2033 545 2091; x_wconf 76' lang='lat' dir='ltr'>digestorum.</span> <span class='ocrx_word' id='word_1_211' title='bbox 579 2037 637 2087; x_wconf 86' lang='lat' dir='ltr'>(c)</span> <span class='ocrx_word' id='word_1_212' title='bbox 658 2036 808 2079; x_wconf 82' lang='lat' dir='ltr'>Praetor</span> <span class='ocrx_word' id='word_1_213' title='bbox 835 2035 912 2079; x_wconf 87' lang='lat' dir='ltr'>fuit</span> <span class='ocrx_word' id='word_1_214' title='bbox 930 2069 940 2088; x_wconf 86' lang='lat'><strong>‚</strong></span> <span class='ocrx_word' id='word_1_215' title='bbox 972 2037 1013 2079; x_wconf 72' lang='grc' dir='ltr'>ἃ</span> <span class='ocrx_word' id='word_1_216' title='bbox 1032 2037 1099 2079; x_wconf 90' lang='lat' dir='ltr'>sub</span> <span class='ocrx_word' id='word_1_217' title='bbox 1115 2039 1202 2079; x_wconf 89' lang='lat' dir='ltr'>An-</span> 
     </span>
     <span class='ocr_line' id='line_1_34' title="bbox 189 2092 1202 2151; baseline 0.002 -16"><span class='ocrx_word' id='word_1_218' title='bbox 189 2093 338 2136; x_wconf 90' lang='lat' dir='ltr'>tonino</span> <span class='ocrx_word' id='word_1_219' title='bbox 373 2093 446 2134; x_wconf 88' lang='lat' dir='ltr'>Pio</span> <span class='ocrx_word' id='word_1_220' title='bbox 478 2092 635 2136; x_wconf 88' lang='lat' dir='ltr'>Consul</span> <span class='ocrx_word' id='word_1_221' title='bbox 670 2110 763 2137; x_wconf 89' lang='lat' dir='ltr'>cum</span> <span class='ocrx_word' id='word_1_222' title='bbox 797 2096 1042 2151; x_wconf 83' lang='lat' dir='ltr'>Torquato:</span> <span class='ocrx_word' id='word_1_223' title='bbox 1077 2111 1123 2138; x_wconf 88' lang='lat' dir='ltr'>ac</span> <span class='ocrx_word' id='word_1_224' title='bbox 1146 2094 1202 2146; x_wconf 83' lang='lat' dir='ltr'>(fi</span> 
     </span>
     <span class='ocr_line' id='line_1_35' title="bbox 188 2149 1204 2196; baseline 0.001 -3"><span class='ocrx_word' id='word_1_225' title='bbox 188 2151 418 2195; x_wconf 85' lang='lat' dir='ltr'>tacentibus</span> <span class='ocrx_word' id='word_1_226' title='bbox 440 2149 565 2194; x_wconf 72' lang='lat' dir='ltr'>fastis</span> <span class='ocrx_word' id='word_1_227' title='bbox 603 2151 882 2196; x_wconf 86' lang='lat' dir='ltr'>consularibus</span> <span class='ocrx_word' id='word_1_228' title='bbox 908 2152 965 2195; x_wconf 86' lang='lat' dir='ltr'>fas</span> <span class='ocrx_word' id='word_1_229' title='bbox 992 2153 1044 2195; x_wconf 88' lang='lat' dir='ltr'>est</span> <span class='ocrx_word' id='word_1_230' title='bbox 1072 2153 1204 2196; x_wconf 88' lang='lat' dir='ltr'>crede-</span> 
     </span>
     <span class='ocr_line' id='line_1_36' title="bbox 191 2207 1204 2263; baseline -0.001 -11"><span class='ocrx_word' id='word_1_231' title='bbox 191 2224 232 2252; x_wconf 84' lang='lat' dir='ltr'>re</span> <span class='ocrx_word' id='word_1_232' title='bbox 258 2208 474 2263; x_wconf 86' lang='lat' dir='ltr'>Spartiano</span> <span class='ocrx_word' id='word_1_233' title='bbox 502 2210 518 2259; x_wconf 90' lang='lat'>)</span> <span class='ocrx_word' id='word_1_234' title='bbox 545 2209 700 2252; x_wconf 90' lang='lat' dir='ltr'>Consul</span> <span class='ocrx_word' id='word_1_235' title='bbox 729 2209 857 2253; x_wconf 61' lang='lat' dir='ltr'>faffius</span> <span class='ocrx_word' id='word_1_236' title='bbox 881 2211 934 2253; x_wconf 87' lang='lat' dir='ltr'>est</span> <span class='ocrx_word' id='word_1_237' title='bbox 963 2210 1110 2253; x_wconf 84' lang='lat' dir='ltr'>iterum</span> <span class='ocrx_word' id='word_1_238' title='bbox 1138 2207 1204 2252; x_wconf 89' lang='lat' dir='ltr'>sub</span> 
     </span>
     <span class='ocr_line' id='line_1_37' title="bbox 188 2264 1202 2323; baseline 0.001 -15"><span class='ocrx_word' id='word_1_239' title='bbox 188 2267 337 2308; x_wconf 77' lang='lat' dir='ltr'>Marco</span> <span class='ocrx_word' id='word_1_240' title='bbox 370 2264 618 2320; x_wconf 77' lang='lat' dir='ltr'>Philosopho</span> <span class='ocrx_word' id='word_1_241' title='bbox 649 2284 742 2310; x_wconf 87' lang='lat' dir='ltr'>cum</span> <span class='ocrx_word' id='word_1_242' title='bbox 772 2268 941 2311; x_wconf 81' lang='lat' dir='ltr'>Pisone·</span> <span class='ocrx_word' id='word_1_243' title='bbox 979 2268 1136 2323; x_wconf 79' lang='lat' dir='ltr'>Quibus</span> <span class='ocrx_word' id='word_1_244' title='bbox 1163 2268 1202 2311; x_wconf 87' lang='lat' dir='ltr'>in</span> 
     </span>
     <span class='ocr_line' id='line_1_38' title="bbox 189 2322 1204 2378; baseline 0.002 -13"><span class='ocrx_word' id='word_1_245' title='bbox 189 2322 519 2378; x_wconf 76' lang='lat' dir='ltr'>magistratibus,</span> <span class='ocrx_word' id='word_1_246' title='bbox 550 2325 741 2377; x_wconf 84' lang='lat' dir='ltr'>exemplo</span> <span class='ocrx_word' id='word_1_247' title='bbox 771 2325 958 2376; x_wconf 83' lang='lat' dir='ltr'>Javoleni</span> <span class='ocrx_word' id='word_1_248' title='bbox 985 2340 1204 2378; x_wconf 74' lang='lat' dir='ltr'>praecento-</span> 
     </span>
     <span class='ocr_line' id='line_1_39' title="bbox 189 2379 1203 2436; baseline 0.002 -12"><span class='ocrx_word' id='word_1_249' title='bbox 189 2381 245 2424; x_wconf 80' lang='lat' dir='ltr'>ris</span> <span class='ocrx_word' id='word_1_250' title='bbox 272 2380 325 2423; x_wconf 92' lang='lat' dir='ltr'>sui</span> <span class='ocrx_word' id='word_1_251' title='bbox 351 2412 363 2433; x_wconf 85' lang='lat'>,</span> <span class='ocrx_word' id='word_1_252' title='bbox 395 2379 579 2436; x_wconf 87' lang='lat' dir='ltr'>proprios</span> <span class='ocrx_word' id='word_1_253' title='bbox 610 2382 740 2425; x_wconf 80' lang='lat' dir='ltr'>servos</span> <span class='ocrx_word' id='word_1_254' title='bbox 766 2382 944 2426; x_wconf 53' lang='lat' dir='ltr'>vindi&amp;</span> <span class='ocrx_word' id='word_1_255' title='bbox 972 2382 1168 2426; x_wconf 83' lang='lat' dir='ltr'>liberabat</span> <span class='ocrx_word' id='word_1_256' title='bbox 1194 2418 1203 2434; x_wconf 86' lang='grc'>.,</span> 
     </span>
     <span class='ocr_line' id='line_1_40' title="bbox 189 2438 1186 2497; baseline 0.002 -15"><span class='ocrx_word' id='word_1_257' title='bbox 189 2438 442 2495; x_wconf 86' lang='lat' dir='ltr'>eandemque</span> <span class='ocrx_word' id='word_1_258' title='bbox 471 2439 716 2484; x_wconf 87' lang='lat' dir='ltr'>sententiam</span> <span class='ocrx_word' id='word_1_259' title='bbox 743 2440 832 2483; x_wconf 87' lang='lat' dir='ltr'>aliis</span> <span class='ocrx_word' id='word_1_260' title='bbox 854 2441 1090 2497; x_wconf 60' lang='lat' dir='ltr'>praetoribus</span> <span class='ocrx_word' id='word_1_261' title='bbox 1122 2442 1186 2484; x_wconf 88' lang='lat' dir='ltr'>sua</span> 
     </span>
     <span class='ocr_line' id='line_1_41' title="bbox 191 2496 1202 2555; baseline 0.001 -16"><span class='ocrx_word' id='word_1_262' title='bbox 191 2498 308 2540; x_wconf 87' lang='lat' dir='ltr'>debat</span> <span class='ocrx_word' id='word_1_263' title='bbox 340 2529 348 2539; x_wconf 94' lang='lat'>.</span> <span class='ocrx_word' id='word_1_264' title='bbox 397 2497 483 2548; x_wconf 87' lang='lat' dir='ltr'>(d)</span> <span class='ocrx_word' id='word_1_265' title='bbox 534 2496 668 2548; x_wconf 78' lang='lat' dir='ltr'>Hujus</span> <span class='ocrx_word' id='word_1_266' title='bbox 699 2498 751 2542; x_wconf 87' lang='lat' dir='ltr'>est</span> <span class='ocrx_word' id='word_1_267' title='bbox 786 2498 1025 2555; x_wconf 67' lang='lat' dir='ltr'>praeclarum</span> <span class='ocrx_word' id='word_1_268' title='bbox 1061 2499 1160 2542; x_wconf 89' lang='lat' dir='ltr'>illud</span> <span class='ocrx_word' id='word_1_269' title='bbox 1194 2517 1202 2540; x_wconf 87' lang='lat'>:</span> 
     </span>
     <span class='ocr_line' id='line_1_42' title="bbox 191 2554 1205 2614; baseline 0.003 -17"><span class='ocrx_word' id='word_1_270' title='bbox 191 2554 324 2598; x_wconf 81' lang='lat' dir='ltr'>Nulla</span> <span class='ocrx_word' id='word_1_271' title='bbox 353 2555 415 2597; x_wconf 71' lang='lat' dir='ltr'>lex</span> <span class='ocrx_word' id='word_1_272' title='bbox 442 2567 526 2597; x_wconf 82' lang='lat' dir='ltr'>tam</span> <span class='ocrx_word' id='word_1_273' title='bbox 556 2557 635 2599; x_wconf 84' lang='lat' dir='ltr'>late</span> <span class='ocrx_word' id='word_1_274' title='bbox 654 2566 765 2612; x_wconf 81' lang='lat' dir='ltr'>patet</span> <span class='ocrx_word' id='word_1_275' title='bbox 785 2589 796 2611; x_wconf 88' lang='lat'>‚</span> <span class='ocrx_word' id='word_1_276' title='bbox 829 2569 872 2600; x_wconf 82' lang='lat' dir='ltr'>ut</span> <span class='ocrx_word' id='word_1_277' title='bbox 890 2558 944 2600; x_wconf 86' lang='lat' dir='ltr'>ad</span> <span class='ocrx_word' id='word_1_278' title='bbox 969 2558 1100 2600; x_wconf 80' lang='lat' dir='ltr'>omnia</span> <span class='ocrx_word' id='word_1_279' title='bbox 1115 2570 1205 2614; x_wconf 85' lang='lat' dir='ltr'>per-</span> 
     </span>
    </p>
   </div>
   <div class='ocr_carea' id='block_1_7' title="bbox 195 2689 406 2699">
    <p class='ocr_par' dir='ltr' id='par_1_7' title="bbox 195 2689 406 2699">
     <span class='ocr_line' id='line_1_43' title="bbox 195 2689 406 2699; baseline 0 780"><span class='ocrx_word' id='word_1_280' title='bbox 195 2689 406 2699; x_wconf 95' lang='lat' dir='ltr'> </span> 
     </span>
    </p>
   </div>
   <div class='ocr_carea' id='block_1_8' title="bbox 233 2723 1219 2770">
    <p class='ocr_par' dir='ltr' id='par_1_8' title="bbox 233 2723 1219 2770">
     <span class='ocr_line' id='line_1_44' title="bbox 233 2723 1219 2770; baseline 0.004 -16"><span class='ocrx_word' id='word_1_281' title='bbox 233 2726 281 2764; x_wconf 75' lang='lat'>(⁴‘</span> <span class='ocrx_word' id='word_1_282' title='bbox 298 2724 316 2761; x_wconf 80' lang='grc'>)</span> <span class='ocrx_word' id='word_1_283' title='bbox 344 2723 422 2757; x_wconf 70' lang='lat' dir='ltr'>Vide</span> <span class='ocrx_word' id='word_1_284' title='bbox 444 2735 515 2766; x_wconf 76' lang='lat' dir='ltr'>quae</span> <span class='ocrx_word' id='word_1_285' title='bbox 547 2727 584 2758; x_wconf 71' lang='lat' dir='ltr'>de</span> <span class='ocrx_word' id='word_1_286' title='bbox 604 2727 887 2769; x_wconf 61' lang='lat' dir='ltr'>seffsssceomm</span> <span class='ocrx_word' id='word_1_287' title='bbox 904 2727 1088 2768; x_wconf 62' lang='lat' dir='ltr'>scripsimus</span> <span class='ocrx_word' id='word_1_288' title='bbox 1100 2736 1131 2770; x_wconf 87' lang='lat' dir='ltr'>p.</span> <span class='ocrx_word' id='word_1_289' title='bbox 1154 2738 1219 2766; x_wconf 51' lang='lat'>51«</span> 
     </span>
    </p>
   </div>
   <div class='ocr_carea' id='block_1_9' title="bbox 192 2769 1209 3226">
    <p class='ocr_par' dir='ltr' id='par_1_9' title="bbox 196 2769 1204 2857">
     <span class='ocr_line' id='line_1_45' title="bbox 239 2769 1204 2816; baseline 0.006 -17"><span class='ocrx_word' id='word_1_290' title='bbox 239 2769 316 2810; x_wconf 76' lang='lat' dir='ltr'>[a]</span> <span class='ocrx_word' id='word_1_291' title='bbox 369 2771 488 2800; x_wconf 78' lang='lat' dir='ltr'>Comm-</span> <span class='ocrx_word' id='word_1_292' title='bbox 517 2770 580 2806; x_wconf 78' lang='lat' dir='ltr'>iur-</span> <span class='ocrx_word' id='word_1_293' title='bbox 611 2774 705 2804; x_wconf 79' lang='lat' dir='ltr'>civil.</span> <span class='ocrx_word' id='word_1_294' title='bbox 734 2773 791 2805; x_wconf 79' lang='lat' dir='ltr'>lib.</span> <span class='ocrx_word' id='word_1_295' title='bbox 824 2781 856 2810; x_wconf 77' lang='grc' dir='ltr'>ς.</span> <span class='ocrx_word' id='word_1_296' title='bbox 883 2782 908 2804; x_wconf 90' lang='lat' dir='ltr'>c.</span> <span class='ocrx_word' id='word_1_297' title='bbox 926 2780 979 2810; x_wconf 85' lang='lat'>25.</span> <span class='ocrx_word' id='word_1_298' title='bbox 1007 2773 1032 2804; x_wconf 89' lang='grc' dir='ltr'>Ι.</span> <span class='ocrx_word' id='word_1_299' title='bbox 1052 2782 1080 2804; x_wconf 82' lang='grc' dir='ltr'>ι.</span> <span class='ocrx_word' id='word_1_300' title='bbox 1124 2775 1154 2816; x_wconf 90' lang='lat'>§.</span> <span class='ocrx_word' id='word_1_301' title='bbox 1175 2777 1204 2805; x_wconf 83' lang='grc' dir='ltr'>ι’.</span> 
     </span>
     <span class='ocr_line' id='line_1_46' title="bbox 196 2815 713 2857; baseline 0.004 -12"><span class='ocrx_word' id='word_1_302' title='bbox 196 2826 256 2857; x_wconf 72' lang='lat' dir='ltr'>quo</span> <span class='ocrx_word' id='word_1_303' title='bbox 287 2815 350 2846; x_wconf 78' lang='lat' dir='ltr'>her.</span> <span class='ocrx_word' id='word_1_304' title='bbox 371 2824 418 2851; x_wconf 79' lang='lat'>14.</span> <span class='ocrx_word' id='word_1_305' title='bbox 447 2816 488 2847; x_wconf 78' lang='lat' dir='ltr'>ad</span> <span class='ocrx_word' id='word_1_306' title='bbox 501 2817 565 2857; x_wconf 84' lang='lat' dir='ltr'>leg.</span> <span class='ocrx_word' id='word_1_307' title='bbox 585 2818 713 2848; x_wconf 66' lang='lat' dir='ltr'>Falcid-</span> 
     </span>
    </p>

    <p class='ocr_par' dir='ltr' id='par_1_10' title="bbox 239 2858 739 2902">
     <span class='ocr_line' id='line_1_47' title="bbox 239 2858 739 2902; baseline 0.006 -12"><span class='ocrx_word' id='word_1_308' title='bbox 239 2858 316 2900; x_wconf 84' lang='lat' dir='ltr'>[b]</span> <span class='ocrx_word' id='word_1_309' title='bbox 370 2860 424 2893; x_wconf 65' lang='lat' dir='ltr'>Ad</span> <span class='ocrx_word' id='word_1_310' title='bbox 441 2861 464 2891; x_wconf 82' lang='grc' dir='ltr'>Ι.</span> <span class='ocrx_word' id='word_1_311' title='bbox 485 2869 510 2892; x_wconf 88' lang='lat'>1.</span> <span class='ocrx_word' id='word_1_312' title='bbox 531 2862 568 2892; x_wconf 79' lang='lat' dir='ltr'>de</span> <span class='ocrx_word' id='word_1_313' title='bbox 580 2862 662 2902; x_wconf 76' lang='lat' dir='ltr'>orig.</span> <span class='ocrx_word' id='word_1_314' title='bbox 677 2861 739 2899; x_wconf 64' lang='lat' dir='ltr'>jur.</span> 
     </span>
    </p>

    <p class='ocr_par' dir='ltr' id='par_1_11' title="bbox 192 2904 1206 3082">
     <span class='ocr_line' id='line_1_48' title="bbox 242 2904 1203 2948; baseline 0.005 -11"><span class='ocrx_word' id='word_1_315' title='bbox 242 2907 256 2945; x_wconf 82' lang='lat'>[</span> <span class='ocrx_word' id='word_1_316' title='bbox 283 2904 349 2943; x_wconf 65' lang='lat' dir='ltr'>”J</span> <span class='ocrx_word' id='word_1_317' title='bbox 398 2904 508 2938; x_wconf 86' lang='lat' dir='ltr'>Severi</span> <span class='ocrx_word' id='word_1_318' title='bbox 546 2916 728 2947; x_wconf 75' lang='lat' dir='ltr'>cognomen</span> <span class='ocrx_word' id='word_1_319' title='bbox 765 2917 830 2939; x_wconf 89' lang='lat' dir='ltr'>non</span> <span class='ocrx_word' id='word_1_320' title='bbox 854 2906 969 2940; x_wconf 84' lang='lat' dir='ltr'>habuit</span> <span class='ocrx_word' id='word_1_321' title='bbox 996 2908 1125 2948; x_wconf 81' lang='lat' dir='ltr'>noster,</span> <span class='ocrx_word' id='word_1_322' title='bbox 1153 2909 1203 2942; x_wconf 85' lang='lat' dir='ltr'>sed</span> 
     </span>
     <span class='ocr_line' id='line_1_49' title="bbox 193 2948 1201 2993; baseline 0.005 -9"><span class='ocrx_word' id='word_1_323' title='bbox 193 2959 358 2993; x_wconf 79' lang='lat' dir='ltr'>pronepos</span> <span class='ocrx_word' id='word_1_324' title='bbox 382 2948 454 2987; x_wconf 81' lang='lat' dir='ltr'>ejus</span> <span class='ocrx_word' id='word_1_325' title='bbox 481 2951 665 2992; x_wconf 57' lang='lat' dir='ltr'>imperato.-</span> <span class='ocrx_word' id='word_1_326' title='bbox 690 2949 805 2983; x_wconf 67' lang='lat' dir='ltr'>Didius</span> <span class='ocrx_word' id='word_1_327' title='bbox 832 2952 958 2984; x_wconf 65' lang='lat' dir='ltr'>salvius</span> <span class='ocrx_word' id='word_1_328' title='bbox 983 2954 1134 2993; x_wconf 80' lang='lat' dir='ltr'>Julianus</span> <span class='ocrx_word' id='word_1_329' title='bbox 1150 2959 1201 2988; x_wconf 64' lang='lat' dir='ltr'>Se-</span> 
     </span>
     <span class='ocr_line' id='line_1_50' title="bbox 192 2996 1206 3041; baseline 0.003 -12"><span class='ocrx_word' id='word_1_330' title='bbox 192 3005 311 3029; x_wconf 84' lang='lat' dir='ltr'>verus.</span> <span class='ocrx_word' id='word_1_331' title='bbox 337 2996 450 3029; x_wconf 81' lang='lat' dir='ltr'>Celeb.</span> <span class='ocrx_word' id='word_1_332' title='bbox 475 2999 561 3027; x_wconf 82' lang='lat' dir='ltr'>Otto</span> <span class='ocrx_word' id='word_1_333' title='bbox 586 2997 639 3028; x_wconf 58' lang='lat' dir='ltr'>Pr.</span> <span class='ocrx_word' id='word_1_334' title='bbox 656 2997 696 3028; x_wconf 83' lang='lat' dir='ltr'>T.</span> <span class='ocrx_word' id='word_1_335' title='bbox 715 3000 743 3029; x_wconf 88' lang='grc' dir='ltr'>Ι.</span> <span class='ocrx_word' id='word_1_336' title='bbox 776 2997 870 3038; x_wconf 69' lang='lat' dir='ltr'>Thefi</span> <span class='ocrx_word' id='word_1_337' title='bbox 902 2996 985 3036; x_wconf 74' lang='lat' dir='ltr'>juris</span> <span class='ocrx_word' id='word_1_338' title='bbox 1015 3005 1048 3041; x_wconf 79' lang='lat' dir='ltr'>p.</span> <span class='ocrx_word' id='word_1_339' title='bbox 1071 3010 1120 3041; x_wconf 89' lang='lat'>17.</span> <span class='ocrx_word' id='word_1_340' title='bbox 1151 3002 1206 3035; x_wconf 85' lang='lat' dir='ltr'>ubi</span> 
     </span>
     <span class='ocr_line' id='line_1_51' title="bbox 196 3039 724 3082; baseline -0.002 -7"><span class='ocrx_word' id='word_1_341' title='bbox 196 3041 236 3075; x_wconf 87' lang='lat' dir='ltr'>de</span> <span class='ocrx_word' id='word_1_342' title='bbox 263 3040 397 3082; x_wconf 79' lang='lat' dir='ltr'>Juliano</span> <span class='ocrx_word' id='word_1_343' title='bbox 421 3040 550 3079; x_wconf 66' lang='lat' dir='ltr'>copiose</span> <span class='ocrx_word' id='word_1_344' title='bbox 575 3039 724 3074; x_wconf 67' lang='lat' dir='ltr'>disserit.</span> 
     </span>
    </p>

    <p class='ocr_par' dir='ltr' id='par_1_12' title="bbox 239 3087 746 3127">
     <span class='ocr_line' id='line_1_52' title="bbox 239 3087 746 3127; baseline 0.006 -10"><span class='ocrx_word' id='word_1_345' title='bbox 239 3087 280 3126; x_wconf 90' lang='lat' dir='ltr'>[c</span> <span class='ocrx_word' id='word_1_346' title='bbox 298 3087 314 3122; x_wconf 85' lang='lat'>)</span> <span class='ocrx_word' id='word_1_347' title='bbox 366 3087 417 3119; x_wconf 62' lang='lat' dir='ltr'>Ad</span> <span class='ocrx_word' id='word_1_348' title='bbox 437 3087 570 3127; x_wconf 68' lang='lat' dir='ltr'>Julian·</span> <span class='ocrx_word' id='word_1_349' title='bbox 596 3088 631 3119; x_wconf 80' lang='lat' dir='ltr'>in</span> <span class='ocrx_word' id='word_1_350' title='bbox 646 3087 746 3124; x_wconf 67' lang='lat' dir='ltr'>princ.</span> 
     </span>
    </p>

    <p class='ocr_par' dir='ltr' id='par_1_13' title="bbox 239 3130 1017 3176">
     <span class='ocr_line' id='line_1_53' title="bbox 239 3130 1017 3176; baseline 0.005 -13"><span class='ocrx_word' id='word_1_351' title='bbox 239 3131 316 3172; x_wconf 80' lang='lat' dir='ltr'>[d]</span> <span class='ocrx_word' id='word_1_352' title='bbox 366 3135 394 3165; x_wconf 86' lang='lat' dir='ltr'>L</span> <span class='ocrx_word' id='word_1_353' title='bbox 425 3141 453 3170; x_wconf 80' lang='grc' dir='ltr'>ς.</span> <span class='ocrx_word' id='word_1_354' title='bbox 485 3130 535 3165; x_wconf 82' lang='lat' dir='ltr'>an&#39;</span> <span class='ocrx_word' id='word_1_355' title='bbox 552 3134 682 3174; x_wconf 77' lang='lat' dir='ltr'>apudse</span> <span class='ocrx_word' id='word_1_356' title='bbox 704 3132 742 3176; x_wconf 70' lang='lat' dir='ltr'>ff</span> <span class='ocrx_word' id='word_1_357' title='bbox 773 3134 907 3167; x_wconf 77' lang='lat' dir='ltr'>deman.</span> <span class='ocrx_word' id='word_1_358' title='bbox 927 3135 1017 3167; x_wconf 67' lang='lat' dir='ltr'>vinei.</span> 
     </span>
    </p>

    <p class='ocr_par' dir='ltr' id='par_1_14' title="bbox 250 3176 1209 3226">
     <span class='ocr_line' id='line_1_54' title="bbox 250 3176 1209 3226; baseline 0 -12"><span class='ocrx_word' id='word_1_359' title='bbox 250 3177 351 3219; x_wconf 54' lang='grc' dir='ltr'>[Μ’]</span> <span class='ocrx_word' id='word_1_360' title='bbox 400 3176 534 3214; x_wconf 79' lang='lat' dir='ltr'>Confer.</span> <span class='ocrx_word' id='word_1_361' title='bbox 561 3178 672 3216; x_wconf 80' lang='lat' dir='ltr'>Celeb-</span> <span class='ocrx_word' id='word_1_362' title='bbox 698 3179 868 3216; x_wconf 75' lang='lat' dir='ltr'>Heineccii</span> <span class='ocrx_word' id='word_1_363' title='bbox 884 3180 1045 3226; x_wconf 73' lang='lat' dir='ltr'>dsffereae</span> <span class='ocrx_word' id='word_1_364' title='bbox 1057 3180 1159 3216; x_wconf 65' lang='lat' dir='ltr'>senem</span> <span class='ocrx_word' id='word_1_365' title='bbox 1171 3182 1209 3216; x_wconf 85' lang='lat' dir='ltr'>de</span> 
     </span>
    </p>
   </div>
   <div class='ocr_carea' id='block_1_10' title="bbox 1241 185 2269 822">
    <p class='ocr_par' dir='ltr' id='par_1_15' title="bbox 1241 185 2269 822">
     <span class='ocr_line' id='line_1_55' title="bbox 1241 185 2269 241; baseline 0.009 -15"><span class='ocrx_word' id='word_1_366' title='bbox 1241 185 1393 241; x_wconf 83' lang='lat' dir='ltr'>tingat.</span> <span class='ocrx_word' id='word_1_367' title='bbox 1431 187 1481 228; x_wconf 90' lang='lat' dir='ltr'>In</span> <span class='ocrx_word' id='word_1_368' title='bbox 1504 185 1685 239; x_wconf 86' lang='lat' dir='ltr'>pluribus</span> <span class='ocrx_word' id='word_1_369' title='bbox 1707 187 1803 239; x_wconf 80' lang='lat' dir='ltr'>juris</span> <span class='ocrx_word' id='word_1_370' title='bbox 1823 187 1963 232; x_wconf 89' lang='lat' dir='ltr'>civilis</span> <span class='ocrx_word' id='word_1_371' title='bbox 1986 188 2085 234; x_wconf 86' lang='lat' dir='ltr'>locis</span> <span class='ocrx_word' id='word_1_372' title='bbox 2104 205 2126 234; x_wconf 88' lang='lat' dir='ltr'>a</span> <span class='ocrx_word' id='word_1_373' title='bbox 2149 190 2269 234; x_wconf 73' lang='lat' dir='ltr'>Prin-0</span> 
     </span>
     <span class='ocr_line' id='line_1_56' title="bbox 1241 242 2266 305; baseline 0.006 -19"><span class='ocrx_word' id='word_1_374' title='bbox 1241 242 1828 305; x_wconf 31' lang='lat' dir='ltr'>cipibus&#39;honorificentissime</span> <span class='ocrx_word' id='word_1_375' title='bbox 1856 246 2089 302; x_wconf 88' lang='lat' dir='ltr'>appellatur</span> <span class='ocrx_word' id='word_1_376' title='bbox 2119 280 2128 290; x_wconf 89' lang='lat'>.</span> <span class='ocrx_word' id='word_1_377' title='bbox 2162 251 2266 292; x_wconf 88' lang='lat' dir='ltr'>Sunt</span> 
     </span>
     <span class='ocr_line' id='line_1_57' title="bbox 1242 299 2263 364; baseline 0.01 -23"><span class='ocrx_word' id='word_1_378' title='bbox 1242 300 1311 364; x_wconf 75' lang='lat' dir='ltr'>qui</span> <span class='ocrx_word' id='word_1_379' title='bbox 1348 299 1465 363; x_wconf 71' lang='lat' dir='ltr'>hujus</span> <span class='ocrx_word' id='word_1_380' title='bbox 1497 302 1627 346; x_wconf 87' lang='lat' dir='ltr'>vitam</span> <span class='ocrx_word' id='word_1_381' title='bbox 1661 304 1708 347; x_wconf 91' lang='lat' dir='ltr'>ad</span> <span class='ocrx_word' id='word_1_382' title='bbox 1742 305 1969 348; x_wconf 81' lang='lat' dir='ltr'>Commodi</span> <span class='ocrx_word' id='word_1_383' title='bbox 2005 307 2110 358; x_wconf 74' lang='lat'>(**)</span> <span class='ocrx_word' id='word_1_384' title='bbox 2142 308 2263 363; x_wconf 89' lang='lat' dir='ltr'>usque</span> 
     </span>
     <span class='ocr_line' id='line_1_58' title="bbox 1245 362 2264 419; baseline 0.008 -20"><span class='ocrx_word' id='word_1_385' title='bbox 1245 373 1468 412; x_wconf 78' lang='lat' dir='ltr'>imperium</span> <span class='ocrx_word' id='word_1_386' title='bbox 1499 362 1722 404; x_wconf 80' lang='lat' dir='ltr'>extendant</span> <span class='ocrx_word' id='word_1_387' title='bbox 1749 379 1758 404; x_wconf 77' lang='grc' dir='ltr'><strong><em>ε</em></strong></span> <span class='ocrx_word' id='word_1_388' title='bbox 1803 378 1979 419; x_wconf 86' lang='lat' dir='ltr'>eumque</span> <span class='ocrx_word' id='word_1_389' title='bbox 2011 365 2264 407; x_wconf 79' lang='lat' dir='ltr'>arbitrantur</span> 
     </span>
     <span class='ocr_line' id='line_1_59' title="bbox 1243 416 2267 479; baseline 0.006 -20"><span class='ocrx_word' id='word_1_390' title='bbox 1243 416 1419 479; x_wconf 80' lang='lat' dir='ltr'>eundern</span> <span class='ocrx_word' id='word_1_391' title='bbox 1452 416 1526 462; x_wconf 79' lang='lat' dir='ltr'>effe</span> <span class='ocrx_word' id='word_1_392' title='bbox 1554 450 1564 471; x_wconf 93' lang='lat'>‚</span> <span class='ocrx_word' id='word_1_393' title='bbox 1598 419 1666 475; x_wconf 90' lang='lat' dir='ltr'>qui</span> <span class='ocrx_word' id='word_1_394' title='bbox 1700 436 1794 464; x_wconf 89' lang='lat' dir='ltr'>cum</span> <span class='ocrx_word' id='word_1_395' title='bbox 1830 422 2002 465; x_wconf 88' lang='lat' dir='ltr'>Paterno</span> <span class='ocrx_word' id='word_1_396' title='bbox 2031 422 2158 464; x_wconf 85' lang='lat' dir='ltr'>etiam</span> <span class='ocrx_word' id='word_1_397' title='bbox 2193 423 2267 474; x_wconf 83' lang='lat' dir='ltr'>Ju-</span> 
     </span>
     <span class='ocr_line' id='line_1_60' title="bbox 1247 473 2261 537; baseline 0.008 -23"><span class='ocrx_word' id='word_1_398' title='bbox 1247 473 1483 537; x_wconf 75' lang='lat' dir='ltr'>riseonsulto</span> <span class='ocrx_word' id='word_1_399' title='bbox 1539 478 1735 534; x_wconf 83' lang='lat' dir='ltr'>particeps</span> <span class='ocrx_word' id='word_1_400' title='bbox 1793 478 2093 530; x_wconf 85' lang='lat' dir='ltr'>conjurationis</span> <span class='ocrx_word' id='word_1_401' title='bbox 2136 478 2215 522; x_wconf 89' lang='lat' dir='ltr'>fuit</span> <span class='ocrx_word' id='word_1_402' title='bbox 2247 511 2261 532; x_wconf 85' lang='lat'>‚</span> 
     </span>
     <span class='ocr_line' id='line_1_61' title="bbox 1245 532 2268 595; baseline 0.007 -22"><span class='ocrx_word' id='word_1_403' title='bbox 1245 547 1393 595; x_wconf 80' lang='lat' dir='ltr'>quique</span> <span class='ocrx_word' id='word_1_404' title='bbox 1428 532 1546 578; x_wconf 87' lang='lat' dir='ltr'>simul</span> <span class='ocrx_word' id='word_1_405' title='bbox 1577 551 1672 578; x_wconf 90' lang='lat' dir='ltr'>cum</span> <span class='ocrx_word' id='word_1_406' title='bbox 1708 537 1880 578; x_wconf 85' lang='lat' dir='ltr'>Paterno</span> <span class='ocrx_word' id='word_1_407' title='bbox 1911 569 1922 587; x_wconf 80' lang='lat'><strong>‚</strong></span> <span class='ocrx_word' id='word_1_408' title='bbox 1973 536 2071 587; x_wconf 80' lang='lat' dir='ltr'>jussu</span> <span class='ocrx_word' id='word_1_409' title='bbox 2110 537 2268 581; x_wconf 87' lang='lat' dir='ltr'>Princi-</span> 
     </span>
     <span class='ocr_line' id='line_1_62' title="bbox 1248 590 2269 652; baseline 0.008 -21"><span class='ocrx_word' id='word_1_410' title='bbox 1248 605 1341 652; x_wconf 61' lang='lat' dir='ltr'>pis,</span> <span class='ocrx_word' id='word_1_411' title='bbox 1376 590 1504 633; x_wconf 81' lang='lat' dir='ltr'>vitam</span> <span class='ocrx_word' id='word_1_412' title='bbox 1537 593 1669 635; x_wconf 83' lang='lat' dir='ltr'>amisit</span> <span class='ocrx_word' id='word_1_413' title='bbox 1697 625 1706 636; x_wconf 87' lang='lat'>.</span> <span class='ocrx_word' id='word_1_414' title='bbox 1739 594 1821 644; x_wconf 87' lang='lat' dir='ltr'>(e)</span> <span class='ocrx_word' id='word_1_415' title='bbox 1856 595 2051 637; x_wconf 82' lang='lat' dir='ltr'>Paternus</span> <span class='ocrx_word' id='word_1_416' title='bbox 2084 608 2225 638; x_wconf 86' lang='lat' dir='ltr'>autem</span> <span class='ocrx_word' id='word_1_417' title='bbox 2257 626 2269 646; x_wconf 76' lang='grc'><em>,</em></span> 
     </span>
     <span class='ocr_line' id='line_1_63' title="bbox 1246 649 2267 707; baseline 0.005 -17"><span class='ocrx_word' id='word_1_418' title='bbox 1246 662 1314 702; x_wconf 79' lang='lat' dir='ltr'>qui</span> <span class='ocrx_word' id='word_1_419' title='bbox 1360 649 1646 693; x_wconf 87' lang='lat' dir='ltr'>Tarruntenus</span> <span class='ocrx_word' id='word_1_420' title='bbox 1679 663 1764 693; x_wconf 86' lang='lat' dir='ltr'>erat</span> <span class='ocrx_word' id='word_1_421' title='bbox 1798 654 2048 707; x_wconf 83' lang='lat' dir='ltr'>cognomine</span> <span class='ocrx_word' id='word_1_422' title='bbox 2086 685 2098 706; x_wconf 92' lang='lat'>,</span> <span class='ocrx_word' id='word_1_423' title='bbox 2143 653 2267 695; x_wconf 88' lang='lat' dir='ltr'>libros</span> 
     </span>
     <span class='ocr_line' id='line_1_64' title="bbox 1250 704 2267 764; baseline 0.005 -17"><span class='ocrx_word' id='word_1_424' title='bbox 1250 704 1413 761; x_wconf 84' lang='lat' dir='ltr'>reliquit</span> <span class='ocrx_word' id='word_1_425' title='bbox 1455 707 1703 750; x_wconf 84' lang='lat' dir='ltr'>militarium</span> <span class='ocrx_word' id='word_1_426' title='bbox 1738 721 1949 763; x_wconf 82' lang='lat' dir='ltr'>quatuor:</span> <span class='ocrx_word' id='word_1_427' title='bbox 2001 725 2178 764; x_wconf 88' lang='lat' dir='ltr'>quorum</span> <span class='ocrx_word' id='word_1_428' title='bbox 2223 710 2267 754; x_wconf 91' lang='lat' dir='ltr'>in</span> 
     </span>
     <span class='ocr_line' id='line_1_65' title="bbox 1247 763 2159 822; baseline 0.004 -17"><span class='ocrx_word' id='word_1_429' title='bbox 1247 763 1405 820; x_wconf 81' lang='lat' dir='ltr'>digestis</span> <span class='ocrx_word' id='word_1_430' title='bbox 1436 764 1593 822; x_wconf 86' lang='lat' dir='ltr'>aliquot</span> <span class='ocrx_word' id='word_1_431' title='bbox 1621 778 1894 809; x_wconf 87' lang='lat' dir='ltr'>monumenta</span> <span class='ocrx_word' id='word_1_432' title='bbox 1928 766 2159 822; x_wconf 84' lang='lat' dir='ltr'>supersunt.</span> 
     </span>
    </p>
   </div>
   <div class='ocr_carea' id='block_1_11' title="bbox 1334 880 2171 926">
    <p class='ocr_par' dir='ltr' id='par_1_16' title="bbox 1334 880 2171 926">
     <span class='ocr_line' id='line_1_66' title="bbox 1334 880 2171 926; baseline 0 -2"><span class='ocrx_word' id='word_1_433' title='bbox 1334 880 1374 924; x_wconf 93' lang='lat' dir='ltr'>C</span> <span class='ocrx_word' id='word_1_434' title='bbox 1435 881 1475 924; x_wconf 94' lang='lat' dir='ltr'>A</span> <span class='ocrx_word' id='word_1_435' title='bbox 1538 881 1568 924; x_wconf 90' lang='lat' dir='ltr'>P</span> <span class='ocrx_word' id='word_1_436' title='bbox 1628 883 1672 924; x_wconf 89' lang='lat' dir='ltr'>U</span> <span class='ocrx_word' id='word_1_437' title='bbox 1735 883 1778 924; x_wconf 91' lang='lat' dir='ltr'><strong>T</strong></span> <span class='ocrx_word' id='word_1_438' title='bbox 1898 883 2171 926; x_wconf 90' lang='lat' dir='ltr'>LXXXVII.</span> 
     </span>
    </p>
   </div>
   <div class='ocr_carea' id='block_1_12' title="bbox 1500 998 2028 1042">
    <p class='ocr_par' dir='ltr' id='par_1_17' title="bbox 1500 998 2028 1042">
     <span class='ocr_line' id='line_1_67' title="bbox 1500 998 2028 1042; baseline -0.004 0"><span class='ocrx_word' id='word_1_439' title='bbox 1500 998 1566 1042; x_wconf 78' lang='lat' dir='ltr'>De</span> <span class='ocrx_word' id='word_1_440' title='bbox 1598 998 1780 1042; x_wconf 80' lang='lat' dir='ltr'>Domitio</span> <span class='ocrx_word' id='word_1_441' title='bbox 1821 999 1998 1041; x_wconf 83' lang='lat' dir='ltr'>Labeone</span> <span class='ocrx_word' id='word_1_442' title='bbox 2019 1030 2028 1040; x_wconf 89' lang='lat'>.</span> 
     </span>
    </p>
   </div>
   <div class='ocr_carea' id='block_1_13' title="bbox 1249 1110 2276 1341">
    <p class='ocr_par' dir='ltr' id='par_1_18' title="bbox 1346 1110 2265 1167">
     <span class='ocr_line' id='line_1_68' title="bbox 1346 1110 2265 1167; baseline 0.002 -13"><span class='ocrx_word' id='word_1_443' title='bbox 1346 1110 1489 1154; x_wconf 89' lang='lat' dir='ltr'>Loruit</span> <span class='ocrx_word' id='word_1_444' title='bbox 1522 1110 1589 1154; x_wconf 89' lang='lat' dir='ltr'>sub</span> <span class='ocrx_word' id='word_1_445' title='bbox 1627 1111 1806 1155; x_wconf 82' lang='lat' dir='ltr'>Adriano</span> <span class='ocrx_word' id='word_1_446' title='bbox 1838 1112 2054 1155; x_wconf 67' lang='lat' dir='ltr'>DJmitius</span> <span class='ocrx_word' id='word_1_447' title='bbox 2087 1112 2221 1156; x_wconf 81' lang='lat' dir='ltr'>Labeo</span> <span class='ocrx_word' id='word_1_448' title='bbox 2251 1145 2265 1167; x_wconf 91' lang='lat'>‚</span> 
     </span>
    </p>

    <p class='ocr_par' dir='ltr' id='par_1_19' title="bbox 1249 1168 2276 1341">
     <span class='ocr_line' id='line_1_69' title="bbox 1363 1168 2273 1224; baseline 0.002 -13"><span class='ocrx_word' id='word_1_449' title='bbox 1363 1169 1433 1224; x_wconf 85' lang='lat' dir='ltr'>qui</span> <span class='ocrx_word' id='word_1_450' title='bbox 1466 1169 1635 1212; x_wconf 83' lang='lat' dir='ltr'>dubium</span> <span class='ocrx_word' id='word_1_451' title='bbox 1669 1170 1834 1213; x_wconf 75' lang='lat' dir='ltr'>eruditis</span> <span class='ocrx_word' id='word_1_452' title='bbox 1868 1168 2008 1221; x_wconf 83' lang='lat' dir='ltr'>injecit</span> <span class='ocrx_word' id='word_1_453' title='bbox 2041 1202 2053 1220; x_wconf 83' lang='grc'><em>,</em></span> <span class='ocrx_word' id='word_1_454' title='bbox 2090 1169 2144 1213; x_wconf 89' lang='lat' dir='ltr'>sui</span> <span class='ocrx_word' id='word_1_455' title='bbox 2178 1186 2228 1213; x_wconf 88' lang='lat' dir='ltr'>ne</span> <span class='ocrx_word' id='word_1_456' title='bbox 2259 1201 2273 1224; x_wconf 89' lang='lat'><strong>‚</strong></span> 
     </span>
     <span class='ocr_line' id='line_1_70' title="bbox 1249 1225 2276 1281; baseline 0.002 -12"><span class='ocrx_word' id='word_1_457' title='bbox 1249 1225 1326 1280; x_wconf 88' lang='lat' dir='ltr'>(f)</span> <span class='ocrx_word' id='word_1_458' title='bbox 1358 1243 1410 1269; x_wconf 86' lang='lat' dir='ltr'>an</span> <span class='ocrx_word' id='word_1_459' title='bbox 1445 1226 1660 1281; x_wconf 79' lang='lat' dir='ltr'>superioris</span> <span class='ocrx_word' id='word_1_460' title='bbox 1696 1227 1894 1270; x_wconf 82' lang='lat' dir='ltr'>Labeonis</span> <span class='ocrx_word' id='word_1_461' title='bbox 1927 1228 2073 1280; x_wconf 75' lang='lat'>(****)</span> <span class='ocrx_word' id='word_1_462' title='bbox 2107 1227 2201 1272; x_wconf 85' lang='lat' dir='ltr'>libri</span> <span class='ocrx_word' id='word_1_463' title='bbox 2223 1227 2276 1271; x_wconf 80' lang='lat' dir='ltr'>si·</span> 
     </span>
     <span class='ocr_line' id='line_1_71' title="bbox 1251 1284 1807 1341; baseline 0.002 -15"><span class='ocrx_word' id='word_1_464' title='bbox 1251 1285 1502 1341; x_wconf 78' lang='lat' dir='ltr'>gnificentur</span> <span class='ocrx_word' id='word_1_465' title='bbox 1532 1284 1576 1327; x_wconf 89' lang='lat' dir='ltr'>in</span> <span class='ocrx_word' id='word_1_466' title='bbox 1605 1285 1807 1341; x_wconf 78' lang='lat' dir='ltr'>Digestis.</span> 
     </span>
    </p>
   </div>
   <div class='ocr_carea' id='block_1_14' title="bbox 1351 1399 2185 1445">
    <p class='ocr_par' dir='ltr' id='par_1_20' title="bbox 1351 1399 2185 1445">
     <span class='ocr_line' id='line_1_72' title="bbox 1351 1399 2185 1445; baseline 0.001 -3"><span class='ocrx_word' id='word_1_467' title='bbox 1351 1399 1392 1442; x_wconf 91' lang='lat' dir='ltr'>C</span> <span class='ocrx_word' id='word_1_468' title='bbox 1452 1400 1492 1442; x_wconf 91' lang='lat' dir='ltr'>A</span> <span class='ocrx_word' id='word_1_469' title='bbox 1555 1400 1585 1442; x_wconf 90' lang='lat' dir='ltr'>P</span> <span class='ocrx_word' id='word_1_470' title='bbox 1645 1400 1689 1441; x_wconf 96' lang='lat' dir='ltr'>U</span> <span class='ocrx_word' id='word_1_471' title='bbox 1751 1401 1795 1442; x_wconf 93' lang='lat' dir='ltr'><strong>T</strong></span> <span class='ocrx_word' id='word_1_472' title='bbox 1887 1401 2185 1445; x_wconf 88' lang='lat' dir='ltr'>LXXXVIII.</span> 
     </span>
    </p>
   </div>
   <div class='ocr_carea' id='block_1_15' title="bbox 1570 1513 1961 1571">
    <p class='ocr_par' dir='ltr' id='par_1_21' title="bbox 1570 1513 1961 1571">
     <span class='ocr_line' id='line_1_73' title="bbox 1570 1513 1961 1571; baseline 0 -13"><span class='ocrx_word' id='word_1_473' title='bbox 1570 1516 1637 1559; x_wconf 86' lang='lat' dir='ltr'>De</span> <span class='ocrx_word' id='word_1_474' title='bbox 1667 1518 1722 1558; x_wconf 88' lang='lat' dir='ltr'>T.</span> <span class='ocrx_word' id='word_1_475' title='bbox 1753 1513 1961 1571; x_wconf 81' lang='lat' dir='ltr'>Aristone.</span> 
     </span>
    </p>
   </div>
   <div class='ocr_carea' id='block_1_16' title="bbox 1253 1629 2280 2090">
    <p class='ocr_par' dir='ltr' id='par_1_22' title="bbox 1253 1629 2280 2090">
     <span class='ocr_line' id='line_1_74' title="bbox 1259 1629 2273 1732; baseline 0.005 -61"><span class='ocrx_word' id='word_1_476' title='bbox 1259 1630 1367 1732; x_wconf 79' lang='lat' dir='ltr'>T</span> <span class='ocrx_word' id='word_1_477' title='bbox 1392 1630 1477 1672; x_wconf 88' lang='lat' dir='ltr'>Itus</span> <span class='ocrx_word' id='word_1_478' title='bbox 1511 1629 1647 1673; x_wconf 86' lang='lat' dir='ltr'>Aristo</span> <span class='ocrx_word' id='word_1_479' title='bbox 1680 1645 1764 1674; x_wconf 90' lang='lat' dir='ltr'>non</span> <span class='ocrx_word' id='word_1_480' title='bbox 1799 1631 1922 1674; x_wconf 85' lang='lat' dir='ltr'>modo</span> <span class='ocrx_word' id='word_1_481' title='bbox 1953 1630 2046 1674; x_wconf 86' lang='lat' dir='ltr'>fons</span> <span class='ocrx_word' id='word_1_482' title='bbox 2080 1630 2230 1686; x_wconf 86' lang='lat' dir='ltr'>publici</span> <span class='ocrx_word' id='word_1_483' title='bbox 2260 1665 2273 1688; x_wconf 92' lang='lat'>,</span> 
     </span>
     <span class='ocr_line' id='line_1_75' title="bbox 1403 1687 2279 1744; baseline 0.007 -16"><span class='ocrx_word' id='word_1_484' title='bbox 1403 1687 1633 1744; x_wconf 88' lang='lat' dir='ltr'>privatique</span> <span class='ocrx_word' id='word_1_485' title='bbox 1664 1687 1762 1739; x_wconf 83' lang='lat' dir='ltr'>juris</span> <span class='ocrx_word' id='word_1_486' title='bbox 1793 1721 1806 1742; x_wconf 90' lang='lat'>,</span> <span class='ocrx_word' id='word_1_487' title='bbox 1849 1704 1991 1733; x_wconf 85' lang='lat' dir='ltr'>verum</span> <span class='ocrx_word' id='word_1_488' title='bbox 2026 1689 2150 1733; x_wconf 86' lang='lat' dir='ltr'>etiam</span> <span class='ocrx_word' id='word_1_489' title='bbox 2184 1706 2279 1734; x_wconf 87' lang='lat' dir='ltr'>om-</span> 
     </span>
     <span class='ocr_line' id='line_1_76' title="bbox 1256 1745 2277 1798; baseline 0.004 -10"><span class='ocrx_word' id='word_1_490' title='bbox 1256 1745 1372 1788; x_wconf 85' lang='lat' dir='ltr'>nium</span> <span class='ocrx_word' id='word_1_491' title='bbox 1404 1745 1632 1788; x_wconf 54' lang='lat' dir='ltr'>dofftrinam</span> <span class='ocrx_word' id='word_1_492' title='bbox 1667 1777 1679 1798; x_wconf 81' lang='lat'>,</span> <span class='ocrx_word' id='word_1_493' title='bbox 1727 1746 1771 1792; x_wconf 64' lang='grc' dir='ltr'>ὃς</span> <span class='ocrx_word' id='word_1_494' title='bbox 1802 1746 1941 1789; x_wconf 87' lang='lat' dir='ltr'>omnis</span> <span class='ocrx_word' id='word_1_495' title='bbox 1974 1746 2221 1790; x_wconf 84' lang='lat' dir='ltr'>eruditionis</span> <span class='ocrx_word' id='word_1_496' title='bbox 2253 1764 2277 1792; x_wconf 86' lang='lat' dir='ltr'>a</span> 
     </span>
     <span class='ocr_line' id='line_1_77' title="bbox 1253 1803 2274 1860; baseline 0.005 -16"><span class='ocrx_word' id='word_1_497' title='bbox 1253 1807 1336 1860; x_wconf 69' lang='lat' dir='ltr'>(g)</span> <span class='ocrx_word' id='word_1_498' title='bbox 1375 1803 1508 1848; x_wconf 78' lang='lat' dir='ltr'>Plinio</span> <span class='ocrx_word' id='word_1_499' title='bbox 1541 1803 1653 1847; x_wconf 81' lang='lat' dir='ltr'>fuisse</span> <span class='ocrx_word' id='word_1_500' title='bbox 1686 1803 1859 1848; x_wconf 86' lang='lat' dir='ltr'>traditur</span> <span class='ocrx_word' id='word_1_501' title='bbox 1892 1820 1901 1845; x_wconf 91' lang='lat'>:</span> <span class='ocrx_word' id='word_1_502' title='bbox 1947 1817 2274 1860; x_wconf 46' lang='lat' dir='ltr'>canceptamque</span> 
     </span>
     <span class='ocr_line' id='line_1_78' title="bbox 1255 1860 2280 1916; baseline 0 -11"><span class='ocrx_word' id='word_1_503' title='bbox 1255 1877 1396 1905; x_wconf 77' lang='lat' dir='ltr'>ammo</span> <span class='ocrx_word' id='word_1_504' title='bbox 1430 1860 1672 1916; x_wconf 82' lang='lat' dir='ltr'>lapientiam</span> <span class='ocrx_word' id='word_1_505' title='bbox 1703 1860 1970 1904; x_wconf 82' lang='lat' dir='ltr'>laudabilibus</span> <span class='ocrx_word' id='word_1_506' title='bbox 2004 1861 2119 1904; x_wconf 56' lang='lat' dir='ltr'>fanis</span> <span class='ocrx_word' id='word_1_507' title='bbox 2143 1862 2280 1916; x_wconf 81' lang='lat' dir='ltr'>expli-</span> 
     </span>
     <span class='ocr_line' id='line_1_79' title="bbox 1255 1918 2277 1974; baseline 0 -11"><span class='ocrx_word' id='word_1_508' title='bbox 1255 1920 1390 1974; x_wconf 78' lang='lat' dir='ltr'>casse3</span> <span class='ocrx_word' id='word_1_509' title='bbox 1424 1931 1468 1962; x_wconf 91' lang='lat' dir='ltr'>ut</span> <span class='ocrx_word' id='word_1_510' title='bbox 1502 1919 1607 1961; x_wconf 72' lang='lat' dir='ltr'>nihil</span> <span class='ocrx_word' id='word_1_511' title='bbox 1641 1931 1710 1962; x_wconf 86' lang='lat' dir='ltr'>aut</span> <span class='ocrx_word' id='word_1_512' title='bbox 1744 1934 1816 1961; x_wconf 91' lang='lat' dir='ltr'>nos</span> <span class='ocrx_word' id='word_1_513' title='bbox 1850 1919 1897 1961; x_wconf 88' lang='lat' dir='ltr'>ad</span> <span class='ocrx_word' id='word_1_514' title='bbox 1935 1918 2059 1962; x_wconf 87' lang='lat' dir='ltr'>Plinii</span> <span class='ocrx_word' id='word_1_515' title='bbox 2095 1919 2277 1963; x_wconf 80' lang='lat' dir='ltr'>testimo-</span> 
     </span>
     <span class='ocr_line' id='line_1_80' title="bbox 1256 1975 2280 2030; baseline 0 -9"><span class='ocrx_word' id='word_1_516' title='bbox 1256 1979 1372 2021; x_wconf 89' lang='lat' dir='ltr'>nium</span> <span class='ocrx_word' id='word_1_517' title='bbox 1401 2009 1412 2029; x_wconf 90' lang='lat'>,</span> <span class='ocrx_word' id='word_1_518' title='bbox 1459 1988 1529 2018; x_wconf 89' lang='lat' dir='ltr'>aut</span> <span class='ocrx_word' id='word_1_519' title='bbox 1555 1977 1708 2019; x_wconf 82' lang='lat' dir='ltr'>Plinius</span> <span class='ocrx_word' id='word_1_520' title='bbox 1734 1975 1812 2030; x_wconf 83' lang='lat' dir='ltr'>ipse</span> <span class='ocrx_word' id='word_1_521' title='bbox 1838 1976 1886 2019; x_wconf 87' lang='lat' dir='ltr'>ad</span> <span class='ocrx_word' id='word_1_522' title='bbox 1917 1976 2115 2028; x_wconf 85' lang='lat' dir='ltr'>majorem</span> <span class='ocrx_word' id='word_1_523' title='bbox 2143 1976 2280 2021; x_wconf 87' lang='lat' dir='ltr'>homi-</span> 
     </span>
     <span class='ocr_line' id='line_1_81' title="bbox 1256 2033 1941 2090; baseline -0.004 -11"><span class='ocrx_word' id='word_1_524' title='bbox 1256 2035 1318 2079; x_wconf 85' lang='lat' dir='ltr'>nis</span> <span class='ocrx_word' id='word_1_525' title='bbox 1350 2034 1513 2078; x_wconf 86' lang='lat' dir='ltr'>laudern</span> <span class='ocrx_word' id='word_1_526' title='bbox 1546 2035 1661 2090; x_wconf 75' lang='lat' dir='ltr'>possit</span> <span class='ocrx_word' id='word_1_527' title='bbox 1692 2033 1941 2090; x_wconf 84' lang='lat' dir='ltr'>adjungere.</span> 
     </span>
    </p>
   </div>
   <div class='ocr_carea' id='block_1_17' title="bbox 1375 2150 1905 2282">
    <p class='ocr_par' dir='ltr' id='par_1_23' title="bbox 1375 2150 1905 2282">
     <span class='ocr_line' id='line_1_82' title="bbox 1375 2150 1821 2193; baseline -0.002 0"><span class='ocrx_word' id='word_1_528' title='bbox 1375 2151 1416 2193; x_wconf 89' lang='lat' dir='ltr'>C</span> <span class='ocrx_word' id='word_1_529' title='bbox 1478 2150 1519 2193; x_wconf 95' lang='lat' dir='ltr'>A</span> <span class='ocrx_word' id='word_1_530' title='bbox 1582 2150 1612 2193; x_wconf 86' lang='lat' dir='ltr'>P</span> <span class='ocrx_word' id='word_1_531' title='bbox 1672 2150 1716 2192; x_wconf 92' lang='lat' dir='ltr'>U</span> <span class='ocrx_word' id='word_1_532' title='bbox 1778 2151 1821 2192; x_wconf 92' lang='lat' dir='ltr'><strong>T</strong></span> 
     </span>
     <span class='ocr_line' id='line_1_83' title="bbox 1624 2237 1905 2282; baseline -0.014 0"><span class='ocrx_word' id='word_1_533' title='bbox 1624 2239 1691 2282; x_wconf 79' lang='lat' dir='ltr'>De</span> <span class='ocrx_word' id='word_1_534' title='bbox 1721 2237 1905 2280; x_wconf 76' lang='lat' dir='ltr'>Arium.</span> 
     </span>
    </p>
   </div>
   <div class='ocr_carea' id='block_1_18' title="bbox 1258 2321 2278 2599">
    <p class='ocr_par' dir='ltr' id='par_1_24' title="bbox 1373 2321 2278 2375">
     <span class='ocr_line' id='line_1_84' title="bbox 1373 2321 2278 2375; baseline -0.001 -8"><span class='ocrx_word' id='word_1_535' title='bbox 1373 2323 1532 2367; x_wconf 85' lang='lat' dir='ltr'>Rianus</span> <span class='ocrx_word' id='word_1_536' title='bbox 1564 2322 1685 2366; x_wconf 91' lang='lat' dir='ltr'>initio</span> <span class='ocrx_word' id='word_1_537' title='bbox 1717 2324 1887 2365; x_wconf 87' lang='lat' dir='ltr'>Senator</span> <span class='ocrx_word' id='word_1_538' title='bbox 1921 2353 1932 2375; x_wconf 85' lang='lat'>,</span> <span class='ocrx_word' id='word_1_539' title='bbox 1975 2321 2117 2365; x_wconf 91' lang='lat' dir='ltr'>deinde</span> <span class='ocrx_word' id='word_1_540' title='bbox 2158 2321 2278 2368; x_wconf 83' lang='lat' dir='ltr'>seces-</span> 
     </span>
    </p>

    <p class='ocr_par' dir='ltr' id='par_1_25' title="bbox 1258 2380 2275 2599">
     <span class='ocr_line' id='line_1_85' title="bbox 1391 2380 2272 2434; baseline 0 -9"><span class='ocrx_word' id='word_1_541' title='bbox 1391 2381 1495 2425; x_wconf 79' lang='lat' dir='ltr'>sitin</span> <span class='ocrx_word' id='word_1_542' title='bbox 1517 2380 1652 2423; x_wconf 85' lang='lat' dir='ltr'>otium</span> <span class='ocrx_word' id='word_1_543' title='bbox 1674 2380 1930 2432; x_wconf 76' lang='lat' dir='ltr'>literarium3</span> <span class='ocrx_word' id='word_1_544' title='bbox 1953 2394 2075 2434; x_wconf 81' lang='lat' dir='ltr'>atque</span> <span class='ocrx_word' id='word_1_545' title='bbox 2092 2380 2139 2422; x_wconf 90' lang='lat' dir='ltr'>ad</span> <span class='ocrx_word' id='word_1_546' title='bbox 2162 2380 2272 2426; x_wconf 90' lang='lat' dir='ltr'>hunc</span> 
     </span>
     <span class='ocr_line' id='line_1_86' title="bbox 1258 2436 2275 2492; baseline 0 -10"><span class='ocrx_word' id='word_1_547' title='bbox 1258 2439 1379 2483; x_wconf 70' lang='lat' dir='ltr'>missae</span> <span class='ocrx_word' id='word_1_548' title='bbox 1407 2440 1627 2482; x_wconf 86' lang='lat' dir='ltr'>creduntur</span> <span class='ocrx_word' id='word_1_549' title='bbox 1652 2436 1828 2492; x_wconf 75' lang='lat' dir='ltr'>epistolae</span> <span class='ocrx_word' id='word_1_550' title='bbox 1853 2453 1874 2479; x_wconf 89' lang='lat' dir='ltr'>a</span> <span class='ocrx_word' id='word_1_551' title='bbox 1904 2437 2040 2480; x_wconf 86' lang='lat' dir='ltr'>Plinio</span> <span class='ocrx_word' id='word_1_552' title='bbox 2072 2438 2119 2480; x_wconf 87' lang='lat' dir='ltr'>ad</span> <span class='ocrx_word' id='word_1_553' title='bbox 2155 2439 2275 2482; x_wconf 88' lang='lat' dir='ltr'>Aria-</span> 
     </span>
     <span class='ocr_line' id='line_1_87' title="bbox 1260 2494 2275 2550; baseline -0.002 -9"><span class='ocrx_word' id='word_1_554' title='bbox 1260 2514 1358 2541; x_wconf 89' lang='lat' dir='ltr'>num</span> <span class='ocrx_word' id='word_1_555' title='bbox 1385 2497 1540 2550; x_wconf 83' lang='lat' dir='ltr'>scriptae</span> <span class='ocrx_word' id='word_1_556' title='bbox 1562 2527 1570 2537; x_wconf 93' lang='lat'>.</span> <span class='ocrx_word' id='word_1_557' title='bbox 1604 2494 1775 2539; x_wconf 86' lang='lat' dir='ltr'>Librum</span> <span class='ocrx_word' id='word_1_558' title='bbox 1801 2494 1930 2539; x_wconf 90' lang='lat' dir='ltr'>edidit</span> <span class='ocrx_word' id='word_1_559' title='bbox 1961 2495 2006 2539; x_wconf 91' lang='lat' dir='ltr'>de</span> <span class='ocrx_word' id='word_1_560' title='bbox 2031 2495 2275 2549; x_wconf 67' lang='lat' dir='ltr'>interdiffis,</span> 
     </span>
     <span class='ocr_line' id='line_1_88' title="bbox 1258 2553 1666 2599; baseline -0.007 0"><span class='ocrx_word' id='word_1_561' title='bbox 1258 2557 1299 2599; x_wconf 84' lang='lat'>&amp;</span> <span class='ocrx_word' id='word_1_562' title='bbox 1327 2556 1373 2599; x_wconf 90' lang='lat' dir='ltr'>de</span> <span class='ocrx_word' id='word_1_563' title='bbox 1401 2570 1441 2599; x_wconf 88' lang='lat' dir='ltr'>re</span> <span class='ocrx_word' id='word_1_564' title='bbox 1470 2553 1666 2598; x_wconf 85' lang='lat' dir='ltr'>militari.</span> 
     </span>
    </p>
   </div>
   <div class='ocr_carea' id='block_1_19' title="bbox 1913 2151 2163 2194">
    <p class='ocr_par' dir='ltr' id='par_1_26' title="bbox 1913 2151 2163 2194">
     <span class='ocr_line' id='line_1_89' title="bbox 1913 2151 2163 2194; baseline -0.004 -1"><span class='ocrx_word' id='word_1_565' title='bbox 1913 2151 2163 2194; x_wconf 91' lang='lat' dir='ltr'>LXXXIX.</span> 
     </span>
    </p>
   </div>
   <div class='ocr_carea' id='block_1_20' title="bbox 2159 2612 2279 2655">
    <p class='ocr_par' dir='ltr' id='par_1_27' title="bbox 2159 2612 2279 2655">
     <span class='ocr_line' id='line_1_90' title="bbox 2159 2612 2279 2655; baseline 0 0"><span class='ocrx_word' id='word_1_566' title='bbox 2159 2612 2279 2655; x_wconf 88' lang='lat' dir='ltr'>CA-</span> 
     </span>
    </p>
   </div>
   <div class='ocr_carea' id='block_1_21' title="bbox 1951 2688 2272 2699">
    <p class='ocr_par' dir='ltr' id='par_1_28' title="bbox 1951 2688 2272 2699">
     <span class='ocr_line' id='line_1_91' title="bbox 1951 2688 2272 2699; baseline -0.006 0"><span class='ocrx_word' id='word_1_567' title='bbox 1951 2688 2272 2699; x_wconf 45' lang='grc' dir='ltr'>β*-</span> 
     </span>
    </p>
   </div>
   <div class='ocr_carea' id='block_1_22' title="bbox 1259 2692 1365 2700">
    <p class='ocr_par' dir='ltr' id='par_1_29' title="bbox 1259 2692 1365 2700">
     <span class='ocr_line' id='line_1_92' title="bbox 1259 2692 1365 2700; baseline 0 0"><span class='ocrx_word' id='word_1_568' title='bbox 1259 2692 1365 2700; x_wconf 95' lang='lat' dir='ltr'> </span> 
     </span>
    </p>
   </div>
   <div class='ocr_carea' id='block_1_23' title="bbox 1475 2691 1630 2699">
    <p class='ocr_par' dir='ltr' id='par_1_30' title="bbox 1475 2691 1630 2699">
     <span class='ocr_line' id='line_1_93' title="bbox 1475 2691 1630 2699; baseline 0 0"><span class='ocrx_word' id='word_1_569' title='bbox 1475 2691 1630 2699; x_wconf 95' lang='lat' dir='ltr'> </span> 
     </span>
    </p>
   </div>
   <div class='ocr_carea' id='block_1_24' title="bbox 1367 2692 1470 2700">
    <p class='ocr_par' dir='ltr' id='par_1_31' title="bbox 1367 2692 1470 2700">
     <span class='ocr_line' id='line_1_94' title="bbox 1367 2692 1470 2700; baseline 0 779"><span class='ocrx_word' id='word_1_570' title='bbox 1367 2692 1470 2700; x_wconf 95' lang='lat' dir='ltr'> </span> 
     </span>
    </p>
   </div>
   <div class='ocr_carea' id='block_1_25' title="bbox 1254 2726 2276 3175">
    <p class='ocr_par' dir='ltr' id='par_1_32' title="bbox 1254 2726 1575 2767">
     <span class='ocr_line' id='line_1_95' title="bbox 1254 2726 1575 2767; baseline -0.009 -10"><span class='ocrx_word' id='word_1_571' title='bbox 1254 2726 1376 2757; x_wconf 80' lang='lat' dir='ltr'>salvio</span> <span class='ocrx_word' id='word_1_572' title='bbox 1407 2726 1552 2767; x_wconf 73' lang='lat' dir='ltr'>saliano</span> <span class='ocrx_word' id='word_1_573' title='bbox 1567 2747 1575 2754; x_wconf 95' lang='lat'>.</span> 
     </span>
    </p>

    <p class='ocr_par' dir='ltr' id='par_1_33' title="bbox 1301 2767 2272 2811">
     <span class='ocr_line' id='line_1_96' title="bbox 1301 2767 2272 2811; baseline -0.002 -10"><span class='ocrx_word' id='word_1_574' title='bbox 1301 2771 1371 2811; x_wconf 86' lang='lat' dir='ltr'>[e]</span> <span class='ocrx_word' id='word_1_575' title='bbox 1423 2768 1582 2807; x_wconf 70' lang='lat' dir='ltr'>Lamprid</span> <span class='ocrx_word' id='word_1_576' title='bbox 1614 2770 1649 2801; x_wconf 73' lang='lat' dir='ltr'>in</span> <span class='ocrx_word' id='word_1_577' title='bbox 1666 2769 1843 2801; x_wconf 69' lang='lat' dir='ltr'>Commodo.</span> <span class='ocrx_word' id='word_1_578' title='bbox 1865 2767 2090 2807; x_wconf 78' lang='lat' dir='ltr'>Dion-l.72.in</span> <span class='ocrx_word' id='word_1_579' title='bbox 2110 2767 2272 2801; x_wconf 79' lang='lat' dir='ltr'>Commod.</span> 
     </span>
    </p>

    <p class='ocr_par' dir='ltr' id='par_1_34' title="bbox 1302 2811 1981 2856">
     <span class='ocr_line' id='line_1_97' title="bbox 1302 2811 1981 2856; baseline -0.01 -8"><span class='ocrx_word' id='word_1_580' title='bbox 1302 2816 1373 2856; x_wconf 81' lang='lat' dir='ltr'>[f]</span> <span class='ocrx_word' id='word_1_581' title='bbox 1426 2818 1462 2847; x_wconf 85' lang='lat' dir='ltr'>L.</span> <span class='ocrx_word' id='word_1_582' title='bbox 1483 2826 1536 2854; x_wconf 86' lang='lat'>27.</span> <span class='ocrx_word' id='word_1_583' title='bbox 1567 2812 1602 2854; x_wconf 68' lang='grc' dir='ltr'>ᾔῖ</span> <span class='ocrx_word' id='word_1_584' title='bbox 1635 2817 1691 2856; x_wconf 85' lang='lat' dir='ltr'>qui</span> <span class='ocrx_word' id='word_1_585' title='bbox 1724 2812 1790 2852; x_wconf 74' lang='lat' dir='ltr'>test.</span> <span class='ocrx_word' id='word_1_586' title='bbox 1818 2811 1981 2853; x_wconf 79' lang='lat' dir='ltr'>fac-poſs.</span> 
     </span>
    </p>

    <p class='ocr_par' dir='ltr' id='par_1_35' title="bbox 1256 2855 2276 3175">
     <span class='ocr_line' id='line_1_98' title="bbox 1302 2855 2276 2902; baseline -0.005 -9"><span class='ocrx_word' id='word_1_587' title='bbox 1302 2860 1428 2902; x_wconf 73' lang='lat'>[⁴‘⁴‘⁴‘&#39;‘]</span> <span class='ocrx_word' id='word_1_588' title='bbox 1458 2863 1532 2892; x_wconf 87' lang='lat' dir='ltr'>Imo</span> <span class='ocrx_word' id='word_1_589' title='bbox 1555 2859 1587 2890; x_wconf 81' lang='lat' dir='ltr'>id</span> <span class='ocrx_word' id='word_1_590' title='bbox 1616 2858 1779 2894; x_wconf 67' lang='lat' dir='ltr'>temporis</span> <span class='ocrx_word' id='word_1_591' title='bbox 1802 2858 1890 2888; x_wconf 82' lang='lat' dir='ltr'>ratio</span> <span class='ocrx_word' id='word_1_592' title='bbox 1921 2855 2113 2888; x_wconf 74' lang='lat' dir='ltr'>nullatenus</span> <span class='ocrx_word' id='word_1_593' title='bbox 2139 2856 2276 2898; x_wconf 75' lang='lat' dir='ltr'>patitur.</span> 
     </span>
     <span class='ocr_line' id='line_1_99' title="bbox 1257 2899 2274 2943; baseline -0.006 -4"><span class='ocrx_word' id='word_1_594' title='bbox 1257 2910 1300 2940; x_wconf 87' lang='lat' dir='ltr'>Et</span> <span class='ocrx_word' id='word_1_595' title='bbox 1325 2906 1454 2938; x_wconf 84' lang='lat' dir='ltr'>videtui·</span> <span class='ocrx_word' id='word_1_596' title='bbox 1479 2903 1648 2936; x_wconf 85' lang='lat' dir='ltr'>Domitius</span> <span class='ocrx_word' id='word_1_597' title='bbox 1674 2902 1812 2935; x_wconf 89' lang='lat' dir='ltr'>omnino</span> <span class='ocrx_word' id='word_1_598' title='bbox 1826 2899 1996 2934; x_wconf 81' lang='lat' dir='ltr'>consultor</span> <span class='ocrx_word' id='word_1_599' title='bbox 2015 2902 2145 2941; x_wconf 82' lang='lat' dir='ltr'>potius.</span> <span class='ocrx_word' id='word_1_600' title='bbox 2174 2912 2274 2943; x_wconf 82' lang='lat' dir='ltr'>quam</span> 
     </span>
     <span class='ocr_line' id='line_1_100' title="bbox 1257 2946 2272 2995; baseline -0.009 -10"><span class='ocrx_word' id='word_1_601' title='bbox 1257 2949 1511 2995; x_wconf 81' lang='lat' dir='ltr'>Jurisconsultus</span> <span class='ocrx_word' id='word_1_602' title='bbox 1537 2947 1718 2985; x_wconf 70' lang='lat' dir='ltr'>dicendus⁷</span> <span class='ocrx_word' id='word_1_603' title='bbox 1747 2947 1768 2979; x_wconf 84' lang='lat' dir='ltr'>fi</span> <span class='ocrx_word' id='word_1_604' title='bbox 1795 2946 1868 2988; x_wconf 84' lang='lat' dir='ltr'>quis</span> <span class='ocrx_word' id='word_1_605' title='bbox 1893 2946 2041 2982; x_wconf 72' lang='lat' dir='ltr'>inspiciat</span> <span class='ocrx_word' id='word_1_606' title='bbox 2075 2949 2112 2977; x_wconf 89' lang='lat' dir='ltr'>L.</span> <span class='ocrx_word' id='word_1_607' title='bbox 2141 2958 2190 2987; x_wconf 87' lang='lat'>27.</span> <span class='ocrx_word' id='word_1_608' title='bbox 2224 2951 2272 2979; x_wconf 87' lang='grc'>1).</span> 
     </span>
     <span class='ocr_line' id='line_1_101' title="bbox 1256 2991 2275 3041; baseline -0.007 -11"><span class='ocrx_word' id='word_1_609' title='bbox 1256 2999 1311 3041; x_wconf 75' lang='lat' dir='ltr'>qm*</span> <span class='ocrx_word' id='word_1_610' title='bbox 1341 2995 1409 3038; x_wconf 70' lang='lat' dir='ltr'>test.</span> <span class='ocrx_word' id='word_1_611' title='bbox 1440 2997 1506 3038; x_wconf 75' lang='lat' dir='ltr'>fac.</span> <span class='ocrx_word' id='word_1_612' title='bbox 1549 2995 1630 3037; x_wconf 69' lang='lat' dir='ltr'>pos}-</span> <span class='ocrx_word' id='word_1_613' title='bbox 1671 2992 1852 3035; x_wconf 71' lang='lat' dir='ltr'>Respondit</span> <span class='ocrx_word' id='word_1_614' title='bbox 1889 2991 1917 3023; x_wconf 81' lang='lat' dir='ltr'>ei</span> <span class='ocrx_word' id='word_1_615' title='bbox 1942 2991 2077 3030; x_wconf 66' lang='lat' dir='ltr'>Celsus,</span> <span class='ocrx_word' id='word_1_616' title='bbox 2114 3000 2148 3024; x_wconf 83' lang='lat' dir='ltr'>ut</span> <span class='ocrx_word' id='word_1_617' title='bbox 2175 2992 2275 3025; x_wconf 80' lang='lat' dir='ltr'>habet</span> 
     </span>
     <span class='ocr_line' id='line_1_102' title="bbox 1257 3036 2275 3084; baseline -0.005 -10"><span class='ocrx_word' id='word_1_618' title='bbox 1257 3042 1391 3084; x_wconf 78' lang='lat' dir='ltr'>Gloffa,</span> <span class='ocrx_word' id='word_1_619' title='bbox 1419 3041 1528 3073; x_wconf 77' lang='lat' dir='ltr'>minus</span> <span class='ocrx_word' id='word_1_620' title='bbox 1556 3040 1753 3077; x_wconf 65' lang='lat' dir='ltr'>curiatum,</span> <span class='ocrx_word' id='word_1_621' title='bbox 1781 3037 1861 3079; x_wconf 89' lang='lat' dir='ltr'>quin</span> <span class='ocrx_word' id='word_1_622' title='bbox 1887 3044 1922 3068; x_wconf 86' lang='lat' dir='ltr'>ut</span> <span class='ocrx_word' id='word_1_623' title='bbox 1945 3036 2070 3070; x_wconf 62' lang='lat' dir='ltr'>homini</span> <span class='ocrx_word' id='word_1_624' title='bbox 2097 3036 2204 3070; x_wconf 75' lang='lat' dir='ltr'>dubiae</span> <span class='ocrx_word' id='word_1_625' title='bbox 2228 3037 2275 3069; x_wconf 82' lang='lat' dir='ltr'>sa-</span> 
     </span>
     <span class='ocr_line' id='line_1_103' title="bbox 1258 3081 2276 3126; baseline -0.007 -5"><span class='ocrx_word' id='word_1_626' title='bbox 1258 3088 1395 3121; x_wconf 84' lang='lat' dir='ltr'>nitatis.</span> <span class='ocrx_word' id='word_1_627' title='bbox 1437 3084 1518 3119; x_wconf 76' lang='lat' dir='ltr'>Inde</span> <span class='ocrx_word' id='word_1_628' title='bbox 1543 3085 1613 3123; x_wconf 81' lang='lat' dir='ltr'>est,</span> <span class='ocrx_word' id='word_1_629' title='bbox 1640 3083 1728 3126; x_wconf 87' lang='lat' dir='ltr'>quod</span> <span class='ocrx_word' id='word_1_630' title='bbox 1761 3082 1953 3126; x_wconf 68' lang='lat' dir='ltr'>quaestiones</span> <span class='ocrx_word' id='word_1_631' title='bbox 1981 3082 2101 3126; x_wconf 77' lang='lat' dir='ltr'>ineptae</span> <span class='ocrx_word' id='word_1_632' title='bbox 2141 3084 2171 3115; x_wconf 70' lang='grc' dir='ltr'>ὃ(</span> <span class='ocrx_word' id='word_1_633' title='bbox 2197 3081 2276 3115; x_wconf 83' lang='lat' dir='ltr'>ridi-</span> 
     </span>
     <span class='ocr_line' id='line_1_104' title="bbox 1257 3127 2028 3175; baseline -0.01 -7"><span class='ocrx_word' id='word_1_634' title='bbox 1257 3134 1341 3169; x_wconf 77' lang='lat' dir='ltr'>culae</span> <span class='ocrx_word' id='word_1_635' title='bbox 1359 3155 1369 3173; x_wconf 78' lang='lat'>‚</span> <span class='ocrx_word' id='word_1_636' title='bbox 1397 3131 1591 3175; x_wconf 77' lang='lat' dir='ltr'>quaestiones</span> <span class='ocrx_word' id='word_1_637' title='bbox 1615 3127 1771 3162; x_wconf 83' lang='lat' dir='ltr'>dicuntur</span> <span class='ocrx_word' id='word_1_638' title='bbox 1798 3127 2002 3162; x_wconf 80' lang='lat' dir='ltr'>Domitianae</span> <span class='ocrx_word' id='word_1_639' title='bbox 2018 3149 2028 3160; x_wconf 91' lang='lat'>.</span> 
     </span>
    </p>
   </div>
   <div class='ocr_carea' id='block_1_26' title="bbox 1304 3173 1753 3223">
    <p class='ocr_par' dir='ltr' id='par_1_36' title="bbox 1304 3173 1753 3223">
     <span class='ocr_line' id='line_1_105' title="bbox 1304 3173 1753 3223; baseline -0.031 -6"><span class='ocrx_word' id='word_1_640' title='bbox 1304 3182 1355 3223; x_wconf 80' lang='lat' dir='ltr'>[g</span> <span class='ocrx_word' id='word_1_641' title='bbox 1371 3178 1392 3219; x_wconf 83' lang='lat'>)</span> <span class='ocrx_word' id='word_1_642' title='bbox 1439 3175 1511 3212; x_wconf 69' lang='lat' dir='ltr'>Lrb·</span> <span class='ocrx_word' id='word_1_643' title='bbox 1532 3187 1560 3209; x_wconf 87' lang='grc' dir='ltr'>ι.</span> <span class='ocrx_word' id='word_1_644' title='bbox 1584 3173 1673 3218; x_wconf 75' lang='lat' dir='ltr'>epist.</span> <span class='ocrx_word' id='word_1_645' title='bbox 1700 3184 1753 3209; x_wconf 86' lang='lat'>22.</span> 
     </span>
    </p>
   </div>
   <div class='ocr_carea' id='block_1_27' title="bbox 2442 1674 2524 3479">
    <p class='ocr_par' dir='ltr' id='par_1_37' title="bbox 2442 1674 2524 3479">
     <span class='ocr_line' id='line_1_106' title="bbox 2442 1674 2524 3479; baseline 0 0"><span class='ocrx_word' id='word_1_646' title='bbox 2442 1674 2524 3479; x_wconf 95' lang='lat' dir='ltr'> </span> 
     </span>
    </p>
   </div>
  </div>
 </body>
</html>
