2596 3479
180 47 196 59 ⁶
249 79 351 133 128

308 159 447 213 Atque
479 152 512 200 is
541 154 644 213 legis
678 156 806 199 sensus
840 167 946 208 patet
966 170 1012 195 ex
1034 154 1170 196 Cassio
1195 155 1275 197 Hc·

245 215 396 267 mina,
439 213 551 267 cujus
593 215 713 258 verba
756 225 898 256 extant
948 210 1050 266 apud
1106 209 1282 254 Plinium

245 275 311 325 (a)
345 272 459 317 simul
493 288 589 317 cum
622 272 709 327 lege
741 270 822 327 ipsa
855 269 909 315 ita
943 284 1011 324 per
1032 267 1282 324 Scaligerum

247 332 426 376 restituta
453 348 463 373 t
497 332 563 384 (b)

328 408 505 463 Pisceis
543 405 662 477 quei
701 400 985 478 squamosei
1014 419 1115 453 non
1144 400 1284 468 sunt,

248 487 374 554 nei,
430 485 718 559 pollucem,
761 480 1051 553 lqiiamolos
1090 479 1286 533 omneis

182 583 195 595 ·
250 581 433 640 praeter
476 567 687 618 Scarum
733 559 1031 634 pollucem.

308 656 569 703 Parsimonia?
593 672 753 714 quoque
774 655 900 699 studio
915 687 926 708 ‚
953 654 1039 711 lege
1057 655 1119 696 sua
1141 655 1286 698 Numa

249 720 382 763 vetuit
404 719 448 760 in
471 715 682 759 funeribus
702 715 801 757 vino
829 730 974 769 rogum
1002 711 1196 767 respergi.

308 775 422 819 Vino
455 790 598 830 rogum
633 788 683 817 ne
715 771 931 826 respergito
959 788 966 810 z
1002 771 1046 812 de
1071 785 1148 825 qua
1180 767 1286 813 infe-

246 834 359 877 rius.
406 832 519 875 Idem
571 832 712 873 Numa
739 861 750 882 ,
793 831 860 884 qui
913 826 1125 882 disciplina
1159 826 1285 869 sacro-

245 896 349 940 ω.
389 890 432 934 8(
467 892 648 932 Deorum
700 886 813 930 cultu
845 885 1025 928 munivit
1058 884 1283 938 rempubli-

246 966 368 1002 cam,
399 963 514 1001 agros
540 950 666 990 etiam
693 943 890 998 religione
916 942 1209 996 circumdedit,
1239 942 1282 985 δε

247 1022 364 1050 metu
402 1008 585 1047 Deorum
617 1000 928 1045 Terminalium
966 999 1139 1043 firmiori
1166 1014 1284 1043 nem-

246 1079 296 1120 pe
342 1064 426 1116 sepe
460 1060 620 1111 cinxit,
663 1074 840 1115 quorum
884 1059 925 1100 in
976 1057 1150 1100 custodia
1183 1057 1282 1101 fines

242 1135 437 1176 agrorum
470 1118 542 1161 esse
573 1117 881 1168 consebantur3
925 1114 1013 1159 ideo
1057 1113 1161 1165 jussit
1182 1147 1194 1164 ,
1238 1127 1282 1158 ut

246 1194 316 1234 qui
359 1177 587 1219 terminum
615 1173 807 1223 exarasset
832 1204 843 1225 ‚
877 1172 954 1215 sive
987 1171 1243 1216 transtulisset
1267 1203 1279 1226 ,
1303 1209 1308 1226 ἴ

242 1252 326 1290 quo
345 1235 445 1278 fines
464 1249 655 1289 agrorum
676 1231 1019 1274 conturbarentur
1034 1261 1045 1281 ,
1062 1229 1165 1273 sacer
1188 1229 1281 1275 esset

244 1295 341 1336 Diis
361 1289 673 1333 Terminalibus
688 1319 701 1340 ,
733 1288 810 1330 sive
835 1303 879 1331 ca
899 1287 1135 1330 conditione
1160 1286 1252 1330 effer
1267 1319 1279 1341 ‚

246 1363 294 1392 ut
328 1362 494 1403 impune
529 1346 645 1389 simul
684 1360 778 1387 curn
806 1344 878 1387 suis
905 1344 1032 1387 bobus
1060 1344 1181 1398 posset
1209 1360 1279 1388 oc-

246 1407 323 1450 cidi
342 1440 352 1454 ,
380 1420 575 1460 tanquam
597 1402 766 1446 vifflma
793 1402 882 1444 Diis
902 1400 1083 1444 caedenda
1107 1401 1278 1447 Termi·
1301 1425 1306 1436 -·

244 1465 437 1507 nalibus:
475 1461 584 1513 cujus
635 1460 738 1516 legis
773 1458 857 1503 baec
889 1459 1010 1504 verba
1033 1458 1174 1503 retulit
1204 1460 1302 1506 Fe··

243 1522 322 1566 stus
349 1539 356 1563 :
391 1523 449 1572 (c)

324 1600 463 1676 Quei
491 1601 770 1655 terminom
809 1599 1046 1653 exaraffit
1072 1639 1088 1670 ,
1129 1598 1278 1674 ipsuS,

243 1683 294 1737 8<
341 1681 514 1733 boveis
555 1679 705 1733 sacrei
755 1676 937 1732 sunto·
1057 1683 1071 1696 ’

301 1772 496 1816 Refertur
537 1772 661 1816 etiarn
696 1772 741 1814 ad
778 1772 881 1826 leges
912 1770 1040 1823 regias
1087 1770 1160 1815 illa
1186 1803 1198 1825 ,
1230 1770 1277 1815 de

245 1845 322 1887 qua
367 1829 565 1872 meminit
597 1829 820 1873 Marcellus
847 1845 855 1868 z
903 1830 969 1880 (rs)
1002 1845 1051 1872 ne
1084 1830 1233 1873 mulier
1264 1861 1276 1883 ,

242 1902 332 1944 quae
377 1902 584 1943 praegnans
629 1901 791 1929 mortua
824 1886 916 1928 esset
942 1917 953 1938 ,
999 1887 1240 1931 humaretur
1263 1896 1302 1942 ,'

239 1958 463 2000 antequam
494 1944 577 1996 ejus
608 1944 888 1987 excinderctur
921 1958 1082 1998 partus.

395 2059 438 2103 C
497 2060 538 2103 A
602 2059 630 2101 P
689 2060 735 2101 U
794 2059 838 2100 T
938 2058 1112 2103 XXIII.

462 2177 534 2220 ‘De
563 2176 734 2232 Legibus
761 2175 861 2218 XII.
893 2174 1055 2217 Tabai«

352 2291 486 2336 Erum
529 2290 626 2345 quia
669 2290 850 2334 instituta
898 2301 1069 2343 vetera,
1111 2289 1155 2333 δε
1185 2304 1273 2346 quae

371 2350 418 2394 de
473 2349 585 2403 regio
637 2347 720 2399 jure
782 2348 969 2402 superant
1012 2379 1025 2402 ‚
1086 2348 1272 2404 regendis

232 2406 530 2464 trafiandisque
575 2405 754 2461 negotiis
786 2420 923 2448 recens
956 2405 998 2448 in
1032 2403 1119 2449 dies
1141 2421 1274 2449 emer-

233 2466 462 2522 gentibus,
515 2464 692 2507 minime
749 2462 1039 2516 sufficiebant,
1082 2462 1181 2507 adeo
1229 2475 1272 2506 ut

232 2537 297 2566 res
340 2521 483 2566 civiles
533 2521 667 2577 potius
707 2520 863 2564 arbitrii
914 2520 1104 2577 aequitate
1147 2536 1270 2576 quam

233 2578 353 2622 certis
394 2579 542 2634 ubique
587 2578 683 2631 juris
715 2577 925 2634 praeceptis
965 2578 1271 2633 definirentur,

233 2651 336 2690 opus
380 2636 455 2678 fuit
493 2636 664 2691 augendi
724 2635 821 2687 juris
881 2651 1163 2692 novarumque
1214 2636 1263 2680 le>

231 2706 335 2746 gum
379 2692 593 2736 confilium
637 2693 776 2736 inire.
827 2694 944 2736 Nam
995 2694 1193 2737 crescente
1227 2694 1269 2738 in

233 2749 319 2793 dies
369 2764 541 2793 numero
583 2748 774 2802 civium,
817 2750 1052 2795 exundante
1085 2751 1267 2805 negotio·

232 2821 330 2851 rum
363 2807 503 2863 copia,
533 2805 578 2849 δε
608 2806 651 2850 vi
677 2838 690 2861 ,
722 2818 844 2862 atque
876 2806 1023 2859 injuria
1042 2839 1054 2861 ,
1090 2823 1165 2864 pro
1196 2824 1269 2853 na-

271 2977 331 3016 (a)
357 2974 420 3007 Lib
463 2986 514 3014 32.
543 2983 611 3019 cap.
644 2987 674 3007 2.

270 3020 329 3061 (b)
357 3021 410 3053 Ad
436 3020 565 3061 Festum
601 3021 636 3053 in
667 3018 752 3053 verb.
785 3020 950 3063 pollucere
968 3041 980 3053 .

266 3066 323 3106 (c)
351 3064 445 3098 Verbo
477 3066 646 3104 termino,
671 3064 729 3098 ubi
758 3065 842 3098 Scal.

265 3111 329 3153 (d)
353 3112 391 3144 L.
411 3121 444 3144 2.
473 3110 515 3156 ff.
540 3112 578 3146 de
605 3120 730 3145 monuo
755 3110 943 3155 inserendo.

954 2942 1269 2958 ————-—·———

681 80 783 133 DE
829 78 1016 153 JURE
1057 76 1474 132 NATURALI
1499 119 1514 148 ,
1562 34 1973 152 GEhiTIUM‚

1342 170 1426 197 ruz-a
1470 157 1777 211 multitudinis,
1820 165 2006 202 aettuante
2037 171 2050 212 ;
2094 154 2373 214 prudentiores

1340 228 1441 254 nova
1474 219 1710 259 morborum
1742 219 1917 270 semina,
1961 216 2080 259 novis
2105 216 2373 272 opprimenda

1338 271 1524 313 remediis
1547 277 1788 319 censuerunt
1804 307 1815 327 ,
1842 275 2082 329 Propterea,
2103 288 2147 319 ut
2169 273 2272 317 libro
2295 274 2375 328 pri⁴

1341 341 1407 368 nio
1433 329 1672 384 retulimus,
1708 334 1811 376 missi
1848 345 1926 375 tres
1967 333 2089 389 legati
2118 332 2280 376 fuerunt
2307 347 2373 387 pe-

1340 397 1458 428 timen
1492 387 1624 442 leges,
1656 405 1753 445 quas
1781 403 1928 445 partim
1960 406 2008 434 ex
2041 389 2370 443 Atheniensibus,

1336 445 1377 483 ἂ
1406 444 1740 504 Lacedemoniis,
1758 448 1903 501 partim
1930 464 1976 491 ex
2010 450 2180 504 Magnae
2204 448 2373 491 Graecie

1338 501 1499 564 urbi-bus
1550 502 1661 547 civili
1718 505 2064 560 Pythagoreorum
2114 505 2372 560 philosophia

1339 559 1529 622 institutis
1552 572 1670 618 atque
1697 561 1875 605 fundatis
1903 563 2131 607 retulerunt
2149 596 2158 606 .
2192 565 2252 606 Ea
2280 578 2369 605 tuin

1335 630 1449 658 enim
1478 617 1608 661 {raliae
1633 635 1719 674 pars
1744 636 1812 673 pro
1829 620 2005 662 naturali
2028 619 2232 664 feracitate
2255 635 2373 675 inge-

1338 673 1528 727 niorum,
1559 676 1604 720 &
1633 677 1686 719 ob
1717 675 1884 719 illorum
1910 689 2142 731 temporum
2164 678 2369 721 culturam

1335 734 1478 776 ceteris
1505 735 1708 783 praestabat
1733 734 1969 777 nationibus
1990 765 1999 776 .
2026 736 2121 789 Quo
2145 732 2229 786 jure
2249 735 2373 777 addu-

1307 788 1424 850 5fto,
1458 791 1676 841 condendis
1709 791 1800 835 inde
1828 791 2030 835 Romanis
2065 791 2217 848 ‘egibus
2243 790 2371 835 creati

1307 846 1443 892 'fuere
1486 864 1580 892 curri
1625 849 1780 893 summa
1818 851 2008 905 potestate
2041 879 2054 903 ,
2095 848 2239 905 absque
2275 864 2372 901 pro-

1333 906 1729 960 vocatione,decem
1754 907 1795 950 hi
1818 907 2043 950 consulares
2068 908 2171 960 viri,
2191 921 2370 963 quorum

1304 987 1310 1018 l
1331 962 1375 1005 in
1400 964 1640 1008 nominibus
1672 964 1896 1019 discrepant
1921 965 2159 1019 scriptores,
2192 964 2369 1020 quosque

1303 1020 1406 1066 lnos
1429 1036 1478 1064 ex
1507 1022 1702 1075 Dionysio
1727 1053 1740 1076 ,
1783 1022 1847 1064 cui
1880 1022 2012 1076 magis
2043 1022 2232 1075 fidimus,
2266 1020 2373 1065 refe·

1303 1092 1497 1133 gremus.
1541 1080 1720 1121 Fuerunt
1761 1091 1900 1121 autem
1940 1078 2098 1131 Appius
2134 1079 2332 1121 Claudius
2358 1110 2374 1135 ,

1303 1134 1309 1190 l
1329 1136 1386 1178 Τ.
1409 1136 1644 1188 Genutius‚
1678 1136 1720 1178 P.
1739 1136 1897 1179 Sextius
1920 1167 1933 1190 ,
1963 1136 2007 1178 T
2042 1136 2249 1178 Romilius
2269 1167 2282 1189 ‚
2314 1136 2370 1179 C.

1329 1193 1488 1248 Julius,
1519 1195 1576 1236 T.
1602 1194 1798 1237 Veturius
1822 1226 1834 1247 ‚
1865 1193 1909 1236 δε
1943 1192 1984 1236 Ρ.
2006 1195 2203 1237 Horatius
2223 1224 2233 1237 .
2266 1193 2372 1248 Qui-

1299 1276 1308 1298 ,-
1332 1252 1401 1294 bus
1426 1267 1521 1294 cum
1545 1252 1787 1295 accessissent
1824 1251 1947 1295 iidem
1980 1250 2045 1294 illi
2073 1263 2179 1302 tres,
2216 1251 2287 1307 qui
2314 1250 2374 1294 le·

1301 1308 1306 1371 ζ
1328 1308 1412 1364 gati
1447 1308 1635 1359 fuerant,
1671 1311 1708 1351 Ρ.
1730 1309 2010 1362 posthumius,
2041 1309 2133 1353 Sex.
2155 1308 2371 1363 Sulpitius,

1300 1369 1382 1408 iA.
1421 1365 1635 1422 Manlius,
1678 1366 1722 1409 &
1759 1366 1897 1410 decem
1933 1365 2119 1409 virorum
2151 1381 2374 1410 numerum

1299 1414 1305 1422 ι

1299 1423 1593 1482 gcomplessent
1612 1455 1626 1477 ,
1656 1424 1826 1477 evenit,
1864 1439 1906 1466 ut
1945 1423 2195 1478 Pomponius
2226 1424 2376 1467 scribe-

1298 1495 1387 1531 5ret
1407 1513 1420 1535 ,
1456 1480 1721 1538 Decemviros
1753 1481 1863 1524 fuilse
1903 1482 1945 1523 in
1982 1482 2172 1538 gvaeziam
2204 1481 2369 1525 missos:

1298 1548 1409 1593 {non
1445 1554 1664 1582 numerum
1700 1538 1926 1595 legatorum
1959 1540 2173 1582 denarium
2196 1571 2207 1592 ‚
2241 1538 2302 1582 sed
2326 1547 2373 1581 ut

1297 1615 1300 1619 ·
1324 1597 1570 1654 dignitatern
1598 1596 1914 1640 decemviralem
1957 1596 2084 1640 tribus
2108 1596 2213 1640 hisce
2240 1595 2374 1650 postea

1299 1659 1522 1699 =tributain
1554 1655 1637 1708 (⁸)
1670 1653 1916 1710 significaret
1941 1687 1951 1698 .
2003 1655 2085 1710 Qui
2125 1669 2222 1698 cum
2262 1654 2381 1706 inter,

1298 1754 1302 1776 Ι
1328 1714 1594 1758 Detemviros
1617 1712 1806 1757 fuissent.
1837 1712 2072 1756 Decemviri
2095 1711 2226 1766 vulgo
2251 1728 2272 1755 a
2296 1727 2373 1767 po-

1299 1772 1436 1823 4steri=s
1477 1769 1787 1827 appellabantur
1817 1786 1826 1811 :
1874 1769 1982 1825 quasi
2014 1770 2168 1812 diceret
2210 1769 2368 1825 legatos

1298 1828 1303 1886 l
1327 1830 1437 1874 fuisse
1457 1844 1548 1881 eos,
1572 1829 1639 1884 qui
1664 1828 1792 1880 postea
1818 1826 1927 1870 fuere
1951 1827 2216 1870 Decemviri.
2243 1825 2367 1881 Quod

1298 1889 1302 1893 ’
1325 1888 1396 1931 alii
1424 1886 1600 1930 minime
1626 1887 2000 1929 animadvertentes
2020 1916 2033 1938 ,
2066 1900 2161 1927 curn
2190 1884 2369 1939 Pompo-

1325 1946 1445 1988 nium
1489 1956 1735 1994 vereantur,
1767 1943 2065 1986 accusationem
2110 1953 2278 1986 vertunt
2321 1941 2369 1985 in

1323 2004 1671 2055 Tribonianum,
1703 2001 1770 2044 cui
1811 2002 1856 2044 δι
1898 2001 2030 2051 legem
2085 2000 2194 2042 hinc
2232 2011 2369 2042 totam

1328 2060 1547 2117 Pomponii
1571 2072 1686 2103 aetate
1706 2070 1813 2103 certe
1838 2058 2115 2114 dignissimam
2137 2057 2366 2113 adsignant,

1324 2133 1490 2174 propter
1523 2117 1705 2175 aliquos,
1750 2118 1792 2160 in
1834 2132 1934 2173 quos
1969 2115 2181 2159 offendunt
2215 2116 2325 2157 locos
2353 2129 2365 2156 ε

1323 2176 1432 2232 quasi
1457 2192 1580 2220 nemo
1599 2176 1686 2218 falli
1711 2187 1859 2230 queat,
1882 2186 1948 2216 aut
1978 2173 2143 2226 fallere,
2165 2172 2238 2214 nisi
2265 2170 2368 2213 Tri-

1324 2235 1524 2277 bonianus
1541 2234 1636 2289 ,qui
1661 2240 1826 2275 morbus
1851 2233 1904 2274 est
1929 2230 2146 2273 familiaris
2171 2228 2366 2271 omnium

1324 2292 1364 2333 in
1391 2290 1474 2342 jure
1499 2292 1742 2333 criticorum
1760 2289 1962 2341 ,minime
1993 2286 2145 2341 alioqui
2173 2298 2368 2339 reputan-

1324 2348 1428 2391 tium
1464 2348 1561 2393 adeo
1586 2344 1837 2390 incunabula
1868 2359 2004 2387 rerum
2044 2343 2162 2398 plena
2198 2343 2271 2386 esse
2298 2359 2367 2386 ca-

1324 2404 1463 2461 liginis
1489 2437 1501 2458 ,
1545 2418 1589 2449 ut
1631 2403 1752 2448 tertio
1793 2417 1954 2459 quoque
1986 2402 2143 2447 verbo,
2188 2416 2282 2443 curn
2313 2415 2365 2443 eo

1322 2464 1544 2506 deventum
1591 2461 1748 2514 fuerit,
1799 2460 1907 2503 inter
1953 2459 1987 2502 se
2022 2470 2205 2515 pugnent
2238 2457 2368 2500 histo-

1324 2520 1415 2564 riae.
1451 2520 1688 2564 Decemviri
1728 2532 1866 2562 autern
1907 2516 1966 2560 illi
2000 2549 2012 2570 ‚
2055 2517 2244 2572 quamvis
2277 2517 2366 2558 Ro-

1322 2594 1454 2622 manae
1481 2609 1493 2631 ,
1537 2594 1584 2621 ac
1624 2575 1760 2621 civilis
1793 2574 2014 2631 prudentiae
2059 2574 2149 2616 satis
2193 2587 2366 2634 compo-

1322 2650 1411 2689 tes,
1459 2635 1555 2692 quia
1587 2649 1727 2679 tamen
1778 2651 1800 2678 e
1843 2634 1983 2691 graecis
2031 2630 2243 2693 literis&
2299 2642 2368 2670 m-

1320 2695 1465 2737 stitutis
1504 2693 1611 2748 leges
1652 2705 1768 2736 erant
1807 2691 1992 2735 eruendae
2030 2720 2042 2742 ‚
2086 2686 2362 2730 adhibuerunt

1319 2752 1362 2795 in
1410 2750 1628 2794 confilium
1673 2751 1980 2792 Hermodorum
2025 2743 2280 2799 Ephesium,
2314 2744 2362 2787 in

1323 2807 1444 2852 Italia
1490 2819 1580 2851 tum
1625 2806 1821 2861 temporis
1852 2802 2092 2848 exulantem
2117 2832 2131 2854 ,
2162 2803 2232 2858 qui
2254 2804 2364 2865 Ro-

2213 2874 2352 2902 manis

1360 2979 1417 3019 (ἢ
1443 2978 1519 3009 Alia
1543 2975 1732 3014 confictum
1750 2997 1761 3013 ,
1799 2985 1901 3017 eaque
1939 2984 2005 3005 non
2031 2974 2139 3004 minus
2166 2970 2330 3014 ingeniosa
2347 2991 2362 3010 ‚

1313 3023 1519 3064 transpositis
1548 3020 1723 3063 Pomponii
1749 3019 1861 3053 verbis
1887 3018 2062 3052 sectionem
2089 3028 2242 3059 quartam
2269 3019 2304 3048 L,
2328 3025 2361 3065 ,²¹

1310 3066 1350 3114 ff
1382 3070 1420 3100 de
1447 3069 1484 3099 O.
1519 3069 1551 3104 Ῑ.
1580 3067 1821 3104 interpretatur
1861 3065 1915 3097 111.
1958 3074 2028 3099 van
2057 3063 2302 3106 Bynkershoek
2328 3069 2365 3093 m

1317 3114 1481 3148 Praemmi
1511 3124 1538 3148 ts
1561 3112 1604 3148 ad
1628 3109 1751 3146 dmum
1776 3113 1881 3146 tecum
1898 3132 1909 3142 .
