2524 3479
752 103 1121 180 JURIS
1201 103 1749 159 CIVILIS.

373 185 414 230 C
472 185 513 229 A
573 182 604 227 P
661 183 708 226 U
770 183 814 225 T
932 178 1041 224 CX.

401 274 468 317 De
487 272 604 315 Sexto
620 270 776 314 Caecilio
788 266 986 323 Africano
1004 297 1012 308 .

282 361 415 404 Extus
440 357 632 402 Caecilius
658 356 903 409 Africanus,
925 351 1080 406 Juliani
1102 351 1216 398 disci-

301 419 416 475 pulus
442 449 453 470 ‚
489 429 650 459 tantum
683 414 918 472 praeceptori
947 412 1013 455 suo
1040 412 1180 456 tribuit
1204 445 1216 467 ,

198 475 461 524 utiAfricani
487 490 555 517 ore
580 473 765 517 videatur
785 473 996 524 Julianus,
1020 482 1216 527 tanquam

198 534 354 589 Apollo
380 549 427 577 ex
457 531 641 587 tripode,
672 531 837 574 oracula
863 529 1001 573 fudisse
1018 559 1026 570 .
1060 529 1218 572 Omnia

198 593 312 635 enim
346 590 428 634 fere
462 590 508 632 de
546 589 702 642 Juliani
731 588 932 633 sententia
960 587 1117 629 summa
1142 588 1218 632 fide

198 648 443 705 pronunciat
467 662 535 702 per
561 647 706 690 verba:
739 648 806 689 ait
822 679 834 700 ,
868 644 1113 700 existimavit
1129 677 1139 697 ,
1159 646 1218 697 (¹⁶)

196 708 387 763 negavit,
416 706 611 761 putavit,
642 706 802 761 inquit,
823 704 1019 760 respondit
1037 704 1192 758 ,placet
1206 734 1217 756 ,

195 778 310 807 notat
337 798 341 802 .
378 764 494 806 Adeo
528 763 734 818 sapientiae
759 763 935 818 gloriam
962 761 1115 804 doftori
1152 762 1218 803 suo

194 837 281 865 non
311 822 518 865 invidebat
547 823 610 862 vir
638 820 793 875 alioqui
820 820 949 863 divini
977 851 989 872 ,
1024 818 1215 861 humani-

194 895 272 936 que
295 879 392 930 juris
414 878 700 933 peritissimus.
721 877 931 934 Siquidem
955 877 1148 920 Caecilius
1168 876 1219 918 il-

195 937 231 981 le
258 937 371 980 fuisse
399 937 578 979 creditur
610 969 622 989 ,
653 952 776 991 quem
802 936 964 978 Gellius
989 937 1053 986 (a)
1078 934 1216 977 adver-

196 995 258 1039 sus
285 994 535 1038 Favorinum
561 993 852 1049 philosophum
873 991 1217 1043 decemviralejus

193 1065 525 1109 propugnantem
555 1052 740 1105 inducit3
774 1052 959 1106 vixitque
987 1052 1053 1093 sub
1070 1051 1217 1092 Adria-

194 1126 249 1153 no
267 1143 278 1163 ,
312 1123 380 1152 aut
410 1110 629 1151 Antonino
656 1109 727 1151 Pio
754 1140 762 1150 .
798 1110 925 1151 Extat
951 1109 998 1152 de
1022 1123 1070 1151 eo
1098 1123 1217 1162 pecu-

193 1168 306 1211 liaris
336 1167 523 1223 Menagii
550 1166 771 1209 dissertatio
803 1197 812 1208 .
858 1168 948 1221 Ego
982 1165 1087 1208 nihil
1114 1164 1215 1208 certi

194 1226 322 1268 statuo
345 1242 353 1266 :
387 1225 431 1267 ὃς
456 1225 584 1279 quoad
609 1223 720 1266 aliud
747 1222 853 1266 mihi
876 1223 1109 1276 illucescat,
1132 1223 1218 1265 Cu-

193 1282 347 1335 jacium
377 1281 516 1338 sequor
545 1312 553 1323 .
587 1283 670 1333 (b)

367 1396 407 1439 C
470 1399 508 1439 A
572 1395 601 1437 P
664 1397 707 1437 U
769 1396 812 1437 T
901 1396 1044 1440 XCI.

459 1485 527 1527 De
562 1480 679 1524 Sexto
711 1483 953 1539 Pomponio.

278 1573 411 1615 Extus
447 1569 724 1625 Pomponius,
756 1582 800 1613 ut
833 1570 1002 1626 quidam
1038 1579 1215 1625 putant,

294 1646 343 1672 ex
376 1627 656 1683 antiquissima
688 1628 907 1683 Pomponii
940 1628 1072 1671 Attici
1100 1627 1217 1670 fami-

196 1686 252 1729 lia
275 1720 286 1741 ,
318 1687 457 1730 auctor
490 1686 616 1729 fertur
648 1687 745 1741 legis
772 1701 807 1728 2.
834 1685 889 1741 ff.
922 1687 969 1728 de
988 1687 1134 1742 origine
1153 1687 1216 1738 ju-

198 1744 285 1787 ris:
334 1745 376 1787 in
409 1761 487 1800 qua
523 1759 605 1786 non
639 1760 729 1786 raro
766 1743 965 1799 scriptoris
1000 1743 1216 1801 diligentia

196 1818 247 1845 ne
280 1801 414 1845 dicam
443 1834 454 1855 ,
487 1818 539 1844 an
575 1801 832 1845 historiarum
860 1802 1046 1857 cognitio
1069 1801 1211 1844 deside·

150 1882 153 1885 ·
195 1863 332 1903 ratur?
367 1873 410 1902 ut
444 1874 526 1902 non
563 1859 716 1902 mirum
755 1890 765 1912 ‚
811 1858 837 1901 si
863 1860 912 1902 ab
935 1861 1103 1903 eruditis
1132 1875 1214 1901 non

194 1917 334 1973 paucis
366 1933 411 1960 ea
444 1917 506 1961 lex
535 1917 765 1972 Pomponio
792 1916 1040 1968 adjudicetur
1062 1950 1070 1960 .
1103 1918 1214 1961 Cum

198 1975 472 2030 Papinianum
507 1976 735 2030 principem
768 1974 923 2031 alioqui
945 1974 1215 2030 jurispruden-

200 2033 266 2075 tiae
310 2033 416 2075 inter
465 2033 775 2084 jurisconsultos
809 2048 891 2075 non
926 2033 1173 2087 descripserit
1207 2064 1219 2086 ,

201 2089 320 2132 facile
354 2089 626 2142 crediderim,
660 2102 728 2133 aut
760 2089 844 2140 ejus
878 2091 976 2145 legis
1008 2091 1215 2134 aii&orem

202 2163 287 2190 non
320 2147 393 2190 esse
429 2147 704 2203 Pomponium
732 2179 743 2200 ‚
787 2159 855 2190 aut
903 2162 997 2192 ante
1033 2149 1219 2203 Papinia-

203 2220 305 2248 num
340 2204 478 2248 vixisse
505 2237 516 2256 ,
561 2205 734 2248 Adriani
779 2218 874 2261 puta
905 2218 1020 2250 aetate
1048 2223 1057 2247 τ
1105 2208 1219 2261 (’“)

205 2262 404 2325 quamvis
437 2279 459 2305 a
501 2263 740 2319 Lampridio
785 2263 979 2320 scriptore
1012 2280 1095 2309 non
1128 2264 1220 2309 dili-

204 2420 440 2430 ------τ4

209 2495 247 2528 ad
266 2497 435 2541 Julianum
451 2520 461 2535 ,
489 2497 541 2530 sed
556 2499 755 2532 Triboniani
771 2521 780 2536 ,
810 2503 1016 2543 pertinentes
1029 2500 1070 2532 ad
1087 2500 1217 2534 Africa-

213 2553 293 2578 num
309 2567 319 2578 ,
347 2551 383 2575 ut
399 2542 500 2585 liquid
510 2555 564 2576 um
580 2544 674 2577 exiis
688 2569 699 2584 ,
728 2556 798 2588 quae
833 2546 871 2578 de
887 2544 1048 2578 Africano
1075 2545 1221 2579 diximus

212 2586 246 2620 in
282 2590 368 2622 libro
394 2588 432 2620 de
452 2587 892 2632 Ste‘i‘issuriftonsultomm
912 2613 920 2622 .
945 2591 1094 2634 Menagii
1122 2593 1220 2624 ratio-

215 2634 331 2672 nibus,
362 2633 480 2675 quibus
520 2635 545 2666 is
575 2638 712 2668 Sextum
741 2636 912 2671 Caecilium
930 2658 940 2673 ‚
969 2637 1024 2679 qui
1039 2635 1128 2679 apud
1145 2638 1221 2670 Gel-

213 2679 296 2714 lium
317 2691 390 2712 cum
417 2679 583 2712 Favorino
595 2680 635 2713 de
655 2684 736 2714 XII.
771 2682 893 2714 tabulis
918 2681 1088 2724 disputat,
1116 2683 1147 2715 ὃ(
1167 2694 1220 2715 no-

217 2726 315 2758 strum
333 2724 463 2758 eosdem
493 2725 552 2757 effe
569 2749 577 2763 ‚
607 2736 730 2769 negat5
757 2727 906 2760 satisfieri
939 2729 1044 2771 potest
1060 2729 1098 2760 iis
1114 2751 1124 2764 ,
1153 2739 1222 2771 quae

252 2450 314 2491 (⁴¹)
343 2454 415 2484 1mo
441 2451 489 2484 hae
509 2463 608 2485 voces
639 2463 706 2486 non
737 2453 886 2488 Africani
917 2455 1014 2494 sunt,
1044 2455 1221 2488 referendae

1270 180 1507 238 gentiffirno
1542 178 1609 223 sub
1642 178 1886 223 Alexandro
1923 191 2099 234 ponatur
2128 214 2140 236 ‚
2175 182 2202 226 si
2231 124 2301 228 5¹0?

1269 256 1337 284 cus
1365 240 1417 283 est
1452 239 1644 295 integer:
1698 254 1797 282 nam
1846 237 1871 281 fi
1921 238 2108 282 Salmasii
2157 241 2298 286 lertio-

1268 314 1393 352 nem,
1426 297 1468 340 ὃς
1495 295 1790 340 restitutionem
1813 295 2140 351 amplectamur,
2171 300 2297 343 Poni-

1239 356 1414 445 'ponius
1446 355 1632 398 manebit
1655 367 1769 397 extra
1793 370 2013 397 numerum
2045 371 2068 398 a
2102 358 2295 412 Lampri-

1294 414 1332 457 io
1365 413 1638 467 descriptum.
1676 413 1942 468 Expungitur
1970 412 2097 456 etiam
2141 415 2231 458 inde
2270 431 2293 459 a

1267 472 1537 523 Casaubono,
1570 469 1812 513 au&0ritate
1847 482 2034 514 veterum
2067 470 2254 516 codicum
2282 503 2299 527 ‚.

1267 546 1317 575 ex
1341 529 1452 583 regia
1478 527 1761 571 Bibliotheca.

1405 645 1444 688 C
1506 647 1544 688 A
1609 644 1638 687 P
1699 647 1743 688 U
1805 649 1849 691 T
1969 647 2104 690 XCI
2128 648 2162 691 I.

1265 733 1330 776 De
1347 733 1378 786 J
1381 731 1481 774 unio'
1503 732 1759 776 Mauriciano
1783 765 1795 787 ,
1830 731 1887 776 (9¹
1922 735 2034 778 AElio
2065 735 2292 779 Marciano.

1323 818 1460 861 Unius
1494 815 1781 864 Mauricianus
1849 820 1916 864 sub
1959 821 2179 865 Antonino
2222 821 2294 865 Pio

1266 920 1279 931 .
1354 877 1477 928 (Μ’)
1509 879 1640 932 vixit,
1675 879 1718 922 ὃς
1745 878 1876 922 AElius
1906 881 2146 923 Marcianus
2175 911 2186 932 ‚
2218 880 2289 935 qui

1266 935 1457 977 Baeticam
1486 935 1699 980 Proconsul
1728 937 2054 981 administravit.
2076 940 2157 989 (c)
2188 936 2294 980 Prae·

1266 1006 1324 1035 ter
1348 992 1447 1035 alios
1482 992 1632 1049 libros,
1657 994 1809 1050 scripsit
1845 995 2142 1050 institutiones,
2175 995 2284 1040 unde

1266 1051 1395 1094 multa
1422 1050 1672 1102 Justinianus
1699 1051 1904 1096 transtulit
1931 1052 1978 1095 in
2003 1054 2112 1097 suas.

1410 1167 1449 1207 C
1513 1168 1551 1209 A
1614 1168 1644 1209 P
1705 1170 1749 1211 U
1810 1170 1854 1210 T
1973 1170 2146 1214 CXIII.

1293 1253 1360 1296 De
1382 1253 1495 1306 Ulpio
1514 1250 1709 1295 Marcello
1724 1284 1735 1306 ,
1768 1255 1955 1297 Meciano
1974 1286 1986 1308 ,
2013 1256 2231 1299 Saturnino
2246 1287 2256 1301 .

1272 1335 1496 1438 EAdem
1522 1347 1635 1380 aetate
1677 1338 1816 1381 floruit
1850 1339 2005 1395 Ulpius
2030 1341 2284 1396 Marcellus,

1390 1395 1458 1450 qui
1490 1412 1511 1437 a
1538 1395 1717 1438 confiliis
1751 1397 1827 1439 fuit
1853 1397 2076 1441 Antonino
2107 1399 2205 1451 Pio,
2238 1411 2284 1446 ut

1264 1452 1468 1495 existimat
1483 1453 1675 1505 Cujacius
1701 1454 1744 1495 in
1771 1468 1975 1498 comment.
1991 1456 2044 1498 ad
2059 1457 2288 1512 Ulp.Marc.

1267 1512 1322 1552 Et
1350 1510 1540 1554 Volusius
1566 1511 1784 1554 Mecianus
1814 1513 1970 1556 Auc³tor
1995 1515 2061 1566 (d)
2094 1514 2283 1558 Volusia-

1267 1569 1309 1610 ni
1343 1569 1380 1609 S.
1409 1569 1461 1611 C.
1494 1569 1562 1623 qui
1593 1569 1767 1618 ‚summis
1802 1569 1984 1614 laudibus
2010 1572 2228 1615 extollitur
2259 1588 2282 1619 a

1271 1627 1331 1668 M.
1348 1627 1593 1669 Antonino:
1629 1627 1671 1670 δι
1696 1627 1894 1671 Claudius
1920 1629 2168 1673 Saturninus
2185 1630 2280 1686 ,qui

1269 1684 1416 1727 Praetor
1440 1683 1517 1727 fuit
1538 1717 1549 1738 ,
1581 1686 1640 1735 (e)
1675 1686 1824 1741 quique
1851 1702 1944 1729 curn
1979 1686 2150 1730 seorsum
2184 1687 2280 1742 saepe

1268 1741 1430 1786 sentiret
1464 1743 1514 1784 ab
1538 1742 1629 1784 aliis
1654 1774 1666 1795 ‚
1698 1743 1858 1786 causam
1891 1744 2060 1800 prcebuit
2095 1744 2281 1787 nostrati-

1269 1802 1338 1842 bus
1369 1800 1658 1854 interpretibus
1679 1832 1689 1852 ‚
1723 1813 1767 1843 ut
1809 1801 1999 1846 homines
2041 1801 2097 1846 sui
2120 1802 2279 1862 ingenii

1265 1858 1509 1902 Saturninos
1541 1857 1774 1914 appellent.
1809 1857 1885 1915 [f]

1412 1974 1453 2017 C
1513 1975 1552 2018 A
1615 1973 1646 2017 P
1706 1966 1750 2016 U
1812 1975 1856 2018 T
1960 1975 2132 2021 XCIV.

1582 2090 1650 2135 De
1678 2089 1928 2133 Tertulliano
1940 2121 1950 2134 .

1270 2202 1462 2306 VIxit
1493 2216 1631 2248 autern
1665 2205 1732 2248 sub
1768 2205 1970 2263 Septimio
2006 2207 2155 2251 Severo
2174 2210 2283 2253 Ter-

1405 2262 1601 2307 tullianus
1627 2295 1639 2318 ,
1670 2264 1739 2320 qui
1772 2280 1825 2308 an
1848 2263 1957 2309 idern
1991 2264 2115 2310 fuerit
2138 2283 2185 2311 ac
2206 2268 2278 2311 Sa-

2211 2336 2280 2371 cel‘

1381 2425 1488 2435 ...-

1732 2432 1840 2442 .-

1269 2453 1385 2505 saltem
1405 2453 1544 2489 fratrum
1564 2467 1717 2502 tempora
1734 2462 1850 2504 attigit
1865 2486 1872 2494 .
1902 2463 2014 2495 Exstat
2032 2463 2072 2495 de
2088 2473 2127 2495 eo
2146 2460 2281 2494 Reinol-

1269 2499 1300 2530 di
1317 2501 1450 2551 oratio3
1479 2502 1512 2534 in
1526 2514 1588 2546 qua
1618 2506 1835 2540 Enchiridion
1857 2506 1927 2544 eius
1944 2519 1963 2539 a
1978 2507 2157 2549 suspicione
2178 2504 2280 2540 νοθεύ-

1270 2558 1342 2579 σεως
1360 2546 1507 2579 vindicat
1527 2572 1532 2579 .
1552 2548 1668 2582 Eidem
1685 2551 1803 2585 libello
1816 2551 2016 2592 ανις-σλησ-ίοις
2031 2553 2139 2586 labem
2158 2552 2279 2584 abster-

1271 2590 1309 2622 sit
1331 2592 1504 2625 Cornelius
1532 2604 1596 2626 van
1619 2596 1863 2635 Bynkershoek
1881 2600 1917 2630 in
1948 2597 2169 2641 Praetevmiffis
2184 2598 2282 2637 πάι-

1272 2646 1302 2667 2-
1321 2639 1369 2668 D.
1398 2638 1434 2668 de
1456 2639 1490 2669 0.
1503 2640 1545 2679 J.
1574 2643 1622 2673 Ut
1653 2651 1764 2674 autern
1792 2653 1867 2676 curn
1899 2644 2049 2676 Antonio
2076 2643 2283 2685 Augustino·

1273 2682 1476 2724 Pomponios
1501 2686 1650 2725 geminos
1681 2687 1771 2720 tuisse
1792 2710 1801 2728 ‚
1828 2686 2000 2721 credamus
2016 2713 2026 2729 ,
2050 2689 2130 2732 quia
2164 2687 2285 2731 Ulpia-

1273 2738 1332 2759 nus
1356 2730 1394 2759 ia
1423 2731 1460 2761 L.
1484 2740 1531 2769 32.
1552 2734 1598 2763 D.
1616 2733 1786 2776 delegatis
1805 2736 1834 2765 I.
1868 2733 1938 2766 ait:
1968 2735 2068 2777 ,Quod
2087 2736 2141 2767 ita
2170 2744 2283 2767 verum

217 2769 315 2804 habet
333 2769 488 2809 cujacius
505 2770 649 2804 Tradat.
667 2774 703 2804 in
720 2774 827 2816 Afric.
842 2775 942 2815 princ.
963 2773 1036 2815 Obs
1047 2776 1125 2806 VII.
1147 2786 1174 2805 2.
1194 2775 1223 2806 3<
1247 2786 1253 2806 i
1272 2771 1332 2816 effe
1347 2795 1356 2811 ,
1387 2783 1453 2808 ram
1470 2777 1590 2811 Sextus
1605 2790 1701 2821 quam
1720 2780 1921 2820 Pomponiur
1934 2790 2060 2821 negant
2081 2801 2091 2819 ‚
2120 2779 2286 2813 neceffitas

216 2816 309 2848 Bern.
332 2820 430 2849 Henr.
445 2816 594 2849 Rcinold.
610 2819 652 2850 ad
666 2820 700 2849 L.
721 2830 772 2858 23·
791 2819 829 2850 de
850 2821 889 2852 R.
902 2821 942 2859 J.
972 2823 1013 2853 Et
1033 2820 1159 2852 merim
1174 2820 1226 2852 iiic
1248 2814 1253 2850 l
1273 2819 1363 2851 nulla
1378 2821 1420 2851 est
1435 2845 1444 2852 .
1472 2823 1567 2855 Sexti
1585 2825 1676 2857 enim
1694 2834 1775 2859 voce
1790 2828 1914 2858 Sextus
1938 2825 2090 2860 Caecilius
2107 2825 2287 2859 Africanus

219 2859 346 2897 Cuiacii
363 2861 556 2894 sententiam
571 2862 714 2897 deserere
737 2865 844 2897 noster
857 2864 1034 2898 dubitavit.
1053 2869 1225 2908 Quawum
1248 2886 1254 2897 2
1273 2864 1433 2899 designari
1450 2866 1583 2901 videtur
1598 2893 1606 2901 .

224 2907 312 2938 enim
327 2906 475 2939 doetrina
495 2909 524 2940 8<
545 2907 798 2951 jurisprudentia
819 2911 918 2953 poffet
937 2909 1223 2954 Cuiacius-exper-

222 2957 275 2982 tus
292 2950 421 2984 videtur
439 2953 472 2984 in
487 2953 689 2987 elucidandis
710 2957 863 2998 Africani
878 2955 1105 2999 quaestiom‘bus
1119 2980 1128 2994 ,
1154 2967 1224 2999 quae

220 2995 302 3027 adeo
319 2995 450 3029 subtiles
469 2999 499 3030 &
514 2999 656 3032 obscurae
669 3000 742 3034 sunt
761 3023 773 3040 ‚
801 3009 834 3034 ut
851 3010 948 3034 antea
968 3002 1066 3043 vulgo
1081 3002 1222 3034 circurn-

223 3039 367 3073 ferretur
381 3039 550 3091 dif‘teriurn
571 3056 578 3077 ε
611 3047 764 3088 Africani
778 3048 830 3081 lex
847 3045 888 3087 est
903 3070 914 3088 ‚
942 3058 1014 3092 ergo
1031 3044 1182 3092 difficilis
1201 3071 1208 3079 -

268 3086 326 3125 (a)
354 3084 582 3120 Lzb.20.c.10.

269 3130 326 3170 (bi
355 3133 395 3161 ln
410 3132 534 3171 princip
562 3145 727 3168 commem.
746 3138 789 3169 ad
809 3128 958 3180 Zsrae'cam
994 3165 999 3169 .

270 3175 348 3219 0²1¹)
375 3178 448 3208 Imo
487 3178 694 3211 Antoninum
726 3182 819 3214 Pium
851 3184 975 3216 Divum
1014 3184 1161 3228 appellat
1190 3184 1225 3217 in

1319 2912 1413 2951 ΟΜ)
1442 2916 1516 2946 lmo
1533 2919 1654 2948 Severo
1671 2916 1699 2948 ἃ
1722 2915 1894 2949 Antonino
1910 2915 2091 2951 Caracalla.
2111 2912 2208 2952 conf.
2230 2913 2282 2950 cl.

1274 2957 1464 2991 Noodkerk
1480 2961 1516 2990 κίε
1532 2963 1601 3003 lege
1625 2963 1779 2993 Petronia
1797 2969 1827 3004 p.

1316 3003 1370 3043 (c)
1397 3003 1476 3045 L.fi
1493 3017 1567 3048 arag.
1590 3018 1642 3046 57.
1658 3005 1693 3049 ff.
1718 3008 1754 3038 de
1776 3010 1828 3049 leg
1846 3018 1875 3038 2.

1317 3049 1376 3088 (A)
1402 3050 1439 3080 L.
1461 3054 1665 3093 antepenult.
1682 3050 1723 3096 ff.
1739 3053 1782 3086 ad
1802 3054 1914 3095 LJul.
1931 3053 1970 3086 de
1990 3053 2029 3087 vi
2043 3053 2131 3097 priv.
2149 3055 2188 3086 L·
2215 3050 2291 3085 div}

1277 3105 1325 3135 17.
1344 3093 1381 3130 ff.
1398 3097 1433 3126 cte
1449 3094 1510 3134 jur.
1532 3104 1621 3133 patr.

1317 3140 1372 3180 (ε)
1399 3143 1426 3172 L
1460 3151 1484 3171 1¹
1501 3140 1541 3185 ff-
1558 3145 1595 3176 de
1611 3145 1767 3175 senator,

1317 3186 1377 3226 (f)
1403 3190 1485 3217 DD·
1503 3189 1538 3218 in
1557 3191 1580 3221 l.
1609 3200 1635 3221 1.
1651 3189 1688 3222 de
1703 3189 1818 3223 senat.
1835 3187 1928 3223 Bald·
1951 3189 1986 3222 in
2007 3190 2066 3221 Ιώ
2085 3185 2184 3226 rub.3.
2205 3188 2237 3218 C·
2254 3183 2292 3218 de

230 3225 268 3255 L.
291 3223 466 3265 penult-D.
491 3222 531 3254 de
543 3224 845 3265 pollicitationibus
859 3250 871 3270 ‚
897 3227 1041 3273 adeoque
1060 3231 1224 3265 Divorum
1272 3232 1404 3272 Sacros.
1421 3233 1546 3273 Ecrtes.

1047 3329 1069 3378 l
