<?xml version="1.0" encoding="UTF-8"?>
<!DOCTYPE html PUBLIC "-//W3C//DTD XHTML 1.0 Transitional//EN"
    "http://www.w3.org/TR/xhtml1/DTD/xhtml1-transitional.dtd">
<html xmlns="http://www.w3.org/1999/xhtml" xml:lang="en" lang="en">
 <head>
  <title>
</title>
<meta http-equiv="Content-Type" content="text/html;charset=utf-8" />
  <meta name='ocr-system' content='tesseract 3.04.00' />
  <meta name='ocr-capabilities' content='ocr_page ocr_carea ocr_par ocr_line ocrx_word'/>
</head>
<body>
  <div class='ocr_page' id='page_1' title='image "./janivincentiigra01gravuoft_0315.png"; bbox 0 0 2596 3479; ppageno 0'>
   <div class='ocr_carea' id='block_1_1' title="bbox 629 72 1984 152">
    <p class='ocr_par' dir='ltr' id='par_1_1' title="bbox 629 72 1984 152">
     <span class='ocr_line' id='line_1_1' title="bbox 629 72 1984 152; baseline 0.002 -9"><span class='ocrx_word' id='word_1_1' title='bbox 629 87 760 143; x_wconf 84' lang='lat' dir='ltr'>ET</span> <span class='ocrx_word' id='word_1_2' title='bbox 809 72 1984 152; x_wconf 66' lang='lat' dir='ltr'>SENATuscoNsuLms.</span> 
     </span>
    </p>
   </div>
   <div class='ocr_carea' id='block_1_2' title="bbox 223 161 1263 1253">
    <p class='ocr_par' dir='ltr' id='par_1_2' title="bbox 223 161 1263 1253">
     <span class='ocr_line' id='line_1_2' title="bbox 223 161 1263 229; baseline -0.003 -17"><span class='ocrx_word' id='word_1_3' title='bbox 223 167 351 212; x_wconf 79' lang='lat' dir='ltr'>·tione</span> <span class='ocrx_word' id='word_1_4' title='bbox 379 161 658 222; x_wconf 82' lang='lat' dir='ltr'>gubernentur</span> <span class='ocrx_word' id='word_1_5' title='bbox 687 163 849 216; x_wconf 82' lang='lat' dir='ltr'>aliena,</span> <span class='ocrx_word' id='word_1_6' title='bbox 879 162 924 207; x_wconf 76' lang='grc' dir='ltr'>δι</span> <span class='ocrx_word' id='word_1_7' title='bbox 955 175 1096 229; x_wconf 73' lang='lat' dir='ltr'>mente</span> <span class='ocrx_word' id='word_1_8' title='bbox 1116 179 1263 229; x_wconf 80' lang='lat' dir='ltr'>pauco—</span> 
     </span>
     <span class='ocr_line' id='line_1_3' title="bbox 233 219 1262 286; baseline -0.004 -17"><span class='ocrx_word' id='word_1_9' title='bbox 233 240 329 269; x_wconf 87' lang='lat' dir='ltr'>rum</span> <span class='ocrx_word' id='word_1_10' title='bbox 358 254 372 277; x_wconf 85' lang='lat'>,</span> <span class='ocrx_word' id='word_1_11' title='bbox 420 238 514 267; x_wconf 87' lang='lat' dir='ltr'>cum</span> <span class='ocrx_word' id='word_1_12' title='bbox 547 221 664 277; x_wconf 88' lang='lat' dir='ltr'>pauci</span> <span class='ocrx_word' id='word_1_13' title='bbox 698 221 775 263; x_wconf 86' lang='lat' dir='ltr'>sint</span> <span class='ocrx_word' id='word_1_14' title='bbox 804 219 1026 265; x_wconf 85' lang='lat' dir='ltr'>admodum</span> <span class='ocrx_word' id='word_1_15' title='bbox 1056 237 1100 265; x_wconf 80' lang='lat' dir='ltr'>in</span> <span class='ocrx_word' id='word_1_16' title='bbox 1131 221 1262 286; x_wconf 80' lang='lat' dir='ltr'>quali-</span> 
     </span>
     <span class='ocr_line' id='line_1_4' title="bbox 231 278 1260 344; baseline -0.005 -19"><span class='ocrx_word' id='word_1_17' title='bbox 231 285 300 326; x_wconf 75' lang='lat' dir='ltr'>bet</span> <span class='ocrx_word' id='word_1_18' title='bbox 337 280 505 323; x_wconf 81' lang='lat' dir='ltr'>natione</span> <span class='ocrx_word' id='word_1_19' title='bbox 549 279 744 333; x_wconf 85' lang='lat' dir='ltr'>sapientes</span> <span class='ocrx_word' id='word_1_20' title='bbox 766 307 775 318; x_wconf 86' lang='lat'>.</span> <span class='ocrx_word' id='word_1_21' title='bbox 812 278 954 335; x_wconf 64' lang='lat' dir='ltr'>ltaque</span> <span class='ocrx_word' id='word_1_22' title='bbox 1002 290 1165 342; x_wconf 40' lang='lat' dir='ltr'>oporte-t</span> <span class='ocrx_word' id='word_1_23' title='bbox 1189 278 1260 344; x_wconf 32' lang='lat' dir='ltr'>‘us-</span> 
     </span>
     <span class='ocr_line' id='line_1_5' title="bbox 235 333 1257 399; baseline -0.004 -16"><span class='ocrx_word' id='word_1_24' title='bbox 235 340 330 383; x_wconf 87' lang='lat' dir='ltr'>dem</span> <span class='ocrx_word' id='word_1_25' title='bbox 359 336 581 381; x_wconf 82' lang='lat' dir='ltr'><strong>luminibus</strong></span> <span class='ocrx_word' id='word_1_26' title='bbox 612 347 732 390; x_wconf 87' lang='lat' dir='ltr'>atque</span> <span class='ocrx_word' id='word_1_27' title='bbox 755 333 933 377; x_wconf 88' lang='lat' dir='ltr'>consiliis</span> <span class='ocrx_word' id='word_1_28' title='bbox 955 350 1257 399; x_wconf 38' lang='lat' dir='ltr'>regere-clvlta-</span> 
     </span>
     <span class='ocr_line' id='line_1_6' title="bbox 233 390 1262 450; baseline -0.005 -10"><span class='ocrx_word' id='word_1_29' title='bbox 233 408 292 440; x_wconf 88' lang='lat' dir='ltr'>tes</span> <span class='ocrx_word' id='word_1_30' title='bbox 321 428 333 449; x_wconf 85' lang='lat'>‚</span> <span class='ocrx_word' id='word_1_31' title='bbox 376 394 520 450; x_wconf 90' lang='lat' dir='ltr'>quibus</span> <span class='ocrx_word' id='word_1_32' title='bbox 554 391 719 448; x_wconf 89' lang='lat' dir='ltr'>quisque</span> <span class='ocrx_word' id='word_1_33' title='bbox 756 390 983 447; x_wconf 89' lang='lat' dir='ltr'>sapientum</span> <span class='ocrx_word' id='word_1_34' title='bbox 1023 394 1262 448; x_wconf 81' lang='lat' dir='ltr'>cupiditates</span> 
     </span>
     <span class='ocr_line' id='line_1_7' title="bbox 233 447 1259 505; baseline -0.003 -8"><span class='ocrx_word' id='word_1_35' title='bbox 233 455 320 497; x_wconf 87' lang='lat' dir='ltr'>suas</span> <span class='ocrx_word' id='word_1_36' title='bbox 364 451 549 504; x_wconf 82' lang='lat' dir='ltr'>iramque</span> <span class='ocrx_word' id='word_1_37' title='bbox 585 447 810 503; x_wconf 82' lang='lat' dir='ltr'>gubernat,</span> <span class='ocrx_word' id='word_1_38' title='bbox 841 461 886 492; x_wconf 91' lang='lat' dir='ltr'>ut</span> <span class='ocrx_word' id='word_1_39' title='bbox 914 451 1259 505; x_wconf 84' lang='lat' dir='ltr'>quemadmodum</span> 
     </span>
     <span class='ocr_line' id='line_1_8' title="bbox 233 504 1259 563; baseline -0.002 -10"><span class='ocrx_word' id='word_1_40' title='bbox 233 512 319 563; x_wconf 87' lang='lat' dir='ltr'>ira,</span> <span class='ocrx_word' id='word_1_41' title='bbox 349 508 391 551; x_wconf 72' lang='grc' dir='ltr'>δι</span> <span class='ocrx_word' id='word_1_42' title='bbox 411 504 607 561; x_wconf 84' lang='lat' dir='ltr'>cupiditas</span> <span class='ocrx_word' id='word_1_43' title='bbox 632 505 674 548; x_wconf 87' lang='lat' dir='ltr'>in</span> <span class='ocrx_word' id='word_1_44' title='bbox 701 504 952 561; x_wconf 84' lang='lat' dir='ltr'>singulorum</span> <span class='ocrx_word' id='word_1_45' title='bbox 984 507 1132 551; x_wconf 84' lang='lat' dir='ltr'>animis</span> <span class='ocrx_word' id='word_1_46' title='bbox 1157 507 1259 551; x_wconf 62' lang='lat' dir='ltr'>rcSie</span> 
     </span>
     <span class='ocr_line' id='line_1_9' title="bbox 232 562 1258 625; baseline -0.002 -15"><span class='ocrx_word' id='word_1_47' title='bbox 232 563 466 620; x_wconf 85' lang='lat' dir='ltr'>compositis</span> <span class='ocrx_word' id='word_1_48' title='bbox 503 563 758 617; x_wconf 79' lang='lat' dir='ltr'>obtempera-t</span> <span class='ocrx_word' id='word_1_49' title='bbox 794 562 941 625; x_wconf 75' lang='lat' dir='ltr'>rationi</span> <span class='ocrx_word' id='word_1_50' title='bbox 982 565 1176 619; x_wconf 75' lang='lat' dir='ltr'>privatae3</span> <span class='ocrx_word' id='word_1_51' title='bbox 1209 564 1258 608; x_wconf 80' lang='lat' dir='ltr'>fic</span> 
     </span>
     <span class='ocr_line' id='line_1_10' title="bbox 233 620 1259 685; baseline -0.002 -19"><span class='ocrx_word' id='word_1_52' title='bbox 233 621 446 680; x_wconf 84' lang='lat' dir='ltr'>potentia,</span> <span class='ocrx_word' id='word_1_53' title='bbox 478 620 750 676; x_wconf 77' lang='lat' dir='ltr'>numerusque</span> <span class='ocrx_word' id='word_1_54' title='bbox 781 635 913 672; x_wconf 66' lang='lat' dir='ltr'>maior</span> <span class='ocrx_word' id='word_1_55' title='bbox 944 652 955 673; x_wconf 90' lang='lat'><strong>‚</strong></span> <span class='ocrx_word' id='word_1_56' title='bbox 985 636 1135 684; x_wconf 27' lang='lat' dir='ltr'>‘nempe</span> <span class='ocrx_word' id='word_1_57' title='bbox 1169 639 1259 685; x_wconf 75' lang='lat' dir='ltr'>pro-</span> 
     </span>
     <span class='ocr_line' id='line_1_11' title="bbox 233 677 1258 744; baseline -0.003 -19"><span class='ocrx_word' id='word_1_58' title='bbox 233 695 367 733; x_wconf 84' lang='lat' dir='ltr'>ceres,</span> <span class='ocrx_word' id='word_1_59' title='bbox 399 678 442 722; x_wconf 80' lang='lat'>&amp;</span> <span class='ocrx_word' id='word_1_60' title='bbox 462 677 685 721; x_wconf 87' lang='lat' dir='ltr'>multitudo</span> <span class='ocrx_word' id='word_1_61' title='bbox 718 689 883 733; x_wconf 85' lang='lat' dir='ltr'>pareant</span> <span class='ocrx_word' id='word_1_62' title='bbox 915 677 1156 744; x_wconf 43' lang='lat' dir='ltr'>sapientum.</span> <span class='ocrx_word' id='word_1_63' title='bbox 1176 682 1258 723; x_wconf 85' lang='lat' dir='ltr'>scn—</span> 
     </span>
     <span class='ocr_line' id='line_1_12' title="bbox 232 734 1258 800; baseline -0.004 -17"><span class='ocrx_word' id='word_1_64' title='bbox 232 736 377 784; x_wconf 87' lang='lat' dir='ltr'>tentiis</span> <span class='ocrx_word' id='word_1_65' title='bbox 405 768 418 790; x_wconf 87' lang='lat'>,</span> <span class='ocrx_word' id='word_1_66' title='bbox 449 750 537 792; x_wconf 66' lang='lat' dir='ltr'>quse</span> <span class='ocrx_word' id='word_1_67' title='bbox 568 734 659 778; x_wconf 91' lang='lat' dir='ltr'>sunt</span> <span class='ocrx_word' id='word_1_68' title='bbox 690 750 807 778; x_wconf 88' lang='lat' dir='ltr'>mens</span> <span class='ocrx_word' id='word_1_69' title='bbox 837 734 971 798; x_wconf 62' lang='lat' dir='ltr'>CiYihS</span> <span class='ocrx_word' id='word_1_70' title='bbox 996 751 1203 800; x_wconf 80' lang='lat' dir='ltr'>corporis,</span> <span class='ocrx_word' id='word_1_71' title='bbox 1223 753 1258 780; x_wconf 69' lang='grc' dir='ltr'>,α</span> 
     </span>
     <span class='ocr_line' id='line_1_13' title="bbox 230 791 1256 853; baseline -0.002 -14"><span class='ocrx_word' id='word_1_72' title='bbox 230 812 310 853; x_wconf 84' lang='lat' dir='ltr'>qua</span> <span class='ocrx_word' id='word_1_73' title='bbox 340 794 384 837; x_wconf 88' lang='lat' dir='ltr'>in</span> <span class='ocrx_word' id='word_1_74' title='bbox 416 792 647 838; x_wconf 82' lang='lat' dir='ltr'>universam</span> <span class='ocrx_word' id='word_1_75' title='bbox 699 791 998 847; x_wconf 83' lang='lat' dir='ltr'>rempublicam</span> <span class='ocrx_word' id='word_1_76' title='bbox 1031 806 1133 836; x_wconf 85' lang='lat' dir='ltr'>ratio</span> <span class='ocrx_word' id='word_1_77' title='bbox 1165 810 1256 850; x_wconf 82' lang='lat' dir='ltr'>pro-</span> 
     </span>
     <span class='ocr_line' id='line_1_14' title="bbox 231 848 1255 915; baseline -0.002 -19"><span class='ocrx_word' id='word_1_78' title='bbox 231 863 402 909; x_wconf 83' lang='lat' dir='ltr'>pagatur</span> <span class='ocrx_word' id='word_1_79' title='bbox 427 867 436 892; x_wconf 77' lang='grc' dir='ltr'><strong>ε</strong></span> <span class='ocrx_word' id='word_1_80' title='bbox 471 865 596 905; x_wconf 90' lang='lat' dir='ltr'>eaque</span> <span class='ocrx_word' id='word_1_81' title='bbox 627 848 762 893; x_wconf 86' lang='lat' dir='ltr'>civilis</span> <span class='ocrx_word' id='word_1_82' title='bbox 793 850 887 893; x_wconf 83' lang='lat' dir='ltr'>vitae</span> <span class='ocrx_word' id='word_1_83' title='bbox 917 849 1153 915; x_wconf 78' lang='lat' dir='ltr'>constitutio</span> <span class='ocrx_word' id='word_1_84' title='bbox 1181 851 1255 894; x_wconf 84' lang='lat' dir='ltr'>erit</span> 
     </span>
     <span class='ocr_line' id='line_1_15' title="bbox 225 906 1256 964; baseline -0.002 -10"><span class='ocrx_word' id='word_1_85' title='bbox 225 910 344 954; x_wconf 74' lang='lat' dir='ltr'>misia</span> <span class='ocrx_word' id='word_1_86' title='bbox 376 906 521 951; x_wconf 87' lang='lat' dir='ltr'>civitas</span> <span class='ocrx_word' id='word_1_87' title='bbox 547 924 556 949; x_wconf 75' lang='grc' dir='ltr'><strong><em>ε</em></strong></span> <span class='ocrx_word' id='word_1_88' title='bbox 599 923 682 964; x_wconf 90' lang='lat' dir='ltr'>quo</span> <span class='ocrx_word' id='word_1_89' title='bbox 711 906 783 951; x_wconf 88' lang='lat' dir='ltr'>etfi</span> <span class='ocrx_word' id='word_1_90' title='bbox 834 923 1055 963; x_wconf 87' lang='lat' dir='ltr'>paucorum</span> <span class='ocrx_word' id='word_1_91' title='bbox 1087 920 1256 952; x_wconf 80' lang='lat' dir='ltr'>virtutes</span> 
     </span>
     <span class='ocr_line' id='line_1_16' title="bbox 224 963 1254 1031; baseline -0.003 -19"><span class='ocrx_word' id='word_1_92' title='bbox 224 965 477 1012; x_wconf 87' lang='lat' dir='ltr'>conveniant</span> <span class='ocrx_word' id='word_1_93' title='bbox 502 997 514 1018; x_wconf 87' lang='lat'>,</span> <span class='ocrx_word' id='word_1_94' title='bbox 562 964 606 1008; x_wconf 67' lang='grc' dir='ltr'>δι</span> <span class='ocrx_word' id='word_1_95' title='bbox 638 964 739 1008; x_wconf 88' lang='lat' dir='ltr'>vitia</span> <span class='ocrx_word' id='word_1_96' title='bbox 770 963 1043 1020; x_wconf 88' lang='lat' dir='ltr'>plurimorum</span> <span class='ocrx_word' id='word_1_97' title='bbox 1070 981 1083 1020; x_wconf 80' lang='lat'>3</span> <span class='ocrx_word' id='word_1_98' title='bbox 1115 980 1254 1031; x_wconf 79' lang='lat' dir='ltr'>tamen</span> 
     </span>
     <span class='ocr_line' id='line_1_17' title="bbox 224 1020 1254 1089; baseline -0.001 -21"><span class='ocrx_word' id='word_1_99' title='bbox 224 1025 322 1081; x_wconf 86' lang='lat' dir='ltr'>quia</span> <span class='ocrx_word' id='word_1_100' title='bbox 354 1022 533 1087; x_wconf 88' lang='lat' dir='ltr'>plurium</span> <span class='ocrx_word' id='word_1_101' title='bbox 564 1021 797 1066; x_wconf 64' lang='lat' dir='ltr'>affee‘ciones</span> <span class='ocrx_word' id='word_1_102' title='bbox 839 1020 1062 1088; x_wconf 72' lang='lat' dir='ltr'>paucorum</span> <span class='ocrx_word' id='word_1_103' title='bbox 1095 1024 1254 1089; x_wconf 63' lang='lat' dir='ltr'>‚rationi</span> 
     </span>
     <span class='ocr_line' id='line_1_18' title="bbox 228 1080 1254 1134; baseline -0.001 -8"><span class='ocrx_word' id='word_1_104' title='bbox 228 1082 497 1134; x_wconf 77' lang='lat' dir='ltr'>subjiciuntur</span> <span class='ocrx_word' id='word_1_105' title='bbox 529 1095 542 1134; x_wconf 82' lang='lat'>3</span> <span class='ocrx_word' id='word_1_106' title='bbox 574 1080 740 1134; x_wconf 84' lang='lat' dir='ltr'>evenit,</span> <span class='ocrx_word' id='word_1_107' title='bbox 771 1091 816 1124; x_wconf 90' lang='lat' dir='ltr'>ut</span> <span class='ocrx_word' id='word_1_108' title='bbox 845 1097 868 1124; x_wconf 87' lang='lat' dir='ltr'>a</span> <span class='ocrx_word' id='word_1_109' title='bbox 899 1081 1124 1125; x_wconf 79' lang='lat' dir='ltr'>virtutibus</span> <span class='ocrx_word' id='word_1_110' title='bbox 1155 1095 1254 1126; x_wconf 80' lang='lat' dir='ltr'>vitia</span> 
     </span>
     <span class='ocr_line' id='line_1_19' title="bbox 228 1136 1254 1203; baseline -0.002 -19"><span class='ocrx_word' id='word_1_111' title='bbox 228 1141 464 1195; x_wconf 79' lang='lat' dir='ltr'>superentur</span> <span class='ocrx_word' id='word_1_112' title='bbox 493 1169 506 1191; x_wconf 85' lang='lat'>,</span> <span class='ocrx_word' id='word_1_113' title='bbox 538 1136 581 1181; x_wconf 63' lang='grc' dir='ltr'>ὃς</span> <span class='ocrx_word' id='word_1_114' title='bbox 610 1137 793 1182; x_wconf 88' lang='lat' dir='ltr'>civitatis</span> <span class='ocrx_word' id='word_1_115' title='bbox 823 1137 1089 1183; x_wconf 88' lang='lat' dir='ltr'>constituatur</span> <span class='ocrx_word' id='word_1_116' title='bbox 1119 1139 1254 1203; x_wconf 70' lang='lat' dir='ltr'>status,</span> 
     </span>
     <span class='ocr_line' id='line_1_20' title="bbox 230 1194 1253 1253; baseline 0.001 -13"><span class='ocrx_word' id='word_1_117' title='bbox 230 1211 430 1253; x_wconf 86' lang='lat' dir='ltr'>quatenus</span> <span class='ocrx_word' id='word_1_118' title='bbox 470 1194 661 1238; x_wconf 86' lang='lat' dir='ltr'>mortalis</span> <span class='ocrx_word' id='word_1_119' title='bbox 702 1195 786 1239; x_wconf 86' lang='lat' dir='ltr'>vita</span> <span class='ocrx_word' id='word_1_120' title='bbox 827 1195 1020 1252; x_wconf 85' lang='lat' dir='ltr'>patitur,</span> <span class='ocrx_word' id='word_1_121' title='bbox 1061 1211 1253 1242; x_wconf 82' lang='lat' dir='ltr'>omnium</span> 
     </span>
    </p>
   </div>
   <div class='ocr_carea' id='block_1_3' title="bbox 221 1255 1080 1354">
    <p class='ocr_par' dir='ltr' id='par_1_3' title="bbox 221 1255 1080 1354">
     <span class='ocr_line' id='line_1_21' title="bbox 221 1255 425 1311; baseline -0.015 -13"><span class='ocrx_word' id='word_1_122' title='bbox 221 1255 425 1311; x_wconf 76' lang='lat' dir='ltr'>optimus,</span> 
     </span>
     <span class='ocr_line' id='line_1_22' title="bbox 391 1309 1080 1354; baseline -0.003 0"><span class='ocrx_word' id='word_1_123' title='bbox 391 1311 432 1354; x_wconf 88' lang='lat' dir='ltr'>C</span> <span class='ocrx_word' id='word_1_124' title='bbox 491 1312 532 1354; x_wconf 91' lang='lat' dir='ltr'>A</span> <span class='ocrx_word' id='word_1_125' title='bbox 593 1309 625 1352; x_wconf 87' lang='lat' dir='ltr'>P</span> <span class='ocrx_word' id='word_1_126' title='bbox 682 1311 727 1351; x_wconf 92' lang='lat' dir='ltr'>U</span> <span class='ocrx_word' id='word_1_127' title='bbox 788 1310 831 1352; x_wconf 90' lang='lat' dir='ltr'>T</span> <span class='ocrx_word' id='word_1_128' title='bbox 948 1312 1080 1353; x_wconf 84' lang='lat' dir='ltr'>VIII.</span> 
     </span>
    </p>
   </div>
   <div class='ocr_carea' id='block_1_4' title="bbox 285 1394 1178 1453">
    <p class='ocr_par' dir='ltr' id='par_1_4' title="bbox 285 1394 1178 1453">
     <span class='ocr_line' id='line_1_23' title="bbox 285 1394 1178 1453; baseline 0.003 -14"><span class='ocrx_word' id='word_1_129' title='bbox 285 1398 352 1442; x_wconf 86' lang='lat' dir='ltr'>De</span> <span class='ocrx_word' id='word_1_130' title='bbox 372 1396 523 1453; x_wconf 81' lang='lat' dir='ltr'>legibus</span> <span class='ocrx_word' id='word_1_131' title='bbox 544 1394 766 1448; x_wconf 80' lang='lat' dir='ltr'>civilibus,</span> <span class='ocrx_word' id='word_1_132' title='bbox 794 1394 852 1439; x_wconf 62' lang='lat'>(9¹</span> <span class='ocrx_word' id='word_1_133' title='bbox 875 1410 1007 1439; x_wconf 83' lang='lat' dir='ltr'>earum</span> <span class='ocrx_word' id='word_1_134' title='bbox 1033 1395 1178 1452; x_wconf 80' lang='lat' dir='ltr'>caufis.</span> 
     </span>
    </p>
   </div>
   <div class='ocr_carea' id='block_1_5' title="bbox 211 1480 1257 2571">
    <p class='ocr_par' dir='ltr' id='par_1_5' title="bbox 233 1480 1255 1539">
     <span class='ocr_line' id='line_1_24' title="bbox 233 1480 1255 1539; baseline 0.003 -13"><span class='ocrx_word' id='word_1_135' title='bbox 233 1500 235 1503; x_wconf 56' lang='lat'><strong><em>¹</em></strong></span> <span class='ocrx_word' id='word_1_136' title='bbox 330 1484 463 1527; x_wconf 84' lang='lat' dir='ltr'>Erum</span> <span class='ocrx_word' id='word_1_137' title='bbox 493 1480 714 1526; x_wconf 78' lang='lat' dir='ltr'>insolentia</span> <span class='ocrx_word' id='word_1_138' title='bbox 745 1512 758 1535; x_wconf 86' lang='lat'>‚</span> <span class='ocrx_word' id='word_1_139' title='bbox 799 1480 844 1525; x_wconf 88' lang='lat'>&amp;</span> <span class='ocrx_word' id='word_1_140' title='bbox 874 1480 982 1525; x_wconf 88' lang='lat' dir='ltr'>livor</span> <span class='ocrx_word' id='word_1_141' title='bbox 1021 1483 1255 1539; x_wconf 84' lang='lat' dir='ltr'>opulentio-</span> 
     </span>
    </p>

    <p class='ocr_par' dir='ltr' id='par_1_6' title="bbox 211 1538 1257 2571">
     <span class='ocr_line' id='line_1_25' title="bbox 347 1538 1255 1597; baseline 0.002 -13"><span class='ocrx_word' id='word_1_142' title='bbox 347 1556 439 1584; x_wconf 84' lang='lat' dir='ltr'>rum</span> <span class='ocrx_word' id='word_1_143' title='bbox 479 1539 664 1583; x_wconf 89' lang='lat' dir='ltr'>adversus</span> <span class='ocrx_word' id='word_1_144' title='bbox 684 1554 781 1592; x_wconf 87' lang='lat' dir='ltr'>eos,</span> <span class='ocrx_word' id='word_1_145' title='bbox 811 1555 834 1581; x_wconf 93' lang='lat' dir='ltr'>a</span> <span class='ocrx_word' id='word_1_146' title='bbox 863 1538 1008 1595; x_wconf 86' lang='lat' dir='ltr'>quibus</span> <span class='ocrx_word' id='word_1_147' title='bbox 1042 1542 1255 1597; x_wconf 85' lang='lat' dir='ltr'>prudentia</span> 
     </span>
     <span class='ocr_line' id='line_1_26' title="bbox 221 1595 1257 1655; baseline 0.002 -13"><span class='ocrx_word' id='word_1_148' title='bbox 221 1599 449 1642; x_wconf 81' lang='lat' dir='ltr'>vincuntur</span> <span class='ocrx_word' id='word_1_149' title='bbox 474 1629 487 1651; x_wconf 92' lang='lat'>‚</span> <span class='ocrx_word' id='word_1_150' title='bbox 530 1597 711 1652; x_wconf 85' lang='lat' dir='ltr'>itemque</span> <span class='ocrx_word' id='word_1_151' title='bbox 746 1595 1028 1641; x_wconf 81' lang='lat' dir='ltr'>multitudinis</span> <span class='ocrx_word' id='word_1_152' title='bbox 1058 1600 1257 1655; x_wconf 77' lang='lat' dir='ltr'>amentia,</span> 
     </span>
     <span class='ocr_line' id='line_1_27' title="bbox 224 1654 1255 1713; baseline 0.002 -14"><span class='ocrx_word' id='word_1_153' title='bbox 224 1672 313 1713; x_wconf 85' lang='lat' dir='ltr'>quae</span> <span class='ocrx_word' id='word_1_154' title='bbox 344 1655 475 1712; x_wconf 84' lang='lat' dir='ltr'>magis</span> <span class='ocrx_word' id='word_1_155' title='bbox 505 1654 668 1698; x_wconf 79' lang='lat' dir='ltr'>divitias</span> <span class='ocrx_word' id='word_1_156' title='bbox 695 1685 707 1707; x_wconf 86' lang='lat'>,</span> <span class='ocrx_word' id='word_1_157' title='bbox 740 1668 863 1710; x_wconf 90' lang='lat' dir='ltr'>quam</span> <span class='ocrx_word' id='word_1_158' title='bbox 899 1654 1157 1710; x_wconf 87' lang='lat' dir='ltr'>prudentiam</span> <span class='ocrx_word' id='word_1_159' title='bbox 1188 1659 1255 1701; x_wconf 84' lang='lat' dir='ltr'>ad-</span> 
     </span>
     <span class='ocr_line' id='line_1_28' title="bbox 221 1711 1255 1769; baseline 0.002 -12"><span class='ocrx_word' id='word_1_160' title='bbox 221 1714 397 1757; x_wconf 81' lang='lat' dir='ltr'>miratur</span> <span class='ocrx_word' id='word_1_161' title='bbox 427 1744 440 1766; x_wconf 88' lang='lat'>‚</span> <span class='ocrx_word' id='word_1_162' title='bbox 476 1712 704 1768; x_wconf 85' lang='lat' dir='ltr'>sapientum</span> <span class='ocrx_word' id='word_1_163' title='bbox 735 1711 916 1755; x_wconf 86' lang='lat' dir='ltr'>consiliis</span> <span class='ocrx_word' id='word_1_164' title='bbox 948 1728 1160 1769; x_wconf 89' lang='lat' dir='ltr'>nunquam</span> <span class='ocrx_word' id='word_1_165' title='bbox 1192 1732 1255 1759; x_wconf 91' lang='lat' dir='ltr'>ce-</span> 
     </span>
     <span class='ocr_line' id='line_1_29' title="bbox 221 1768 1256 1825; baseline 0.003 -11"><span class='ocrx_word' id='word_1_166' title='bbox 221 1772 363 1814; x_wconf 89' lang='lat' dir='ltr'>derent</span> <span class='ocrx_word' id='word_1_167' title='bbox 399 1786 412 1823; x_wconf 79' lang='lat'>3</span> <span class='ocrx_word' id='word_1_168' title='bbox 463 1785 596 1825; x_wconf 88' lang='lat' dir='ltr'>neque</span> <span class='ocrx_word' id='word_1_169' title='bbox 626 1768 800 1824; x_wconf 82' lang='lat' dir='ltr'>populus</span> <span class='ocrx_word' id='word_1_170' title='bbox 844 1769 919 1813; x_wconf 90' lang='lat' dir='ltr'>sese</span> <span class='ocrx_word' id='word_1_171' title='bbox 952 1772 1174 1825; x_wconf 82' lang='lat' dir='ltr'>regendum</span> <span class='ocrx_word' id='word_1_172' title='bbox 1206 1773 1256 1817; x_wconf 86' lang='lat' dir='ltr'>iis</span> 
     </span>
     <span class='ocr_line' id='line_1_30' title="bbox 223 1826 1253 1887; baseline 0.004 -17"><span class='ocrx_word' id='word_1_173' title='bbox 223 1828 398 1872; x_wconf 87' lang='lat' dir='ltr'>traderet</span> <span class='ocrx_word' id='word_1_174' title='bbox 429 1826 559 1870; x_wconf 89' lang='lat' dir='ltr'>adhuc</span> <span class='ocrx_word' id='word_1_175' title='bbox 586 1826 849 1881; x_wconf 77' lang='lat' dir='ltr'>viventibus,</span> <span class='ocrx_word' id='word_1_176' title='bbox 881 1826 955 1870; x_wconf 88' lang='lat' dir='ltr'>nisi</span> <span class='ocrx_word' id='word_1_177' title='bbox 984 1830 1187 1887; x_wconf 86' lang='lat' dir='ltr'>propriam</span> <span class='ocrx_word' id='word_1_178' title='bbox 1209 1831 1253 1873; x_wconf 83' lang='lat' dir='ltr'>fi-</span> 
     </span>
     <span class='ocr_line' id='line_1_31' title="bbox 221 1883 1254 1942; baseline 0.003 -13"><span class='ocrx_word' id='word_1_179' title='bbox 221 1885 264 1929; x_wconf 91' lang='lat' dir='ltr'>bi</span> <span class='ocrx_word' id='word_1_180' title='bbox 309 1885 520 1941; x_wconf 82' lang='lat' dir='ltr'>personam</span> <span class='ocrx_word' id='word_1_181' title='bbox 554 1883 834 1927; x_wconf 83' lang='lat' dir='ltr'>subtraherent</span> <span class='ocrx_word' id='word_1_182' title='bbox 858 1915 870 1938; x_wconf 92' lang='lat'>,</span> <span class='ocrx_word' id='word_1_183' title='bbox 911 1898 1033 1942; x_wconf 88' lang='lat' dir='ltr'>atque</span> <span class='ocrx_word' id='word_1_184' title='bbox 1065 1887 1254 1932; x_wconf 86' lang='lat' dir='ltr'>divinum</span> 
     </span>
     <span class='ocr_line' id='line_1_32' title="bbox 224 1941 1256 2000; baseline 0.004 -14"><span class='ocrx_word' id='word_1_185' title='bbox 224 1959 381 1987; x_wconf 87' lang='lat' dir='ltr'>numen</span> <span class='ocrx_word' id='word_1_186' title='bbox 407 1975 420 1996; x_wconf 84' lang='lat'>,</span> <span class='ocrx_word' id='word_1_187' title='bbox 464 1957 552 1998; x_wconf 88' lang='lat' dir='ltr'>quae</span> <span class='ocrx_word' id='word_1_188' title='bbox 583 1941 770 1997; x_wconf 87' lang='lat' dir='ltr'>suprema</span> <span class='ocrx_word' id='word_1_189' title='bbox 800 1953 908 1986; x_wconf 87' lang='lat' dir='ltr'>certe</span> <span class='ocrx_word' id='word_1_190' title='bbox 940 1944 1046 1987; x_wconf 85' lang='lat' dir='ltr'>ratio</span> <span class='ocrx_word' id='word_1_191' title='bbox 1075 1945 1130 1989; x_wconf 83' lang='lat' dir='ltr'>est</span> <span class='ocrx_word' id='word_1_192' title='bbox 1165 1977 1177 2000; x_wconf 92' lang='lat'><strong>,</strong></span> <span class='ocrx_word' id='word_1_193' title='bbox 1209 1962 1256 1990; x_wconf 89' lang='lat' dir='ltr'>ac</span> 
     </span>
     <span class='ocr_line' id='line_1_33' title="bbox 222 1999 1253 2058; baseline 0.003 -14"><span class='ocrx_word' id='word_1_194' title='bbox 222 2005 381 2044; x_wconf 79' lang='lat' dir='ltr'>summa</span> <span class='ocrx_word' id='word_1_195' title='bbox 402 2000 468 2044; x_wconf 86' lang='lat' dir='ltr'>lex</span> <span class='ocrx_word' id='word_1_196' title='bbox 487 2011 715 2043; x_wconf 86' lang='lat' dir='ltr'>creatarum</span> <span class='ocrx_word' id='word_1_197' title='bbox 730 2031 743 2053; x_wconf 86' lang='lat'>‚</span> <span class='ocrx_word' id='word_1_198' title='bbox 773 1999 815 2042; x_wconf 74' lang='grc' dir='ltr'>ἆ</span> <span class='ocrx_word' id='word_1_199' title='bbox 835 2012 1078 2045; x_wconf 84' lang='lat' dir='ltr'>aeternarum</span> <span class='ocrx_word' id='word_1_200' title='bbox 1102 2018 1253 2058; x_wconf 87' lang='lat' dir='ltr'>rerum,</span> 
     </span>
     <span class='ocr_line' id='line_1_34' title="bbox 225 2056 1253 2126; baseline 0.004 -26"><span class='ocrx_word' id='word_1_201' title='bbox 225 2057 470 2101; x_wconf 80' lang='lat' dir='ltr'>inducerent</span> <span class='ocrx_word' id='word_1_202' title='bbox 500 2088 513 2109; x_wconf 83' lang='lat'>,</span> <span class='ocrx_word' id='word_1_203' title='bbox 543 2056 825 2112; x_wconf 79' lang='lat' dir='ltr'>rationemque</span> <span class='ocrx_word' id='word_1_204' title='bbox 862 2058 971 2121; x_wconf 80' lang='lat' dir='ltr'>suam</span> <span class='ocrx_word' id='word_1_205' title='bbox 1000 2061 1216 2126; x_wconf 30' lang='lat' dir='ltr'>‘vivente-m</span> <span class='ocrx_word' id='word_1_206' title='bbox 1241 2093 1253 2115; x_wconf 82' lang='lat'>‚</span> 
     </span>
     <span class='ocr_line' id='line_1_35' title="bbox 226 2114 1249 2183; baseline 0.004 -25"><span class='ocrx_word' id='word_1_207' title='bbox 226 2115 270 2158; x_wconf 69' lang='lat'>8&lt;</span> <span class='ocrx_word' id='word_1_208' title='bbox 301 2114 516 2171; x_wconf 83' lang='lat' dir='ltr'>loquacem</span> <span class='ocrx_word' id='word_1_209' title='bbox 547 2126 835 2158; x_wconf 87' lang='lat' dir='ltr'>converterent</span> <span class='ocrx_word' id='word_1_210' title='bbox 866 2130 920 2179; x_wconf 39' lang='lat' dir='ltr'>in·</span> <span class='ocrx_word' id='word_1_211' title='bbox 934 2128 1138 2162; x_wconf 77' lang='lat' dir='ltr'>rationem</span> <span class='ocrx_word' id='word_1_212' title='bbox 1162 2134 1249 2183; x_wconf 85' lang='lat' dir='ltr'>¹ina-</span> 
     </span>
     <span class='ocr_line' id='line_1_36' title="bbox 224 2171 1252 2229; baseline 0.006 -15"><span class='ocrx_word' id='word_1_213' title='bbox 224 2173 384 2215; x_wconf 89' lang='lat' dir='ltr'>nimem</span> <span class='ocrx_word' id='word_1_214' title='bbox 411 2203 423 2225; x_wconf 87' lang='lat'>‚</span> <span class='ocrx_word' id='word_1_215' title='bbox 465 2172 510 2214; x_wconf 73' lang='grc' dir='ltr'>δε</span> <span class='ocrx_word' id='word_1_216' title='bbox 548 2171 617 2214; x_wconf 90' lang='lat' dir='ltr'>scri</span> <span class='ocrx_word' id='word_1_217' title='bbox 653 2182 735 2215; x_wconf 88' lang='lat' dir='ltr'>tam</span> <span class='ocrx_word' id='word_1_218' title='bbox 762 2202 774 2225; x_wconf 86' lang='lat'>,</span> <span class='ocrx_word' id='word_1_219' title='bbox 805 2187 1005 2229; x_wconf 86' lang='lat' dir='ltr'>omnlque</span> <span class='ocrx_word' id='word_1_220' title='bbox 1040 2175 1252 2221; x_wconf 62' lang='lat' dir='ltr'>affeehone</span> 
     </span>
     <span class='ocr_line' id='line_1_37' title="bbox 226 2187 1249 2288; baseline 0.007 -17"><span class='ocrx_word' id='word_1_221' title='bbox 226 2229 468 2285; x_wconf 83' lang='lat' dir='ltr'>spoliatam,</span> <span class='ocrx_word' id='word_1_222' title='bbox 500 2244 588 2284; x_wconf 81' lang='lat' dir='ltr'>quae</span> <span class='ocrx_word' id='word_1_223' title='bbox 620 2187 726 2284; x_wconf 56' lang='lat' dir='ltr'>llieges</span> <span class='ocrx_word' id='word_1_224' title='bbox 751 2245 772 2272; x_wconf 87' lang='lat' dir='ltr'>a</span> <span class='ocrx_word' id='word_1_225' title='bbox 805 2229 1032 2284; x_wconf 88' lang='lat' dir='ltr'>pellantur.</span> <span class='ocrx_word' id='word_1_226' title='bbox 1065 2234 1249 2288; x_wconf 84' lang='lat' dir='ltr'>Quamo-</span> 
     </span>
     <span class='ocr_line' id='line_1_38' title="bbox 221 2285 1249 2343; baseline 0.006 -13"><span class='ocrx_word' id='word_1_227' title='bbox 221 2287 334 2330; x_wconf 86' lang='lat' dir='ltr'>brem</span> <span class='ocrx_word' id='word_1_228' title='bbox 351 2285 702 2342; x_wconf 81' lang='lat' dir='ltr'>primaevaeleges‚</span> <span class='ocrx_word' id='word_1_229' title='bbox 722 2301 768 2330; x_wconf 87' lang='lat' dir='ltr'>ve</span> <span class='ocrx_word' id='word_1_230' title='bbox 808 2302 946 2331; x_wconf 82' lang='lat' dir='ltr'>revera</span> <span class='ocrx_word' id='word_1_231' title='bbox 962 2289 1091 2343; x_wconf 90' lang='lat' dir='ltr'>ipsum</span> <span class='ocrx_word' id='word_1_232' title='bbox 1114 2293 1249 2335; x_wconf 89' lang='lat' dir='ltr'>Deum</span> 
     </span>
     <span class='ocr_line' id='line_1_39' title="bbox 220 2343 1249 2400; baseline 0.006 -13"><span class='ocrx_word' id='word_1_233' title='bbox 220 2344 451 2388; x_wconf 81' lang='lat' dir='ltr'>habuerunt</span> <span class='ocrx_word' id='word_1_234' title='bbox 485 2343 693 2387; x_wconf 65' lang='lat' dir='ltr'>aucotorem</span> <span class='ocrx_word' id='word_1_235' title='bbox 722 2375 734 2396; x_wconf 87' lang='lat'>‚</span> <span class='ocrx_word' id='word_1_236' title='bbox 783 2344 919 2400; x_wconf 87' lang='lat' dir='ltr'>quales</span> <span class='ocrx_word' id='word_1_237' title='bbox 956 2345 1121 2392; x_wconf 84' lang='lat' dir='ltr'>fuerunt</span> <span class='ocrx_word' id='word_1_238' title='bbox 1163 2351 1249 2393; x_wconf 89' lang='lat' dir='ltr'>He-</span> 
     </span>
     <span class='ocr_line' id='line_1_40' title="bbox 211 2400 1252 2454; baseline 0.006 -10"><span class='ocrx_word' id='word_1_239' title='bbox 211 2403 454 2454; x_wconf 80' lang='lat' dir='ltr'>·brae0rum;</span> <span class='ocrx_word' id='word_1_240' title='bbox 486 2400 550 2444; x_wconf 87' lang='lat' dir='ltr'>vel</span> <span class='ocrx_word' id='word_1_241' title='bbox 574 2401 621 2444; x_wconf 83' lang='lat' dir='ltr'>acl</span> <span class='ocrx_word' id='word_1_242' title='bbox 656 2403 791 2444; x_wconf 88' lang='lat' dir='ltr'>Deum</span> <span class='ocrx_word' id='word_1_243' title='bbox 819 2415 1017 2447; x_wconf 69' lang='lat' dir='ltr'>revocatae</span> <span class='ocrx_word' id='word_1_244' title='bbox 1037 2405 1200 2449; x_wconf 88' lang='lat' dir='ltr'>fuerunt</span> <span class='ocrx_word' id='word_1_245' title='bbox 1230 2424 1252 2450; x_wconf 88' lang='lat' dir='ltr'>a</span> 
     </span>
     <span class='ocr_line' id='line_1_41' title="bbox 227 2457 1252 2517; baseline 0.005 -16"><span class='ocrx_word' id='word_1_246' title='bbox 227 2459 305 2502; x_wconf 88' lang='lat' dir='ltr'>suis</span> <span class='ocrx_word' id='word_1_247' title='bbox 336 2458 524 2513; x_wconf 84' lang='lat' dir='ltr'>cujusque</span> <span class='ocrx_word' id='word_1_248' title='bbox 549 2457 873 2513; x_wconf 83' lang='lat' dir='ltr'>legislatoribus,</span> <span class='ocrx_word' id='word_1_249' title='bbox 906 2474 950 2503; x_wconf 88' lang='lat' dir='ltr'>ut</span> <span class='ocrx_word' id='word_1_250' title='bbox 973 2461 1123 2513; x_wconf 58' lang='lat' dir='ltr'>adjecta</span> <span class='ocrx_word' id='word_1_251' title='bbox 1152 2463 1252 2517; x_wconf 82' lang='lat' dir='ltr'>legi-</span> 
     </span>
     <span class='ocr_line' id='line_1_42' title="bbox 226 2515 1250 2571; baseline 0.005 -13"><span class='ocrx_word' id='word_1_252' title='bbox 226 2516 299 2559; x_wconf 87' lang='lat' dir='ltr'>bus</span> <span class='ocrx_word' id='word_1_253' title='bbox 334 2515 551 2558; x_wconf 61' lang='lat' dir='ltr'>aufi‘toritas</span> <span class='ocrx_word' id='word_1_254' title='bbox 582 2515 748 2569; x_wconf 88' lang='lat' dir='ltr'>divina,</span> <span class='ocrx_word' id='word_1_255' title='bbox 782 2516 1026 2571; x_wconf 78' lang='lat' dir='ltr'>legislatores</span> <span class='ocrx_word' id='word_1_256' title='bbox 1060 2521 1110 2561; x_wconf 85' lang='lat' dir='ltr'>ab</span> <span class='ocrx_word' id='word_1_257' title='bbox 1142 2520 1250 2563; x_wconf 88' lang='lat' dir='ltr'>invi-</span> 
     </span>
    </p>
   </div>
   <div class='ocr_carea' id='block_1_6' title="bbox 1307 163 2344 855">
    <p class='ocr_par' dir='ltr' id='par_1_7' title="bbox 1307 163 2344 855">
     <span class='ocr_line' id='line_1_43' title="bbox 1313 163 2341 230; baseline 0.012 -22"><span class='ocrx_word' id='word_1_258' title='bbox 1313 175 1503 209; x_wconf 87' lang='lat' dir='ltr'>naturam</span> <span class='ocrx_word' id='word_1_259' title='bbox 1535 163 1719 209; x_wconf 83' lang='lat' dir='ltr'>funditus</span> <span class='ocrx_word' id='word_1_260' title='bbox 1749 164 1931 221; x_wconf 81' lang='lat' dir='ltr'>tollunt3</span> <span class='ocrx_word' id='word_1_261' title='bbox 1962 165 2106 230; x_wconf 78' lang='lat' dir='ltr'>aliquae</span> <span class='ocrx_word' id='word_1_262' title='bbox 2137 186 2158 215; x_wconf 86' lang='lat' dir='ltr'>a</span> <span class='ocrx_word' id='word_1_263' title='bbox 2197 174 2341 229; x_wconf 78' lang='lat' dir='ltr'>guber-</span> 
     </span>
     <span class='ocr_line' id='line_1_44' title="bbox 1312 221 2340 288; baseline 0.013 -24"><span class='ocrx_word' id='word_1_264' title='bbox 1312 221 1478 267; x_wconf 89' lang='lat' dir='ltr'>natione</span> <span class='ocrx_word' id='word_1_265' title='bbox 1500 237 1637 266; x_wconf 89' lang='lat' dir='ltr'>rerum</span> <span class='ocrx_word' id='word_1_266' title='bbox 1657 238 1749 267; x_wconf 88' lang='lat' dir='ltr'>eam</span> <span class='ocrx_word' id='word_1_267' title='bbox 1772 223 1911 268; x_wconf 88' lang='lat' dir='ltr'>stolide</span> <span class='ocrx_word' id='word_1_268' title='bbox 1946 224 2174 283; x_wconf 67' lang='lat' dir='ltr'>abiiciunt,</span> <span class='ocrx_word' id='word_1_269' title='bbox 2194 231 2340 288; x_wconf 74' lang='lat' dir='ltr'>aliquae</span> 
     </span>
     <span class='ocr_line' id='line_1_45' title="bbox 1311 278 2339 344; baseline 0.012 -22"><span class='ocrx_word' id='word_1_270' title='bbox 1311 278 1586 323; x_wconf 88' lang='lat' dir='ltr'>nihilominus</span> <span class='ocrx_word' id='word_1_271' title='bbox 1623 281 1806 336; x_wconf 70' lang='lat' dir='ltr'>peffidae,</span> <span class='ocrx_word' id='word_1_272' title='bbox 1838 282 2157 341; x_wconf 81' lang='lat' dir='ltr'>mortalibusque</span> <span class='ocrx_word' id='word_1_273' title='bbox 2190 291 2339 344; x_wconf 71' lang='lat' dir='ltr'>noxiae,</span> 
     </span>
     <span class='ocr_line' id='line_1_46' title="bbox 1313 336 2342 398; baseline 0.012 -19"><span class='ocrx_word' id='word_1_274' title='bbox 1313 336 1552 392; x_wconf 89' lang='lat' dir='ltr'>summoque</span> <span class='ocrx_word' id='word_1_275' title='bbox 1564 337 1746 381; x_wconf 87' lang='lat' dir='ltr'>Numini</span> <span class='ocrx_word' id='word_1_276' title='bbox 1766 339 2071 384; x_wconf 72' lang='lat' dir='ltr'>contumeliosae</span> <span class='ocrx_word' id='word_1_277' title='bbox 2091 345 2342 398; x_wconf 75' lang='lat' dir='ltr'>permittunt</span> 
     </span>
     <span class='ocr_line' id='line_1_47' title="bbox 1309 393 2340 457; baseline 0.013 -22"><span class='ocrx_word' id='word_1_278' title='bbox 1309 393 1472 450; x_wconf 89' lang='lat' dir='ltr'>quidem</span> <span class='ocrx_word' id='word_1_279' title='bbox 1494 395 1583 437; x_wconf 90' lang='lat' dir='ltr'>Deo</span> <span class='ocrx_word' id='word_1_280' title='bbox 1603 410 1738 443; x_wconf 84' lang='lat' dir='ltr'>rerum</span> <span class='ocrx_word' id='word_1_281' title='bbox 1766 397 2046 443; x_wconf 84' lang='lat' dir='ltr'>universarum</span> <span class='ocrx_word' id='word_1_282' title='bbox 2069 402 2253 455; x_wconf 71' lang='lat' dir='ltr'>regimen</span> <span class='ocrx_word' id='word_1_283' title='bbox 2272 436 2283 457; x_wconf 92' lang='lat'>,</span> <span class='ocrx_word' id='word_1_284' title='bbox 2299 405 2340 448; x_wconf 68' lang='grc' dir='ltr'>ὃ(</span> 
     </span>
     <span class='ocr_line' id='line_1_48' title="bbox 1311 455 2341 514; baseline 0.014 -23"><span class='ocrx_word' id='word_1_285' title='bbox 1311 465 1527 505; x_wconf 71' lang='lat' dir='ltr'>poenarum</span> <span class='ocrx_word' id='word_1_286' title='bbox 1558 481 1571 505; x_wconf 80' lang='lat'>‚</span> <span class='ocrx_word' id='word_1_287' title='bbox 1602 464 1723 508; x_wconf 86' lang='lat' dir='ltr'>atque</span> <span class='ocrx_word' id='word_1_288' title='bbox 1743 455 2007 509; x_wconf 72' lang='lat' dir='ltr'>praemiorum</span> <span class='ocrx_word' id='word_1_289' title='bbox 2039 458 2205 503; x_wconf 84' lang='lat' dir='ltr'>arbitria</span> <span class='ocrx_word' id='word_1_290' title='bbox 2236 476 2246 514; x_wconf 75' lang='lat'>3</span> <span class='ocrx_word' id='word_1_291' title='bbox 2282 462 2341 505; x_wconf 81' lang='lat' dir='ltr'>sed</span> 
     </span>
     <span class='ocr_line' id='line_1_49' title="bbox 1308 506 2342 564; baseline 0.013 -13"><span class='ocrx_word' id='word_1_292' title='bbox 1308 523 1402 551; x_wconf 88' lang='lat' dir='ltr'>eum</span> <span class='ocrx_word' id='word_1_293' title='bbox 1436 506 1548 552; x_wconf 88' lang='lat' dir='ltr'>velut</span> <span class='ocrx_word' id='word_1_294' title='bbox 1581 508 1623 551; x_wconf 91' lang='lat' dir='ltr'>in</span> <span class='ocrx_word' id='word_1_295' title='bbox 1660 509 1891 556; x_wconf 87' lang='lat' dir='ltr'>societatem</span> <span class='ocrx_word' id='word_1_296' title='bbox 1926 513 2155 560; x_wconf 85' lang='lat' dir='ltr'>criminum</span> <span class='ocrx_word' id='word_1_297' title='bbox 2189 518 2342 564; x_wconf 73' lang='lat' dir='ltr'>nefarie</span> 
     </span>
     <span class='ocr_line' id='line_1_50' title="bbox 1309 567 2344 631; baseline 0.014 -24"><span class='ocrx_word' id='word_1_298' title='bbox 1309 577 1526 618; x_wconf 82' lang='lat' dir='ltr'>vocantes,</span> <span class='ocrx_word' id='word_1_299' title='bbox 1560 567 1798 612; x_wconf 87' lang='lat' dir='ltr'>muneribus</span> <span class='ocrx_word' id='word_1_300' title='bbox 1829 586 1851 612; x_wconf 89' lang='lat' dir='ltr'>a</span> <span class='ocrx_word' id='word_1_301' title='bbox 1890 571 2032 626; x_wconf 87' lang='lat' dir='ltr'>rapina</span> <span class='ocrx_word' id='word_1_302' title='bbox 2052 604 2063 626; x_wconf 93' lang='lat'>‚</span> <span class='ocrx_word' id='word_1_303' title='bbox 2093 574 2138 617; x_wconf 69' lang='grc' dir='ltr'>ὃς</span> <span class='ocrx_word' id='word_1_304' title='bbox 2174 574 2312 621; x_wconf 86' lang='lat' dir='ltr'>fraude</span> <span class='ocrx_word' id='word_1_305' title='bbox 2331 609 2344 631; x_wconf 92' lang='lat'>,</span> 
     </span>
     <span class='ocr_line' id='line_1_51' title="bbox 1308 621 2340 684; baseline 0.015 -20"><span class='ocrx_word' id='word_1_306' title='bbox 1308 633 1428 679; x_wconf 84' lang='lat' dir='ltr'>atque</span> <span class='ocrx_word' id='word_1_307' title='bbox 1460 621 1691 668; x_wconf 87' lang='lat' dir='ltr'>alienarum</span> <span class='ocrx_word' id='word_1_308' title='bbox 1724 642 1851 681; x_wconf 88' lang='lat' dir='ltr'>opum</span> <span class='ocrx_word' id='word_1_309' title='bbox 1880 628 2137 684; x_wconf 86' lang='lat' dir='ltr'>usurpatione</span> <span class='ocrx_word' id='word_1_310' title='bbox 2170 635 2340 678; x_wconf 73' lang='lat' dir='ltr'>venien-</span> 
     </span>
     <span class='ocr_line' id='line_1_52' title="bbox 1310 679 2341 746; baseline 0.015 -25"><span class='ocrx_word' id='word_1_311' title='bbox 1310 679 1440 733; x_wconf 85' lang='lat' dir='ltr'>tibus,</span> <span class='ocrx_word' id='word_1_312' title='bbox 1474 679 1516 724; x_wconf 85' lang='lat'>&amp;</span> <span class='ocrx_word' id='word_1_313' title='bbox 1537 681 1715 725; x_wconf 87' lang='lat' dir='ltr'>motibus</span> <span class='ocrx_word' id='word_1_314' title='bbox 1743 684 1950 740; x_wconf 82' lang='lat' dir='ltr'>corporis,</span> <span class='ocrx_word' id='word_1_315' title='bbox 1983 689 2194 746; x_wconf 84' lang='lat' dir='ltr'>verbisque</span> <span class='ocrx_word' id='word_1_316' title='bbox 2224 692 2341 736; x_wconf 78' lang='lat' dir='ltr'>nullo</span> 
     </span>
     <span class='ocr_line' id='line_1_53' title="bbox 1307 737 2340 798; baseline 0.017 -20"><span class='ocrx_word' id='word_1_317' title='bbox 1307 737 1437 780; x_wconf 85' lang='lat' dir='ltr'>animi</span> <span class='ocrx_word' id='word_1_318' title='bbox 1464 737 1573 782; x_wconf 89' lang='lat' dir='ltr'>sensu</span> <span class='ocrx_word' id='word_1_319' title='bbox 1607 741 1914 798; x_wconf 80' lang='lat' dir='ltr'>pronunciatis,</span> <span class='ocrx_word' id='word_1_320' title='bbox 1947 760 1993 788; x_wconf 83' lang='lat' dir='ltr'>ac</span> <span class='ocrx_word' id='word_1_321' title='bbox 2020 748 2205 792; x_wconf 72' lang='lat' dir='ltr'>mentitis</span> <span class='ocrx_word' id='word_1_322' title='bbox 2229 750 2340 795; x_wconf 81' lang='lat' dir='ltr'>obse-</span> 
     </span>
     <span class='ocr_line' id='line_1_54' title="bbox 1307 793 1889 855; baseline 0.005 -14"><span class='ocrx_word' id='word_1_323' title='bbox 1307 795 1413 850; x_wconf 73' lang='lat' dir='ltr'>quiis</span> <span class='ocrx_word' id='word_1_324' title='bbox 1431 793 1678 850; x_wconf 85' lang='lat' dir='ltr'>placabilem</span> <span class='ocrx_word' id='word_1_325' title='bbox 1705 813 1889 855; x_wconf 81' lang='lat' dir='ltr'>ponunt.</span> 
     </span>
    </p>
   </div>
   <div class='ocr_carea' id='block_1_7' title="bbox 1507 910 2147 966">
    <p class='ocr_par' dir='ltr' id='par_1_8' title="bbox 1507 910 2147 966">
     <span class='ocr_line' id='line_1_55' title="bbox 1507 910 2147 966; baseline 0.019 -13"><span class='ocrx_word' id='word_1_326' title='bbox 1507 910 2147 966; x_wconf 81' lang='lat' dir='ltr'><strong>CAPUTIX.</strong></span> 
     </span>
    </p>
   </div>
   <div class='ocr_carea' id='block_1_8' title="bbox 1302 1023 2337 1088">
    <p class='ocr_par' dir='ltr' id='par_1_9' title="bbox 1302 1023 2337 1088">
     <span class='ocr_line' id='line_1_56' title="bbox 1302 1023 2337 1088; baseline 0.015 -20"><span class='ocrx_word' id='word_1_327' title='bbox 1302 1024 1369 1068; x_wconf 81' lang='lat' dir='ltr'>De</span> <span class='ocrx_word' id='word_1_328' title='bbox 1389 1023 1618 1070; x_wconf 72' lang='lat' dir='ltr'>aufloritate</span> <span class='ocrx_word' id='word_1_329' title='bbox 1646 1029 1938 1088; x_wconf 67' lang='lat' dir='ltr'>iurisiurandi,</span> <span class='ocrx_word' id='word_1_330' title='bbox 1973 1032 2027 1078; x_wconf 63' lang='lat'>(9¹</span> <span class='ocrx_word' id='word_1_331' title='bbox 2050 1035 2154 1087; x_wconf 77' lang='lat' dir='ltr'>iuris</span> <span class='ocrx_word' id='word_1_332' title='bbox 2177 1038 2337 1083; x_wconf 50' lang='lat' dir='ltr'>divina</span> 
     </span>
    </p>
   </div>
   <div class='ocr_carea' id='block_1_9' title="bbox 1298 1136 2342 2586">
    <p class='ocr_par' dir='ltr' id='par_1_10' title="bbox 1298 1136 2342 2586">
     <span class='ocr_line' id='line_1_57' title="bbox 1304 1136 2342 1240; baseline 0.02 -60"><span class='ocrx_word' id='word_1_333' title='bbox 1304 1136 1512 1240; x_wconf 84' lang='lat' dir='ltr'>NIhil</span> <span class='ocrx_word' id='word_1_334' title='bbox 1534 1154 1672 1187; x_wconf 88' lang='lat' dir='ltr'>autem</span> <span class='ocrx_word' id='word_1_335' title='bbox 1697 1144 1933 1202; x_wconf 86' lang='lat' dir='ltr'>religiosum</span> <span class='ocrx_word' id='word_1_336' title='bbox 1953 1149 1996 1193; x_wconf 71' lang='grc' dir='ltr'>δι</span> <span class='ocrx_word' id='word_1_337' title='bbox 2013 1149 2180 1197; x_wconf 89' lang='lat' dir='ltr'>civilem</span> <span class='ocrx_word' id='word_1_338' title='bbox 2201 1153 2342 1200; x_wconf 82' lang='lat' dir='ltr'>horni-</span> 
     </span>
     <span class='ocr_line' id='line_1_58' title="bbox 1452 1201 2342 1269; baseline 0.019 -29"><span class='ocrx_word' id='word_1_339' title='bbox 1452 1212 1565 1242; x_wconf 88' lang='lat' dir='ltr'>num</span> <span class='ocrx_word' id='word_1_340' title='bbox 1599 1201 1746 1245; x_wconf 84' lang='lat' dir='ltr'>statum</span> <span class='ocrx_word' id='word_1_341' title='bbox 1784 1204 1945 1250; x_wconf 84' lang='lat' dir='ltr'>facilius</span> <span class='ocrx_word' id='word_1_342' title='bbox 1971 1208 2148 1253; x_wconf 77' lang='lat' dir='ltr'>dissolvit</span> <span class='ocrx_word' id='word_1_343' title='bbox 2172 1244 2185 1265; x_wconf 92' lang='lat'>‚</span> <span class='ocrx_word' id='word_1_344' title='bbox 2216 1228 2342 1269; x_wconf 86' lang='lat' dir='ltr'>quam</span> 
     </span>
     <span class='ocr_line' id='line_1_59' title="bbox 1305 1252 2341 1326; baseline 0.02 -32"><span class='ocrx_word' id='word_1_345' title='bbox 1305 1252 1488 1315; x_wconf 74' lang='lat' dir='ltr'>remissio</span> <span class='ocrx_word' id='word_1_346' title='bbox 1507 1287 1520 1309; x_wconf 91' lang='lat'>‚</span> <span class='ocrx_word' id='word_1_347' title='bbox 1548 1256 1595 1299; x_wconf 73' lang='grc' dir='ltr'>δε</span> <span class='ocrx_word' id='word_1_348' title='bbox 1620 1257 1903 1306; x_wconf 79' lang='lat' dir='ltr'>laxamentum</span> <span class='ocrx_word' id='word_1_349' title='bbox 1927 1266 2341 1326; x_wconf 87' lang='lat' dir='ltr'>quantulumcunque</span> 
     </span>
     <span class='ocr_line' id='line_1_60' title="bbox 1304 1309 2338 1383; baseline 0.018 -31"><span class='ocrx_word' id='word_1_350' title='bbox 1304 1309 1559 1361; x_wconf 66' lang='lat' dir='ltr'>jurisjurandi</span> <span class='ocrx_word' id='word_1_351' title='bbox 1586 1345 1598 1366; x_wconf 91' lang='lat'>,</span> <span class='ocrx_word' id='word_1_352' title='bbox 1630 1331 1711 1369; x_wconf 91' lang='lat' dir='ltr'>quo</span> <span class='ocrx_word' id='word_1_353' title='bbox 1751 1320 1911 1373; x_wconf 88' lang='lat' dir='ltr'>publica</span> <span class='ocrx_word' id='word_1_354' title='bbox 1947 1322 2041 1365; x_wconf 80' lang='lat' dir='ltr'>fides</span> <span class='ocrx_word' id='word_1_355' title='bbox 2067 1355 2079 1377; x_wconf 92' lang='lat'>‚</span> <span class='ocrx_word' id='word_1_356' title='bbox 2110 1325 2153 1368; x_wconf 86' lang='lat'>&amp;</span> <span class='ocrx_word' id='word_1_357' title='bbox 2202 1326 2338 1383; x_wconf 80' lang='lat' dir='ltr'>legum</span> 
     </span>
     <span class='ocr_line' id='line_1_61' title="bbox 1305 1366 2337 1438; baseline 0.02 -30"><span class='ocrx_word' id='word_1_358' title='bbox 1305 1366 1538 1423; x_wconf 79' lang='lat' dir='ltr'>obsignatur</span> <span class='ocrx_word' id='word_1_359' title='bbox 1567 1372 1785 1418; x_wconf 63' lang='lat' dir='ltr'>au&amp;oritas</span> <span class='ocrx_word' id='word_1_360' title='bbox 1812 1407 1821 1418; x_wconf 87' lang='lat'><strong>.</strong></span> <span class='ocrx_word' id='word_1_361' title='bbox 1863 1379 2144 1432; x_wconf 82' lang='lat' dir='ltr'>Quamobrem</span> <span class='ocrx_word' id='word_1_362' title='bbox 2178 1385 2337 1438; x_wconf 79' lang='lat' dir='ltr'>Lycur-</span> 
     </span>
     <span class='ocr_line' id='line_1_62' title="bbox 1305 1431 2333 1486; baseline 0.02 -21"><span class='ocrx_word' id='word_1_363' title='bbox 1305 1438 1403 1478; x_wconf 77' lang='lat' dir='ltr'>gu3‚</span> <span class='ocrx_word' id='word_1_364' title='bbox 1437 1438 1480 1469; x_wconf 93' lang='lat' dir='ltr'>ut</span> <span class='ocrx_word' id='word_1_365' title='bbox 1504 1441 1698 1484; x_wconf 88' lang='lat' dir='ltr'>perpetuo</span> <span class='ocrx_word' id='word_1_366' title='bbox 1738 1431 1995 1485; x_wconf 72' lang='lat' dir='ltr'>jurejurando</span> <span class='ocrx_word' id='word_1_367' title='bbox 2022 1437 2107 1481; x_wconf 88' lang='lat' dir='ltr'>suas</span> <span class='ocrx_word' id='word_1_368' title='bbox 2150 1443 2333 1486; x_wconf 84' lang='lat' dir='ltr'>muniret</span> 
     </span>
     <span class='ocr_line' id='line_1_63' title="bbox 1306 1481 2339 1555; baseline 0.019 -31"><span class='ocrx_word' id='word_1_369' title='bbox 1306 1481 1436 1538; x_wconf 80' lang='lat' dir='ltr'>leges,</span> <span class='ocrx_word' id='word_1_370' title='bbox 1468 1484 1595 1530; x_wconf 89' lang='lat' dir='ltr'>redire</span> <span class='ocrx_word' id='word_1_371' title='bbox 1613 1487 1661 1530; x_wconf 88' lang='lat' dir='ltr'>ad</span> <span class='ocrx_word' id='word_1_372' title='bbox 1683 1489 1794 1533; x_wconf 86' lang='lat' dir='ltr'>cives</span> <span class='ocrx_word' id='word_1_373' title='bbox 1813 1492 1946 1536; x_wconf 90' lang='lat' dir='ltr'>noluit</span> <span class='ocrx_word' id='word_1_374' title='bbox 1961 1525 1973 1546; x_wconf 91' lang='lat'>‚</span> <span class='ocrx_word' id='word_1_375' title='bbox 1995 1511 2094 1551; x_wconf 88' lang='lat' dir='ltr'>quos</span> <span class='ocrx_word' id='word_1_376' title='bbox 2119 1497 2166 1540; x_wconf 89' lang='lat' dir='ltr'>ad</span> <span class='ocrx_word' id='word_1_377' title='bbox 2196 1497 2339 1555; x_wconf 84' lang='lat' dir='ltr'>legum</span> 
     </span>
     <span class='ocr_line' id='line_1_64' title="bbox 1306 1539 2335 1607; baseline 0.019 -26"><span class='ocrx_word' id='word_1_378' title='bbox 1306 1539 1466 1586; x_wconf 84' lang='lat' dir='ltr'>suarum</span> <span class='ocrx_word' id='word_1_379' title='bbox 1490 1543 1650 1587; x_wconf 87' lang='lat' dir='ltr'>cultum</span> <span class='ocrx_word' id='word_1_380' title='bbox 1675 1545 1928 1592; x_wconf 82' lang='lat' dir='ltr'>sacramento</span> <span class='ocrx_word' id='word_1_381' title='bbox 1947 1551 2067 1607; x_wconf 88' lang='lat' dir='ltr'>usque</span> <span class='ocrx_word' id='word_1_382' title='bbox 2096 1554 2142 1596; x_wconf 90' lang='lat' dir='ltr'>ad</span> <span class='ocrx_word' id='word_1_383' title='bbox 2160 1557 2335 1601; x_wconf 82' lang='lat' dir='ltr'>reditum</span> 
     </span>
     <span class='ocr_line' id='line_1_65' title="bbox 1308 1596 2339 1669; baseline 0.018 -30"><span class='ocrx_word' id='word_1_384' title='bbox 1308 1596 1422 1641; x_wconf 89' lang='lat' dir='ltr'>suum</span> <span class='ocrx_word' id='word_1_385' title='bbox 1446 1599 1668 1655; x_wconf 84' lang='lat' dir='ltr'>obligarat.</span> <span class='ocrx_word' id='word_1_386' title='bbox 1704 1606 1842 1661; x_wconf 89' lang='lat' dir='ltr'>Atque</span> <span class='ocrx_word' id='word_1_387' title='bbox 1868 1607 1901 1649; x_wconf 81' lang='lat' dir='ltr'>is</span> <span class='ocrx_word' id='word_1_388' title='bbox 1924 1609 2114 1663; x_wconf 88' lang='lat' dir='ltr'>Apollini</span> <span class='ocrx_word' id='word_1_389' title='bbox 2137 1611 2246 1669; x_wconf 86' lang='lat' dir='ltr'>leges</span> <span class='ocrx_word' id='word_1_390' title='bbox 2265 1615 2339 1658; x_wconf 82' lang='lat' dir='ltr'>ad-</span> 
     </span>
     <span class='ocr_line' id='line_1_66' title="bbox 1308 1654 2340 1721; baseline 0.019 -26"><span class='ocrx_word' id='word_1_391' title='bbox 1308 1654 1458 1711; x_wconf 84' lang='lat' dir='ltr'>scripsit</span> <span class='ocrx_word' id='word_1_392' title='bbox 1480 1658 1530 1699; x_wconf 89' lang='lat' dir='ltr'>ab</span> <span class='ocrx_word' id='word_1_393' title='bbox 1555 1658 1588 1701; x_wconf 90' lang='lat' dir='ltr'>se</span> <span class='ocrx_word' id='word_1_394' title='bbox 1614 1661 1823 1717; x_wconf 82' lang='lat' dir='ltr'>conditas,</span> <span class='ocrx_word' id='word_1_395' title='bbox 1856 1663 2000 1721; x_wconf 78' lang='lat' dir='ltr'>Minos</span> <span class='ocrx_word' id='word_1_396' title='bbox 2026 1683 2121 1711; x_wconf 90' lang='lat' dir='ltr'>vero</span> <span class='ocrx_word' id='word_1_397' title='bbox 2159 1672 2340 1715; x_wconf 90' lang='lat' dir='ltr'>Creten-</span> 
     </span>
     <span class='ocr_line' id='line_1_67' title="bbox 1306 1711 2334 1783; baseline 0.018 -30"><span class='ocrx_word' id='word_1_398' title='bbox 1306 1711 1408 1756; x_wconf 83' lang='lat' dir='ltr'>sium</span> <span class='ocrx_word' id='word_1_399' title='bbox 1442 1712 1647 1770; x_wconf 85' lang='lat' dir='ltr'>legislator</span> <span class='ocrx_word' id='word_1_400' title='bbox 1678 1719 1798 1774; x_wconf 84' lang='lat' dir='ltr'>Jovi,</span> <span class='ocrx_word' id='word_1_401' title='bbox 1833 1723 1975 1766; x_wconf 90' lang='lat' dir='ltr'>Numa</span> <span class='ocrx_word' id='word_1_402' title='bbox 2004 1726 2188 1781; x_wconf 81' lang='lat' dir='ltr'>AEgeriae</span> <span class='ocrx_word' id='word_1_403' title='bbox 2221 1730 2334 1783; x_wconf 76' lang='lat' dir='ltr'>Deae,</span> 
     </span>
     <span class='ocr_line' id='line_1_68' title="bbox 1305 1769 2333 1841; baseline 0.018 -30"><span class='ocrx_word' id='word_1_404' title='bbox 1305 1769 1471 1825; x_wconf 90' lang='lat' dir='ltr'>quicum</span> <span class='ocrx_word' id='word_1_405' title='bbox 1504 1773 1547 1816; x_wconf 89' lang='lat' dir='ltr'>in</span> <span class='ocrx_word' id='word_1_406' title='bbox 1579 1773 1769 1820; x_wconf 76' lang='lat' dir='ltr'>silvarum</span> <span class='ocrx_word' id='word_1_407' title='bbox 1815 1779 2027 1823; x_wconf 82' lang='lat' dir='ltr'>recessibus</span> <span class='ocrx_word' id='word_1_408' title='bbox 2071 1783 2333 1841; x_wconf 78' lang='lat' dir='ltr'>colloquium</span> 
     </span>
     <span class='ocr_line' id='line_1_69' title="bbox 1306 1827 2336 1899; baseline 0.017 -30"><span class='ocrx_word' id='word_1_409' title='bbox 1306 1827 1453 1872; x_wconf 85' lang='lat' dir='ltr'>habere</span> <span class='ocrx_word' id='word_1_410' title='bbox 1473 1828 1708 1875; x_wconf 76' lang='lat' dir='ltr'>simulabat:</span> <span class='ocrx_word' id='word_1_411' title='bbox 1742 1833 1786 1877; x_wconf 85' lang='lat'>&amp;</span> <span class='ocrx_word' id='word_1_412' title='bbox 1818 1851 1868 1880; x_wconf 92' lang='lat' dir='ltr'>ne</span> <span class='ocrx_word' id='word_1_413' title='bbox 1902 1853 2132 1892; x_wconf 82' lang='lat' dir='ltr'>percurram</span> <span class='ocrx_word' id='word_1_414' title='bbox 2158 1842 2336 1899; x_wconf 80' lang='lat' dir='ltr'>singulos</span> 
     </span>
     <span class='ocr_line' id='line_1_70' title="bbox 1307 1884 2334 1953; baseline 0.017 -26"><span class='ocrx_word' id='word_1_415' title='bbox 1307 1884 1444 1941; x_wconf 87' lang='lat' dir='ltr'>legum</span> <span class='ocrx_word' id='word_1_416' title='bbox 1477 1888 1657 1933; x_wconf 63' lang='lat' dir='ltr'>austeres</span> <span class='ocrx_word' id='word_1_417' title='bbox 1688 1921 1700 1944; x_wconf 90' lang='lat'>‚</span> <span class='ocrx_word' id='word_1_418' title='bbox 1734 1890 1846 1936; x_wconf 83' lang='lat' dir='ltr'>nefas</span> <span class='ocrx_word' id='word_1_419' title='bbox 1876 1893 1954 1938; x_wconf 87' lang='lat' dir='ltr'>suit</span> <span class='ocrx_word' id='word_1_420' title='bbox 1985 1897 2087 1953; x_wconf 88' lang='lat' dir='ltr'>apud</span> <span class='ocrx_word' id='word_1_421' title='bbox 2123 1901 2334 1944; x_wconf 84' lang='lat' dir='ltr'>Romanos</span> 
     </span>
     <span class='ocr_line' id='line_1_71' title="bbox 1305 1941 2333 2011; baseline 0.018 -27"><span class='ocrx_word' id='word_1_422' title='bbox 1305 1941 1408 1987; x_wconf 89' lang='lat' dir='ltr'>ferre</span> <span class='ocrx_word' id='word_1_423' title='bbox 1432 1943 1560 2000; x_wconf 85' lang='lat' dir='ltr'>leges,</span> <span class='ocrx_word' id='word_1_424' title='bbox 1593 1960 1813 2005; x_wconf 87' lang='lat' dir='ltr'>antequam</span> <span class='ocrx_word' id='word_1_425' title='bbox 1848 1953 1975 2008; x_wconf 89' lang='lat' dir='ltr'>captis</span> <span class='ocrx_word' id='word_1_426' title='bbox 2007 1954 2191 2011; x_wconf 87' lang='lat' dir='ltr'>auspiciis</span> <span class='ocrx_word' id='word_1_427' title='bbox 2223 1959 2333 2002; x_wconf 76' lang='lat' dir='ltr'>Deos</span> 
     </span>
     <span class='ocr_line' id='line_1_72' title="bbox 1305 2001 2337 2066; baseline 0.016 -23"><span class='ocrx_word' id='word_1_428' title='bbox 1305 2001 1623 2058; x_wconf 80' lang='lat' dir='ltr'>consuluissent,</span> <span class='ocrx_word' id='word_1_429' title='bbox 1655 2018 1700 2049; x_wconf 88' lang='lat' dir='ltr'>ut</span> <span class='ocrx_word' id='word_1_430' title='bbox 1723 2009 1773 2050; x_wconf 87' lang='lat' dir='ltr'>ab</span> <span class='ocrx_word' id='word_1_431' title='bbox 1797 2008 1853 2052; x_wconf 90' lang='lat' dir='ltr'>eis</span> <span class='ocrx_word' id='word_1_432' title='bbox 1889 2011 2118 2066; x_wconf 80' lang='lat' dir='ltr'>adprobatae</span> <span class='ocrx_word' id='word_1_433' title='bbox 2149 2014 2337 2058; x_wconf 88' lang='lat' dir='ltr'>videren-</span> 
     </span>
     <span class='ocr_line' id='line_1_73' title="bbox 1305 2060 2335 2126; baseline 0.016 -26"><span class='ocrx_word' id='word_1_434' title='bbox 1305 2070 1394 2101; x_wconf 84' lang='lat' dir='ltr'>tur.</span> <span class='ocrx_word' id='word_1_435' title='bbox 1421 2060 1656 2118; x_wconf 86' lang='lat' dir='ltr'>Nunquam</span> <span class='ocrx_word' id='word_1_436' title='bbox 1679 2064 1795 2108; x_wconf 87' lang='lat' dir='ltr'>enim</span> <span class='ocrx_word' id='word_1_437' title='bbox 1822 2067 1927 2112; x_wconf 63' lang='lat' dir='ltr'>ressa</span> <span class='ocrx_word' id='word_1_438' title='bbox 1947 2068 2053 2112; x_wconf 88' lang='lat' dir='ltr'>ratio</span> <span class='ocrx_word' id='word_1_439' title='bbox 2079 2070 2335 2126; x_wconf 77' lang='lat' dir='ltr'>publiceirn-</span> 
     </span>
     <span class='ocr_line' id='line_1_74' title="bbox 1305 2118 2332 2182; baseline 0.014 -23"><span class='ocrx_word' id='word_1_440' title='bbox 1305 2118 1531 2172; x_wconf 89' lang='lat' dir='ltr'>peraverit,</span> <span class='ocrx_word' id='word_1_441' title='bbox 1562 2119 1637 2162; x_wconf 83' lang='lat' dir='ltr'>nisi</span> <span class='ocrx_word' id='word_1_442' title='bbox 1668 2121 1733 2164; x_wconf 87' lang='lat' dir='ltr'>vel</span> <span class='ocrx_word' id='word_1_443' title='bbox 1764 2139 1787 2166; x_wconf 86' lang='lat' dir='ltr'>a</span> <span class='ocrx_word' id='word_1_444' title='bbox 1812 2125 1902 2168; x_wconf 93' lang='lat' dir='ltr'>Deo</span> <span class='ocrx_word' id='word_1_445' title='bbox 1934 2127 2151 2182; x_wconf 86' lang='lat' dir='ltr'>mittatur,</span> <span class='ocrx_word' id='word_1_446' title='bbox 2183 2129 2247 2172; x_wconf 84' lang='lat' dir='ltr'>vel</span> <span class='ocrx_word' id='word_1_447' title='bbox 2280 2131 2332 2173; x_wconf 87' lang='lat' dir='ltr'>al&gt;</span> 
     </span>
     <span class='ocr_line' id='line_1_75' title="bbox 1303 2174 2336 2237; baseline 0.015 -21"><span class='ocrx_word' id='word_1_448' title='bbox 1303 2174 1538 2219; x_wconf 78' lang='lat' dir='ltr'>bominibus</span> <span class='ocrx_word' id='word_1_449' title='bbox 1563 2178 1734 2223; x_wconf 85' lang='lat' dir='ltr'>nomine</span> <span class='ocrx_word' id='word_1_450' title='bbox 1766 2192 1885 2237; x_wconf 86' lang='lat' dir='ltr'>atque</span> <span class='ocrx_word' id='word_1_451' title='bbox 1915 2184 2154 2229; x_wconf 69' lang='lat' dir='ltr'>au5&#39;mritate</span> <span class='ocrx_word' id='word_1_452' title='bbox 2191 2185 2336 2231; x_wconf 86' lang='lat' dir='ltr'>divina</span> 
     </span>
     <span class='ocr_line' id='line_1_76' title="bbox 1301 2232 2336 2290; baseline 0.014 -16"><span class='ocrx_word' id='word_1_453' title='bbox 1301 2232 1583 2277; x_wconf 83' lang='lat' dir='ltr'>consecretur.</span> <span class='ocrx_word' id='word_1_454' title='bbox 1606 2238 1825 2290; x_wconf 76' lang='lat' dir='ltr'>Quomodo</span> <span class='ocrx_word' id='word_1_455' title='bbox 1853 2240 1967 2284; x_wconf 90' lang='lat' dir='ltr'>enim</span> <span class='ocrx_word' id='word_1_456' title='bbox 1997 2242 2336 2288; x_wconf 74' lang='lat' dir='ltr'>sententiaeunius</span> 
     </span>
     <span class='ocr_line' id='line_1_77' title="bbox 1302 2289 2333 2356; baseline 0.013 -24"><span class='ocrx_word' id='word_1_457' title='bbox 1302 2289 1482 2334; x_wconf 84' lang='lat' dir='ltr'>hominis</span> <span class='ocrx_word' id='word_1_458' title='bbox 1524 2291 1755 2338; x_wconf 85' lang='lat' dir='ltr'>voluntates</span> <span class='ocrx_word' id='word_1_459' title='bbox 1798 2311 1983 2351; x_wconf 88' lang='lat' dir='ltr'>parerent</span> <span class='ocrx_word' id='word_1_460' title='bbox 2034 2300 2333 2356; x_wconf 82' lang='lat' dir='ltr'>universorum,</span> 
     </span>
     <span class='ocr_line' id='line_1_78' title="bbox 1300 2348 2334 2415; baseline 0.013 -25"><span class='ocrx_word' id='word_1_461' title='bbox 1300 2359 1419 2403; x_wconf 84' lang='lat' dir='ltr'>atque</span> <span class='ocrx_word' id='word_1_462' title='bbox 1452 2348 1500 2392; x_wconf 89' lang='lat' dir='ltr'>ad</span> <span class='ocrx_word' id='word_1_463' title='bbox 1532 2349 1644 2394; x_wconf 88' lang='lat' dir='ltr'>illius</span> <span class='ocrx_word' id='word_1_464' title='bbox 1675 2353 1909 2410; x_wconf 89' lang='lat' dir='ltr'>obsequium</span> <span class='ocrx_word' id='word_1_465' title='bbox 1937 2371 2226 2402; x_wconf 85' lang='lat' dir='ltr'>converterent</span> <span class='ocrx_word' id='word_1_466' title='bbox 2259 2376 2334 2415; x_wconf 88' lang='lat' dir='ltr'>pu-</span> 
     </span>
     <span class='ocr_line' id='line_1_79' title="bbox 1304 2404 2336 2468; baseline 0.013 -22"><span class='ocrx_word' id='word_1_467' title='bbox 1304 2404 1427 2448; x_wconf 89' lang='lat' dir='ltr'>blicas</span> <span class='ocrx_word' id='word_1_468' title='bbox 1459 2406 1594 2460; x_wconf 88' lang='lat' dir='ltr'>vires,</span> <span class='ocrx_word' id='word_1_469' title='bbox 1628 2424 1774 2465; x_wconf 90' lang='lat' dir='ltr'>nempe</span> <span class='ocrx_word' id='word_1_470' title='bbox 1806 2412 2027 2468; x_wconf 85' lang='lat' dir='ltr'>imperium</span> <span class='ocrx_word' id='word_1_471' title='bbox 2060 2446 2072 2467; x_wconf 84' lang='lat'><strong>‚</strong></span> <span class='ocrx_word' id='word_1_472' title='bbox 2104 2415 2146 2458; x_wconf 73' lang='lat'>8&lt;</span> <span class='ocrx_word' id='word_1_473' title='bbox 2177 2416 2336 2467; x_wconf 69' lang='lat' dir='ltr'>jurisdi-</span> 
     </span>
     <span class='ocr_line' id='line_1_80' title="bbox 1300 2462 2334 2517; baseline 0.011 -11"><span class='ocrx_word' id='word_1_474' title='bbox 1300 2462 1504 2507; x_wconf 62' lang='lat' dir='ltr'>E&#39;tionem:</span> <span class='ocrx_word' id='word_1_475' title='bbox 1541 2465 1614 2507; x_wconf 87' lang='lat' dir='ltr'>nisi</span> <span class='ocrx_word' id='word_1_476' title='bbox 1634 2467 1790 2511; x_wconf 87' lang='lat' dir='ltr'>cultum</span> <span class='ocrx_word' id='word_1_477' title='bbox 1812 2468 1931 2513; x_wconf 87' lang='lat' dir='ltr'>illum</span> <span class='ocrx_word' id='word_1_478' title='bbox 1958 2470 2151 2516; x_wconf 79' lang='lat' dir='ltr'>exhibere</span> <span class='ocrx_word' id='word_1_479' title='bbox 2186 2474 2219 2517; x_wconf 87' lang='lat' dir='ltr'>se</span> <span class='ocrx_word' id='word_1_480' title='bbox 2246 2489 2334 2517; x_wconf 68' lang='lat' dir='ltr'>cre-</span> 
     </span>
     <span class='ocr_line' id='line_1_81' title="bbox 1298 2520 2334 2586; baseline 0.014 -25"><span class='ocrx_word' id='word_1_481' title='bbox 1298 2520 1439 2562; x_wconf 90' lang='lat' dir='ltr'>derent</span> <span class='ocrx_word' id='word_1_482' title='bbox 1472 2522 1733 2576; x_wconf 77' lang='lat' dir='ltr'>praestantiori</span> <span class='ocrx_word' id='word_1_483' title='bbox 1769 2531 1949 2570; x_wconf 79' lang='lat' dir='ltr'>naturae?</span> <span class='ocrx_word' id='word_1_484' title='bbox 1982 2528 2098 2572; x_wconf 85' lang='lat' dir='ltr'>Hinc</span> <span class='ocrx_word' id='word_1_485' title='bbox 2146 2531 2334 2586; x_wconf 66' lang='lat' dir='ltr'>AEgyptii</span> 
     </span>
    </p>
   </div>
   <div class='ocr_carea' id='block_1_10' title="bbox 217 2572 2333 2641">
    <p class='ocr_par' dir='ltr' id='par_1_11' title="bbox 217 2572 2333 2641">
     <span class='ocr_line' id='line_1_82' title="bbox 217 2572 2333 2641; baseline 0.008 -25"><span class='ocrx_word' id='word_1_486' title='bbox 217 2573 310 2626; x_wconf 82' lang='lat' dir='ltr'>dia,</span> <span class='ocrx_word' id='word_1_487' title='bbox 343 2572 512 2627; x_wconf 80' lang='lat' dir='ltr'>&amp;leges</span> <span class='ocrx_word' id='word_1_488' title='bbox 535 2589 558 2616; x_wconf 90' lang='lat' dir='ltr'>a</span> <span class='ocrx_word' id='word_1_489' title='bbox 585 2584 798 2617; x_wconf 87' lang='lat' dir='ltr'>contemtu</span> <span class='ocrx_word' id='word_1_490' title='bbox 816 2574 861 2617; x_wconf 66' lang='grc' dir='ltr'>δί</span> <span class='ocrx_word' id='word_1_491' title='bbox 885 2576 1137 2620; x_wconf 83' lang='lat' dir='ltr'>contumelia</span> <span class='ocrx_word' id='word_1_492' title='bbox 1158 2578 1253 2621; x_wconf 80' lang='lat' dir='ltr'>vin·</span> <span class='ocrx_word' id='word_1_493' title='bbox 1301 2592 1385 2619; x_wconf 82' lang='lat' dir='ltr'>non</span> <span class='ocrx_word' id='word_1_494' title='bbox 1412 2578 1534 2621; x_wconf 89' lang='lat' dir='ltr'>modo</span> <span class='ocrx_word' id='word_1_495' title='bbox 1560 2579 1739 2634; x_wconf 82' lang='lat' dir='ltr'>publicas</span> <span class='ocrx_word' id='word_1_496' title='bbox 1770 2582 1906 2626; x_wconf 83' lang='lat' dir='ltr'>civilis</span> <span class='ocrx_word' id='word_1_497' title='bbox 1938 2585 2150 2641; x_wconf 78' lang='lat' dir='ltr'>regiminis</span> <span class='ocrx_word' id='word_1_498' title='bbox 2174 2588 2333 2632; x_wconf 79' lang='lat' dir='ltr'>institu-</span> 
     </span>
    </p>
   </div>
   <div class='ocr_carea' id='block_1_11' title="bbox 211 2629 1249 3199">
    <p class='ocr_par' dir='ltr' id='par_1_12' title="bbox 211 2629 1249 3199">
     <span class='ocr_line' id='line_1_83' title="bbox 218 2629 1249 2687; baseline 0.005 -13"><span class='ocrx_word' id='word_1_499' title='bbox 218 2631 397 2674; x_wconf 78' lang='lat' dir='ltr'>dicaret.</span> <span class='ocrx_word' id='word_1_500' title='bbox 430 2630 587 2686; x_wconf 83' lang='lat' dir='ltr'>Easque</span> <span class='ocrx_word' id='word_1_501' title='bbox 612 2629 654 2673; x_wconf 90' lang='lat' dir='ltr'>in</span> <span class='ocrx_word' id='word_1_502' title='bbox 679 2630 831 2674; x_wconf 86' lang='lat' dir='ltr'>animis</span> <span class='ocrx_word' id='word_1_503' title='bbox 849 2631 975 2677; x_wconf 82' lang='lat' dir='ltr'>etiarn</span> <span class='ocrx_word' id='word_1_504' title='bbox 995 2633 1167 2678; x_wconf 88' lang='lat' dir='ltr'>defixere</span> <span class='ocrx_word' id='word_1_505' title='bbox 1189 2635 1249 2687; x_wconf 77' lang='lat' dir='ltr'>ju-</span> 
     </span>
     <span class='ocr_line' id='line_1_84' title="bbox 219 2687 1247 2744; baseline 0.005 -13"><span class='ocrx_word' id='word_1_506' title='bbox 219 2687 460 2742; x_wconf 81' lang='lat' dir='ltr'>rejurando,</span> <span class='ocrx_word' id='word_1_507' title='bbox 491 2688 599 2744; x_wconf 90' lang='lat' dir='ltr'>quod</span> <span class='ocrx_word' id='word_1_508' title='bbox 626 2687 841 2732; x_wconf 87' lang='lat' dir='ltr'>vinculum</span> <span class='ocrx_word' id='word_1_509' title='bbox 868 2701 952 2733; x_wconf 84' lang='lat' dir='ltr'>erat</span> <span class='ocrx_word' id='word_1_510' title='bbox 992 2690 1035 2734; x_wconf 88' lang='lat' dir='ltr'>in</span> <span class='ocrx_word' id='word_1_511' title='bbox 1063 2705 1247 2736; x_wconf 77' lang='lat' dir='ltr'>veterum</span> 
     </span>
     <span class='ocr_line' id='line_1_85' title="bbox 217 2746 1249 2800; baseline 0.003 -10"><span class='ocrx_word' id='word_1_512' title='bbox 217 2746 475 2790; x_wconf 87' lang='lat' dir='ltr'>institutione</span> <span class='ocrx_word' id='word_1_513' title='bbox 509 2746 841 2800; x_wconf 79' lang='lat' dir='ltr'>tenacissimum,</span> <span class='ocrx_word' id='word_1_514' title='bbox 873 2746 931 2790; x_wconf 88' lang='lat' dir='ltr'>ita</span> <span class='ocrx_word' id='word_1_515' title='bbox 962 2760 1005 2791; x_wconf 89' lang='lat' dir='ltr'>ut</span> <span class='ocrx_word' id='word_1_516' title='bbox 1037 2765 1084 2792; x_wconf 89' lang='lat' dir='ltr'>eo</span> <span class='ocrx_word' id='word_1_517' title='bbox 1116 2750 1249 2793; x_wconf 78' lang='lat' dir='ltr'>delato</span> 
     </span>
     <span class='ocr_line' id='line_1_86' title="bbox 218 2801 1246 2851; baseline 0.006 -5"><span class='ocrx_word' id='word_1_518' title='bbox 218 2801 566 2847; x_wconf 85' lang='lat' dir='ltr'>Rhadamanthus</span> <span class='ocrx_word' id='word_1_519' title='bbox 590 2802 739 2850; x_wconf 81' lang='lat' dir='ltr'>judicia</span> <span class='ocrx_word' id='word_1_520' title='bbox 757 2804 900 2848; x_wconf 81' lang='lat' dir='ltr'>omnia</span> <span class='ocrx_word' id='word_1_521' title='bbox 926 2805 1170 2851; x_wconf 61' lang='lat' dir='ltr'>sanstis‘smie</span> <span class='ocrx_word' id='word_1_522' title='bbox 1202 2825 1246 2851; x_wconf 88' lang='lat' dir='ltr'>ac</span> 
     </span>
     <span class='ocr_line' id='line_1_87' title="bbox 213 2859 1245 2920; baseline 0.004 -17"><span class='ocrx_word' id='word_1_523' title='bbox 213 2859 402 2904; x_wconf 84' lang='lat' dir='ltr'>celeriter</span> <span class='ocrx_word' id='word_1_524' title='bbox 421 2860 626 2915; x_wconf 83' lang='lat' dir='ltr'>expediret</span> <span class='ocrx_word' id='word_1_525' title='bbox 648 2893 657 2902; x_wconf 93' lang='lat'>.</span> <span class='ocrx_word' id='word_1_526' title='bbox 691 2862 794 2904; x_wconf 89' lang='lat' dir='ltr'>Non</span> <span class='ocrx_word' id='word_1_527' title='bbox 819 2863 932 2906; x_wconf 81' lang='lat' dir='ltr'>enirn</span> <span class='ocrx_word' id='word_1_528' title='bbox 957 2864 999 2906; x_wconf 91' lang='lat' dir='ltr'>in</span> <span class='ocrx_word' id='word_1_529' title='bbox 1027 2864 1150 2920; x_wconf 75' lang='lat' dir='ltr'>prisca</span> <span class='ocrx_word' id='word_1_530' title='bbox 1184 2865 1245 2907; x_wconf 82' lang='lat' dir='ltr'>in-</span> 
     </span>
     <span class='ocr_line' id='line_1_88' title="bbox 217 2917 1248 2977; baseline 0.009 -20"><span class='ocrx_word' id='word_1_531' title='bbox 217 2917 408 2960; x_wconf 88' lang='lat' dir='ltr'>nocentia</span> <span class='ocrx_word' id='word_1_532' title='bbox 434 2950 446 2971; x_wconf 85' lang='lat'>‚</span> <span class='ocrx_word' id='word_1_533' title='bbox 478 2918 521 2961; x_wconf 86' lang='lat'>&amp;</span> <span class='ocrx_word' id='word_1_534' title='bbox 552 2918 785 2973; x_wconf 73' lang='lat' dir='ltr'>integritate</span> <span class='ocrx_word' id='word_1_535' title='bbox 828 2935 992 2963; x_wconf 85' lang='lat' dir='ltr'>morum</span> <span class='ocrx_word' id='word_1_536' title='bbox 1032 2921 1248 2977; x_wconf 82' lang='lat' dir='ltr'>opiniones</span> 
     </span>
     <span class='ocr_line' id='line_1_89' title="bbox 217 2972 1246 3031; baseline 0.009 -17"><span class='ocrx_word' id='word_1_537' title='bbox 217 2972 298 3015; x_wconf 82' lang='lat' dir='ltr'>illoe</span> <span class='ocrx_word' id='word_1_538' title='bbox 321 2974 549 3018; x_wconf 79' lang='lat' dir='ltr'>deterrimae</span> <span class='ocrx_word' id='word_1_539' title='bbox 575 2976 622 3018; x_wconf 80' lang='lat' dir='ltr'>acl</span> <span class='ocrx_word' id='word_1_540' title='bbox 647 2975 894 3031; x_wconf 77' lang='lat' dir='ltr'>religionem</span> <span class='ocrx_word' id='word_1_541' title='bbox 911 2978 977 3031; x_wconf 69' lang='lat' dir='ltr'>,Sc</span> <span class='ocrx_word' id='word_1_542' title='bbox 994 2979 1112 3022; x_wconf 78' lang='lat' dir='ltr'>fidem</span> <span class='ocrx_word' id='word_1_543' title='bbox 1134 2997 1246 3023; x_wconf 81' lang='lat' dir='ltr'>com-</span> 
     </span>
     <span class='ocr_line' id='line_1_90' title="bbox 212 3030 1244 3093; baseline 0.007 -20"><span class='ocrx_word' id='word_1_544' title='bbox 212 3030 461 3073; x_wconf 84' lang='lat' dir='ltr'>merciorum</span> <span class='ocrx_word' id='word_1_545' title='bbox 493 3033 754 3076; x_wconf 80' lang='lat' dir='ltr'>evertendam</span> <span class='ocrx_word' id='word_1_546' title='bbox 785 3049 1000 3090; x_wconf 83' lang='lat' dir='ltr'>eruperant</span> <span class='ocrx_word' id='word_1_547' title='bbox 1030 3053 1038 3079; x_wconf 67' lang='grc' dir='ltr'><strong><em>ι</em></strong></span> <span class='ocrx_word' id='word_1_548' title='bbox 1073 3053 1244 3093; x_wconf 82' lang='lat' dir='ltr'>quarum</span> 
     </span>
     <span class='ocr_line' id='line_1_91' title="bbox 211 3088 1244 3149; baseline 0.007 -18"><span class='ocrx_word' id='word_1_549' title='bbox 211 3088 356 3143; x_wconf 59' lang='lat' dir='ltr'>aliquae</span> <span class='ocrx_word' id='word_1_550' title='bbox 388 3102 470 3129; x_wconf 91' lang='lat' dir='ltr'>non</span> <span class='ocrx_word' id='word_1_551' title='bbox 497 3088 633 3131; x_wconf 80' lang='lat' dir='ltr'>minus</span> <span class='ocrx_word' id='word_1_552' title='bbox 667 3090 818 3146; x_wconf 81' lang='lat' dir='ltr'>impie,</span> <span class='ocrx_word' id='word_1_553' title='bbox 852 3108 975 3149; x_wconf 70' lang='lat' dir='ltr'>quam</span> <span class='ocrx_word' id='word_1_554' title='bbox 1004 3094 1140 3139; x_wconf 76' lang='lat' dir='ltr'>insane</span> <span class='ocrx_word' id='word_1_555' title='bbox 1166 3095 1244 3138; x_wconf 87' lang='lat' dir='ltr'>Dei</span> 
     </span>
     <span class='ocr_line' id='line_1_92' title="bbox 303 3145 840 3199; baseline 0.007 -11"><span class='ocrx_word' id='word_1_556' title='bbox 303 3145 414 3199; x_wconf 66' lang='lat' dir='ltr'>jani</span> <span class='ocrx_word' id='word_1_557' title='bbox 445 3146 634 3189; x_wconf 61' lang='lat' dir='ltr'>Gravinae</span> <span class='ocrx_word' id='word_1_558' title='bbox 667 3150 782 3191; x_wconf 60' lang='lat' dir='ltr'>Tam.</span> <span class='ocrx_word' id='word_1_559' title='bbox 807 3152 840 3192; x_wconf 82' lang='lat' dir='ltr'>I.</span> 
     </span>
    </p>
   </div>
   <div class='ocr_carea' id='block_1_12' title="bbox 1275 2635 2335 3201">
    <p class='ocr_par' dir='ltr' id='par_1_13' title="bbox 1275 2635 2335 3201">
     <span class='ocr_line' id='line_1_93' title="bbox 1302 2635 2335 2700; baseline 0.013 -24"><span class='ocrx_word' id='word_1_560' title='bbox 1302 2635 1508 2690; x_wconf 85' lang='lat' dir='ltr'>tutiones,</span> <span class='ocrx_word' id='word_1_561' title='bbox 1537 2652 1679 2681; x_wconf 83' lang='lat' dir='ltr'>verum</span> <span class='ocrx_word' id='word_1_562' title='bbox 1703 2639 1747 2682; x_wconf 67' lang='grc' dir='ltr'>δε</span> <span class='ocrx_word' id='word_1_563' title='bbox 1771 2640 1948 2695; x_wconf 84' lang='lat' dir='ltr'>privatas</span> <span class='ocrx_word' id='word_1_564' title='bbox 1971 2655 2074 2687; x_wconf 82' lang='lat' dir='ltr'>artes</span> <span class='ocrx_word' id='word_1_565' title='bbox 2089 2675 2102 2697; x_wconf 85' lang='lat'>‚</span> <span class='ocrx_word' id='word_1_566' title='bbox 2123 2657 2242 2700; x_wconf 87' lang='lat' dir='ltr'>atque</span> <span class='ocrx_word' id='word_1_567' title='bbox 2262 2646 2335 2689; x_wconf 80' lang='lat' dir='ltr'>do-</span> 
     </span>
     <span class='ocr_line' id='line_1_94' title="bbox 1275 2688 2335 2758; baseline 0.013 -25"><span class='ocrx_word' id='word_1_568' title='bbox 1275 2688 1448 2736; x_wconf 61' lang='lat' dir='ltr'>1&#39;c&#39;iririas</span> <span class='ocrx_word' id='word_1_569' title='bbox 1465 2725 1476 2745; x_wconf 88' lang='lat'>,</span> <span class='ocrx_word' id='word_1_570' title='bbox 1507 2694 1550 2737; x_wconf 64' lang='grc' dir='ltr'>ὃς</span> <span class='ocrx_word' id='word_1_571' title='bbox 1574 2710 1718 2739; x_wconf 87' lang='lat' dir='ltr'>eorum</span> <span class='ocrx_word' id='word_1_572' title='bbox 1739 2698 1930 2754; x_wconf 81' lang='lat' dir='ltr'>exemplo</span> <span class='ocrx_word' id='word_1_573' title='bbox 1956 2701 2214 2758; x_wconf 59' lang='lat' dir='ltr'>Psythagoraei</span> <span class='ocrx_word' id='word_1_574' title='bbox 2242 2705 2335 2758; x_wconf 82' lang='lat' dir='ltr'>phi-</span> 
     </span>
     <span class='ocr_line' id='line_1_95' title="bbox 1302 2748 2334 2814; baseline 0.014 -24"><span class='ocrx_word' id='word_1_575' title='bbox 1302 2748 1526 2806; x_wconf 85' lang='lat' dir='ltr'>losophiam</span> <span class='ocrx_word' id='word_1_576' title='bbox 1552 2768 1722 2797; x_wconf 86' lang='lat' dir='ltr'>omnem</span> <span class='ocrx_word' id='word_1_577' title='bbox 1751 2755 1859 2799; x_wconf 85' lang='lat' dir='ltr'>suam</span> <span class='ocrx_word' id='word_1_578' title='bbox 1887 2758 1930 2800; x_wconf 89' lang='lat' dir='ltr'>in</span> <span class='ocrx_word' id='word_1_579' title='bbox 1963 2757 2206 2814; x_wconf 79' lang='lat' dir='ltr'>religionem</span> <span class='ocrx_word' id='word_1_580' title='bbox 2236 2778 2334 2804; x_wconf 79' lang='lat' dir='ltr'>con-</span> 
     </span>
     <span class='ocr_line' id='line_1_96' title="bbox 1302 2810 2335 2871; baseline 0.013 -23"><span class='ocrx_word' id='word_1_581' title='bbox 1302 2810 1539 2858; x_wconf 77' lang='lat' dir='ltr'>vertebant,</span> <span class='ocrx_word' id='word_1_582' title='bbox 1573 2822 1616 2852; x_wconf 89' lang='lat' dir='ltr'>ut</span> <span class='ocrx_word' id='word_1_583' title='bbox 1648 2827 1749 2868; x_wconf 88' lang='lat' dir='ltr'>quos</span> <span class='ocrx_word' id='word_1_584' title='bbox 1780 2814 1884 2857; x_wconf 84' lang='lat' dir='ltr'>ratio</span> <span class='ocrx_word' id='word_1_585' title='bbox 1932 2831 2014 2859; x_wconf 86' lang='lat' dir='ltr'>non</span> <span class='ocrx_word' id='word_1_586' title='bbox 2050 2816 2199 2871; x_wconf 80' lang='lat' dir='ltr'>posset,</span> <span class='ocrx_word' id='word_1_587' title='bbox 2231 2819 2335 2861; x_wconf 65' lang='lat' dir='ltr'>clivi-¹</span> 
     </span>
     <span class='ocr_line' id='line_1_97' title="bbox 1300 2867 2335 2929; baseline 0.012 -23"><span class='ocrx_word' id='word_1_588' title='bbox 1300 2879 1351 2906; x_wconf 79' lang='lat' dir='ltr'>na</span> <span class='ocrx_word' id='word_1_589' title='bbox 1395 2867 1631 2912; x_wconf 80' lang='lat' dir='ltr'>emendaret</span> <span class='ocrx_word' id='word_1_590' title='bbox 1673 2870 1890 2915; x_wconf 60' lang='lat' dir='ltr'>aut&#39;storitas</span> <span class='ocrx_word' id='word_1_591' title='bbox 1917 2903 1926 2914; x_wconf 90' lang='lat'>.</span> <span class='ocrx_word' id='word_1_592' title='bbox 1970 2875 2063 2917; x_wconf 91' lang='lat' dir='ltr'>Nos</span> <span class='ocrx_word' id='word_1_593' title='bbox 2095 2875 2220 2929; x_wconf 78' lang='lat' dir='ltr'>igitur</span> <span class='ocrx_word' id='word_1_594' title='bbox 2250 2908 2261 2920; x_wconf 75' lang='grc'>,</span> <span class='ocrx_word' id='word_1_595' title='bbox 2293 2877 2335 2918; x_wconf 65' lang='lat' dir='ltr'>&amp;t</span> 
     </span>
     <span class='ocr_line' id='line_1_98' title="bbox 1298 2926 2335 2976; baseline 0.012 -12"><span class='ocrx_word' id='word_1_596' title='bbox 1298 2934 1391 2966; x_wconf 71' lang='lat' dir='ltr'>ante</span> <span class='ocrx_word' id='word_1_597' title='bbox 1425 2939 1498 2966; x_wconf 87' lang='lat' dir='ltr'>nos</span> <span class='ocrx_word' id='word_1_598' title='bbox 1531 2926 1690 2970; x_wconf 81' lang='lat' dir='ltr'>Hebraei</span> <span class='ocrx_word' id='word_1_599' title='bbox 1727 2929 1845 2973; x_wconf 85' lang='lat' dir='ltr'>unice</span> <span class='ocrx_word' id='word_1_600' title='bbox 1879 2930 1985 2973; x_wconf 81' lang='lat' dir='ltr'>inter</span> <span class='ocrx_word' id='word_1_601' title='bbox 2017 2931 2211 2974; x_wconf 83' lang='lat' dir='ltr'>mortales</span> <span class='ocrx_word' id='word_1_602' title='bbox 2244 2934 2335 2976; x_wconf 74' lang='lat' dir='ltr'>bea-</span> 
     </span>
     <span class='ocr_line' id='line_1_99' title="bbox 1298 2980 2334 3038; baseline 0.011 -17"><span class='ocrx_word' id='word_1_603' title='bbox 1298 2980 1355 3022; x_wconf 88' lang='lat' dir='ltr'>ri:</span> <span class='ocrx_word' id='word_1_604' title='bbox 1392 2981 1438 3023; x_wconf 88' lang='lat' dir='ltr'>ad</span> <span class='ocrx_word' id='word_1_605' title='bbox 1471 2998 1571 3038; x_wconf 85' lang='lat' dir='ltr'>quos</span> <span class='ocrx_word' id='word_1_606' title='bbox 1593 2985 1670 3027; x_wconf 89' lang='lat' dir='ltr'>Dei</span> <span class='ocrx_word' id='word_1_607' title='bbox 1703 2986 1828 3030; x_wconf 84' lang='lat' dir='ltr'>Filius</span> <span class='ocrx_word' id='word_1_608' title='bbox 1855 2987 2056 3031; x_wconf 80' lang='lat' dir='ltr'>rationem</span> <span class='ocrx_word' id='word_1_609' title='bbox 2085 2989 2201 3032; x_wconf 78' lang='lat' dir='ltr'>simul</span> <span class='ocrx_word' id='word_1_610' title='bbox 2227 3003 2334 3032; x_wconf 82' lang='lat' dir='ltr'>attu-</span> 
     </span>
     <span class='ocr_line' id='line_1_100' title="bbox 1299 3036 2333 3101; baseline 0.009 -22"><span class='ocrx_word' id='word_1_611' title='bbox 1299 3036 1346 3080; x_wconf 88' lang='lat' dir='ltr'>lit</span> <span class='ocrx_word' id='word_1_612' title='bbox 1390 3038 1755 3098; x_wconf 63' lang='lat' dir='ltr'>auf&#39;coritatemque</span> <span class='ocrx_word' id='word_1_613' title='bbox 1804 3044 2026 3088; x_wconf 78' lang='lat' dir='ltr'>divinam:</span> <span class='ocrx_word' id='word_1_614' title='bbox 2071 3047 2214 3101; x_wconf 79' lang='lat' dir='ltr'>quibus</span> <span class='ocrx_word' id='word_1_615' title='bbox 2246 3062 2333 3091; x_wconf 85' lang='lat' dir='ltr'>cor-</span> 
     </span>
     <span class='ocr_line' id='line_1_101' title="bbox 1301 3097 2333 3201; baseline 0.008 -65"><span class='ocrx_word' id='word_1_616' title='bbox 1301 3097 1502 3151; x_wconf 78' lang='lat' dir='ltr'>ruptelam</span> <span class='ocrx_word' id='word_1_617' title='bbox 1537 3097 1727 3144; x_wconf 81' lang='lat' dir='ltr'>humanae</span> <span class='ocrx_word' id='word_1_618' title='bbox 1758 3102 1946 3200; x_wconf 82' lang='lat' dir='ltr'>rationisf</span> <span class='ocrx_word' id='word_1_619' title='bbox 1977 3103 2333 3201; x_wconf 38' lang='lat' dir='ltr'>emendai&#39;iggqust</span> 
     </span>
    </p>

    <p class='ocr_par' dir='ltr' id='par_1_14' title="bbox 1879 3160 2331 3201">
     <span class='ocr_line' id='line_1_102' title="bbox 1879 3160 2331 3201; baseline 0.009 -4"><span class='ocrx_word' id='word_1_620' title='bbox 1879 3160 1910 3201; x_wconf 86' lang='lat' dir='ltr'>F</span> <span class='ocrx_word' id='word_1_621' title='bbox 2272 3172 2331 3201; x_wconf 58' lang='lat' dir='ltr'>alu</span> 
     </span>
    </p>
   </div>
  </div>
 </body>
</html>
