2596 3479
267 97 373 151 280

260 234 450 290 quamvis
477 232 590 274 enirn
623 231 802 282 legatum
829 226 1079 280 intercidat,
1110 241 1212 268 onus
1233 236 1286 267 ta-

263 307 360 335 men
390 290 601 333 sustinetur
619 320 633 341 ‚
663 288 705 329 ὅ(
730 283 1082 327 fideicommiffum
1109 285 1158 325 ab
1181 282 1287 327 here-

261 350 309 393 de
337 348 579 404 praestabitur
603 377 614 395 ‚
644 345 732 396 (a)
758 358 850 385 cum
877 343 933 385 ita
961 341 1004 384 sit
1029 354 1196 385 cautum
1224 341 1291 383 Se·

265 404 568 451 natusconsulto
598 402 860 444 Libonianoz
898 401 988 442 Nec
1021 411 1182 442 tanturn
1216 414 1260 440 ea
1283 430 1293 447 ,

264 481 351 523 quae
373 466 422 507 ab
447 462 567 506 initio
594 462 681 502 sunt
709 458 826 501 irrita
847 490 860 511 ‚
910 457 969 500 sed
996 473 1083 513 quae
1112 473 1132 499 a
1160 457 1293 512 primo

263 522 480 566 valuerunt
501 551 512 571 ‚
544 517 686 561 deinde
704 517 848 559 ineam
864 515 1024 559 causam
1040 514 1267 558 reciderunt
1284 545 1295 563 ,

263 596 285 623 a
317 595 393 635 qua
422 577 602 632 incipere
631 587 836 630 nequeunt
866 605 878 625 ‚
931 589 1001 627 pro
1026 588 1108 614 non
1143 570 1296 625 scriptis

263 637 462 680 habentur
495 666 504 676 .
549 631 789 684 Cuiusmodi
814 632 911 673 duos
942 629 1050 673 casus
1077 629 1193 683 ponit
1226 629 1292 679 Ju-

262 691 547 737 risconsultus:
584 691 672 742 (b)
706 689 813 744 iique
844 688 932 730 sunt
955 719 965 739 ‚
999 687 1024 730 si
1052 687 1164 730 heres
1185 685 1291 728 insti-

261 763 369 794 tutus
407 782 419 804 ‚
469 747 533 792 vel
570 747 785 803 legatarius
817 745 922 788 facs‘to
958 745 1201 788 testamento
1230 743 1296 784 da-

261 819 428 852 mnetur
459 807 502 850 in
535 804 751 848 metallum
776 820 789 856 3
822 804 885 847 vel
921 802 945 844 si
974 803 1104 844 servus
1127 800 1298 851 alienus,

261 865 326 910 cui
353 865 483 910 fuerat
509 862 660 919 aliquid
688 862 867 915 legatum
888 892 900 913 ,
933 876 955 903 a
985 859 1170 903 testatore
1198 858 1299 900 redi-

263 937 402 968 matur
424 955 433 965 .
473 922 556 974 ζ’)
593 923 640 963 In
665 918 779 963 causa
806 917 943 961 caduci
971 933 1016 961 ea
1044 917 1132 960 sunt
1157 948 1168 969 ‚
1211 930 1300 970 quae

264 981 361 1025 vivo
386 980 569 1023 testatore
585 977 780 1021 deficiunt
801 1008 813 1028 ‚
848 975 977 1018 veluti
1007 975 1029 1017 s]
1057 973 1271 1030 legatarius
1288 1004 1299 1025 ,

264 1052 333 1083 aut
358 1038 470 1081 heres
502 1036 730 1079 testatorem
761 1046 891 1076 morte
919 1032 1167 1086 praeverterit
1187 1063 1200 1085 ‚
1231 1043 1300 1073 aut

263 1097 429 1139 vivente
462 1094 645 1136 testatore
673 1092 805 1134 servus
833 1105 964 1146 poenae
989 1089 1116 1132 faetus
1134 1089 1298 1132 liberta-

263 1166 345 1195 tem
377 1150 557 1195 amiserit
589 1182 602 1204 ‚
646 1149 779 1192 aliove
811 1148 933 1191 modo
965 1147 1146 1190 conditio
1178 1146 1298 1202 legati

261 1209 454 1254 defecerit
480 1241 489 1251 .
520 1210 619 1251 Haec
649 1206 766 1252 enim
787 1237 798 1258 ‚
831 1221 919 1261 quae
939 1204 1022 1256 iure
1043 1206 1214 1260 antiquo
1236 1203 1299 1247 vel

264 1268 311 1312 in
342 1267 599 1311 substitutum
628 1265 861 1308 recidebant
895 1294 908 1316 ‚
957 1262 1020 1306 vel
1059 1262 1102 1305 in
1131 1261 1303 1313 conjun-

262 1326 375 1369 &urn
397 1357 409 1377 ,
442 1323 623 1368 aliumve
653 1354 667 1377 ‚
699 1338 722 1364 a
747 1337 827 1376 quo
860 1320 997 1363 reli&
1022 1333 1137 1363 erant
1166 1336 1179 1373 3
1222 1318 1301 1362 lata

265 1384 353 1439 lege
387 1381 507 1436 Papia
532 1381 672 1424 eodem
701 1378 784 1431 jure
815 1389 1027 1432 coeperunt
1052 1378 1126 1420 effe
1162 1409 1174 1427 ,
1223 1392 1302 1432 quo

268 1441 314 1484 &
344 1440 492 1484 caduca
514 1470 527 1492 ‚
559 1437 652 1481 fisco
685 1435 834 1479 scilicet
867 1435 1047 1478 obnoxia
1068 1466 1078 1476 .
1110 1436 1187 1486 (c)
1220 1435 1301 1476 Ca-

222 1499 371 1547 Qduca
398 1513 495 1540 vero
522 1495 682 1552 proprie
710 1494 797 1536 sunt
829 1523 842 1545 ‚
893 1507 981 1546 quae
1016 1491 1098 1546 post
1123 1503 1303 1535 mortem

266 1555 462 1598 testatoris
497 1553 542 1596 in
577 1567 669 1596 eam
695 1550 855 1593 causam
880 1548 1070 1592 decidunt
1106 1580 1118 1600 ‚
1173 1564 1195 1590 a
1226 1563 1303 1602 qua

266 1609 446 1668 in‘cipere
482 1610 704 1667 nequibant
742 1624 752 1649 ι
804 1622 892 1663 quae
925 1618 968 1648 ut
1002 1605 1179 1662 amplius
1210 1605 1303 1648 fisco

266 1670 488 1715 crescerent
516 1700 528 1722 ,
549 1667 725 1711 vetitum
749 1663 827 1708 fuit
854 1664 939 1719 lege
965 1664 1086 1719 Papia
1112 1662 1302 1706 heredem

263 1744 313 1772 ex
346 1740 456 1783 parte
494 1725 602 1770 adire
635 1736 730 1767 ante
767 1735 923 1777 apertas
957 1721 1112 1765 tabulas
1146 1720 1304 1764 heredi-

264 1797 394 1829 tatem
424 1816 437 1839 ,
470 1799 551 1840 quo
581 1782 760 1826 aditione
791 1780 913 1823 dilata
938 1779 1136 1822 caducum
1169 1779 1303 1822 redde-

264 1856 374 1888 retur
394 1875 407 1895 ,
439 1840 632 1898 quidquid
659 1851 751 1882 ante
777 1852 937 1890 apertas
963 1837 1119 1880 tabulas
1145 1854 1167 1880 a
1191 1836 1305 1879 tes'ra-

267 1901 366 1944 toris
391 1911 522 1942 morte
544 1898 732 1941 deficeret
755 1928 763 1937 .
796 1895 920 1937 Unde
947 1894 973 1937 si
1003 1894 1066 1936 vel
1092 1894 1302 1937 deceffiffet

266 1959 381 2002 heres
412 1989 425 2011 ,
469 1955 532 1998 vel
557 1955 771 1998 civitatem
808 1955 1042 1995 Romanam
1075 1952 1260 1994 amififfet
1291 1984 1304 2005 ‚

266 2015 378 2060 illius
411 2013 543 2069 portio
580 2013 728 2055 caduca
750 2023 835 2054 erat
856 2042 868 2062 ‚
910 2009 954 2052 δε
975 2010 1022 2051 ad
1048 2009 1187 2052 fiscum
1214 2025 1303 2066 per-

268 2073 462 2117 veniebat
487 2086 499 2124 3
531 2070 618 2123 (d)
652 2070 693 2112 in
719 2067 863 2110 herede
891 2082 988 2110 vero
1018 2083 1068 2110 ex
1101 2069 1176 2110 asie
1207 2083 1297 2110 con-

267 2132 469 2175 servatum
504 2127 579 2171 fuit
606 2126 664 2178 jus
695 2126 913 2181 antiquum
934 2156 944 2166 .
976 2127 1056 2176 (e)
1088 2125 1303 2168 Caducum

266 2200 351 2233 erat
382 2187 496 2230 enim
519 2217 532 2239 ,
573 2184 598 2227 s1
623 2184 720 2240 quid
748 2184 934 2225 relietum
964 2181 1094 2225 fuisset
1126 2181 1263 2225 coelibi
1293 2216 1304 2235 ‚

267 2260 343 2289 nec
367 2244 400 2287 is
428 2245 535 2286 intra
559 2242 668 2284 diem
694 2239 960 2284 centesimum
983 2270 996 2292 ,
1028 2239 1094 2294 qui
1117 2239 1200 2282 dies
1219 2254 1304 2284 erat

267 2302 486 2348 creationis
506 2332 518 2355 ‚
550 2314 721 2343 uxorem
743 2297 911 2341 duxisset
934 2313 946 2352 3
980 2296 1043 2339 vel
1067 2296 1093 2339 fi
1116 2297 1301 2342 reliC’tum

267 2437 388 2451 —.

311 2475 369 2512 (a)
395 2473 433 2503 1..
461 2474 522 2504 ult.
540 2468 575 2512 ff
593 2470 630 2501 de
645 2470 696 2502 his
710 2492 720 2507 ‚
747 2479 813 2511 que
847 2476 900 2508 pro
915 2478 978 2499 non
989 2468 1105 2509 script·
1122 2467 1278 2501 habemur
1295 2491 1301 2499 .

265 2516 380 2555 cuiae.
397 2517 440 2549 ad
455 2518 477 2550 Ι.
495 2517 626 2548 unicam
642 2517 675 2546 C.
700 2515 737 2547 du
750 2514 816 2546 cad.
839 2514 911 2545 toll.
929 2521 1003 2554 pag.
1019 2516 1098 2554 798.

314 2562 365 2603 [b]
393 2563 429 2594 L.
449 2572 478 2602 3.
497 2564 524 2604 ς.
541 2562 603 2593 ule.
615 2559 655 2604 ff.
671 2561 709 2594 de
724 2559 774 2592 his
788 2581 798 2599 ‚
814 2569 879 2601 que
891 2565 948 2600 pro
963 2568 1025 2590 non
1035 2558 1149 2601 script.
1171 2557 1296 2592 habent.

263 2606 306 2640 (5
342 2630 349 2637 .
366 2614 438 2648 pen.

311 2609 365 2692 (§⁴‘
380 2652 400 2691 )
426 2651 598 2694 Displicuit
613 2649 703 2685 enim
722 2671 732 2688 ‚
761 2660 829 2681 rem
861 2647 918 2688 ipsi
939 2646 1050 2680 heredi
1070 2657 1126 2690 per
1143 2647 1228 2682 hunc
1243 2649 1289 2681 ser

266 2707 346 2730 vum
364 2697 488 2738 acquiri
506 2720 513 2728 .
541 2697 607 2738 Qui
623 2698 654 2728 in
678 2694 849 2728 metallum
875 2693 1078 2724 damnantur
1095 2716 1105 2731 ‚
1132 2693 1219 2726 servi
1239 2705 1289 2736 poe

268 2751 319 2775 nae
344 2742 452 2780 fiunt,
479 2740 561 2773 servi
592 2750 704 2773 autem
734 2750 862 2782 poenae,
889 2745 925 2770 ut
951 2737 1016 2780 ipse
1031 2738 1179 2771 Gravina
1198 2739 1293 2772 statim

271 2784 403 2823 subiicit
418 2809 429 2824 ‚
456 2785 490 2818 in
507 2785 597 2818 causa
613 2785 725 2818 caduci
740 2793 833 2817 erant
852 2807 860 2813 .

320 2832 366 2871 [c]
394 2833 431 2863 L.
448 2831 532 2862 unic.
551 2834 585 2862 C.
602 2831 639 2861 de
654 2831 721 2862 cad.
740 2831 808 2862 wll·
831 2830 918 2871 §.pro
933 2827 1078 2868 secundo
1092 2847 1102 2866 ‚
1118 2827 1175 2860 ubi
1193 2827 1304 2866 Cujac.

266 2883 536 2962 paz-clpglpian.
555 2917 664 2958 Iustis.
682 2920 737 2951 tir.
759 2928 808 2959 ¹7·

319 2970 331 3003 (
350 2965 397 3004 ε)
422 2966 458 2996 L.
489 2967 628 2997 multum
657 2961 692 3006 ff
722 2964 760 2995 de
775 2962 892 2994 condit.
910 2962 948 2994 (9⁶
965 2960 1119 3002 demonstr
1144 2965 1206 3004 leg.
1232 2973 1258 2993 x.
1278 2965 1294 3006 ᾗ

273 3013 335 3045 ule.
349 3009 385 3053 ff.
401 3011 438 3042 de
449 3009 511 3048 jur.
531 3008 661 3052 &fac-‘L
678 3009 782 3051 ignor.
800 3005 911 3044 Cuiac.
928 3007 1003 3039 adl.
1022 3019 1076 3039 un.
1095 3011 1129 3041 C.
1146 3009 1183 3042 de
1197 3009 1303 3042 caduc.

269 3058 552 3143 ’ωέἶῖξῦῗζίζ-η.
570 3100 625 3132 κἐ.
641 3110 694 3132 22.
713 3101 742 3142 §·
755 3109 827 3132 cum
842 3109 902 3142 quo
916 3097 955 3132 Θ·
969 3096 1027 3132 tit.
1047 3107 1109 3141 ¹7⁴·

318 3146 392 3190 [g]
419 3146 529 3180 Tacit.
544 3144 603 3179 tib.
619 3155 649 3185 3.
677 3146 789 3180 annal·

960 93 1103 147 DE
1184 91 1776 168 LEGIBUS,

262 175 351 232 quis
392 166 680 228 adscripserit,
732 180 891 232 rogatus
933 170 985 212 est
1030 168 1234 212 restituere
1281 184 1292 222 3
1342 168 1419 213 fuit
1453 175 1602 217 Latino

1416 229 1422 236 ·
1643 207 1656 228 ‚
1705 191 1780 219 nec
1814 174 1845 218 is
1876 186 1971 218 ante
2003 173 2084 220 dies
2115 186 2284 223 eentum
2316 177 2377 232 jus

1345 230 1570 283 Quiritium
1604 232 1849 286 impetrasset
1890 265 1899 274 .
1947 231 2053 287 (f)
2099 236 2206 280 Item
2240 237 2266 281 si
2298 239 2381 293 post

1346 300 1521 331 mortem
1566 290 1763 334 testatoris
1812 291 1995 334 conditio
2036 323 2048 343 ‚
2098 293 2165 336 cui
2199 293 2383 352 legatum

1348 347 1499 388 tuberat
1520 379 1532 400 ‚
1564 346 1763 392 defecisset
1785 380 1795 390 .
1828 350 1943 392 Tum
1965 362 2102 392 autem
2124 350 2172 392 ad
2193 366 2238 394 ea
2258 384 2270 406 ‚
2302 368 2387 408 quae

1344 407 1466 446 ellent
1499 404 1542 447 in
1574 406 1686 448 causa
1717 407 1853 449 caduci
1877 438 1888 459 ‚
1922 421 2012 450 tum
2035 408 2081 449 ad
2105 407 2255 451 caduca
2276 410 2358 465 ipsa
2377 442 2389 464 ,

1347 460 1542 524 populus,
1576 461 1701 506 veluti
1733 466 1925 507 omnium
1953 479 2121 520 parem,
2157 479 2198 508 ut
2220 467 2277 509 ait
2297 468 2389 509 Ta·

1346 531 1447 561 citus
1478 521 1541 575 (g)
1576 518 1660 575 lege
1695 522 1810 577 Papia
1834 521 1954 565 initio
1980 523 2229 576 vocabatur,
2261 539 2392 579 eaque

1349 575 1414 618 suo
1446 592 1540 619 cum
1573 593 1696 621 onere
1730 579 1914 633 capiebat
1948 611 1960 630 ‚
2012 581 2177 633 perinde
2223 596 2269 623 ac
2304 580 2389 631 jure

1346 633 1514 689 antiquo
1560 634 1672 678 heres
1708 667 1720 686 ‚
1775 648 1844 678 aut
1879 635 2105 678 substitutus
2147 669 2159 688 ‚
2201 638 2289 688 (h)
2322 652 2393 680 aut

1347 690 1586 741 conjuratus
1608 724 1618 734 .
1668 694 1727 735 At
1760 692 1865 747 quod
1901 692 2051 745 populo
2086 692 2217 736 fuerat
2252 695 2310 744 jus
2343 696 2386 738 in

1348 749 1505 791 caducis
1528 781 1541 803 ‚
1589 749 1794 792 Antonini
1832 749 1918 803 lege
1953 749 2195 792 translatum
2230 750 2307 793 fuit
2339 754 2386 795 ad

1349 805 1487 849 fiscum
1522 806 1750 861 principis,
1783 817 1825 847 ut
1856 806 1973 848 docet
2008 806 2217 859 Ulpianus
2252 839 2263 860 ‚
2295 809 2387 860 (i)

1349 862 1458 914 cujus
1492 863 1711 907 leS‘tionem
1746 862 1878 905 nescio
1911 879 2033 918 quam
2061 864 2163 906 recte
2187 867 2390 908 immuta-

1349 920 1409 962 vit
1440 919 1633 972 Cujacius
1661 952 1672 972 ‚
1708 936 1757 963 ne
1789 919 1912 963 illum
1945 934 2242 977 repugnantem
2279 922 2386 966 face-

1351 990 1409 1021 ret
1441 978 1608 1029 Juliano
1637 995 1648 1029 3
1680 978 1766 1028 (k)
1798 980 1899 1033 apud
1936 994 2057 1033 quem
2093 995 2177 1021 non
2212 980 2384 1035 populus

1349 1036 1485 1078 vocari
1521 1035 1702 1078 scribitur
1733 1035 1780 1077 ad
1814 1035 1993 1088 caduca,
2030 1036 2090 1079 sed
2113 1036 2256 1079 fiscus:
2291 1053 2388 1081 cum

1350 1105 1489 1136 tamen
1525 1092 1696 1135 Adriani
1729 1092 1985 1145 temporibus
2019 1125 2031 1145 ‚
2081 1094 2227 1150 quibus
2262 1095 2391 1139 lulia-

1351 1166 1425 1193 nus
1457 1150 1594 1203 vixit,
1626 1165 1710 1192 non
1743 1150 1855 1193 fiscus
1878 1181 1890 1202 ‚
1928 1149 1987 1192 sed
2023 1151 2320 1204 populusffff)
2342 1152 2390 1195 ad
2453 1185 2462 1194 .

1351 1208 1499 1251 caduca
1532 1220 1751 1250 vocaretur
1778 1223 1788 1248 ε
1836 1207 1941 1250 unde
1975 1209 2105 1263 potius
2137 1208 2291 1260 Juliani
2326 1208 2391 1252 lo-

1352 1280 1444 1308 cum
1471 1297 1483 1318 ‚
1516 1264 1777 1308 Gothofredo
1808 1265 1968 1308 austore
1998 1297 2009 1319 ‚
2061 1266 2234 1320 suspicor
2276 1265 2390 1310 fuisse

1350 1339 1371 1364 a
1402 1323 1669 1366 Triboniano
1702 1321 1898 1366 vitiatum
1931 1354 1943 1375 ‚
1988 1324 2272 1379 expunfflque
2314 1340 2390 1379 po-

1353 1379 1437 1434 puli
1487 1381 1702 1423 mentione
1728 1410 1741 1431 ‚
1773 1380 1914 1422 fiscum
1959 1379 2213 1423 substitutum
2252 1411 2266 1433 ,
2311 1394 2391 1435 ut,

1352 1437 1456 1491 quod
1507 1437 1603 1493 saepe
1649 1435 1747 1479 solet
1779 1467 1791 1489 ‚
1847 1449 2030 1479 veterum
2078 1437 2295 1480 sententias
2343 1440 2393 1481 ad

1352 1493 1592 1545 Justinianei
1625 1493 1755 1537 saeculi
1790 1493 1993 1537 rationem
2024 1495 2353 1538 accommodaret
2380 1527 2391 1539 .

1354 1552 1482 1593 Nunc
1524 1549 1870 1606 quemadmodum
1915 1551 1962 1594 ad
1997 1551 2144 1594 caduca
2177 1551 2348 1606 populus
2383 1583 2397 1606 ,

1353 1607 1416 1650 vel
1452 1607 1564 1651 fiscus
1595 1607 1882 1650 admitteretur
1923 1639 1935 1659 ‚
1987 1608 2249 1664 inspiciamus
2276 1640 2285 1652 .
2337 1611 2395 1653 Et

1355 1665 1509 1708 constat
1540 1697 1553 1719 ‚
1604 1680 1670 1708 eos
1724 1678 1815 1707 tum
1868 1664 2034 1708 demum
2080 1665 2276 1710 abstulisse
2327 1683 2394 1711 ca-

1353 1723 1452 1766 duca
1485 1755 1496 1776 ,
1548 1738 1641 1766 cum
1698 1723 1861 1765 testator
1917 1723 1998 1766 sine
2059 1722 2196 1766 liberis
2246 1740 2395 1779 paren-

1355 1780 1537 1836 tibusque
1579 1780 1792 1823 decessisset
1830 1797 1837 1821 :
1896 1796 1993 1823 nam
2039 1781 2064 1823 si
2108 1780 2224 1825 liberi
2261 1813 2273 1834 ‚
2324 1798 2394 1835 pa-

1355 1838 1535 1881 rentesve
1589 1838 1708 1892 usque
1753 1837 1801 1879 ad
1845 1838 2013 1880 tertium
2056 1838 2225 1892 gradum
2278 1838 2392 1894 supe-

1355 1895 1497 1938 ressent
1530 1895 1694 1938 heredes
1727 1893 1936 1937 instituti:
1981 1895 2088 1950 quod
2134 1911 2274 1948 capere
2307 1911 2392 1939 non

1355 1966 1511 2008 poterat
1545 1954 1610 2005 is,
1640 1951 1704 1996 cui
1739 1951 1925 1995 relietum
1958 1965 2070 2005 erat,
2104 1951 2201 2006 ipsi,
2235 1952 2394 1997 servato

1356 2023 1487 2053 verere
1511 2010 1623 2062 jure,
1647 2009 1887 2060 capiebant.
1919 2009 1973 2061 (l)
1999 2010 2245 2065 Pronepotes
2268 2012 2394 2065 (***)

1356 2069 1478 2124 igitur
1520 2068 1646 2110 etiam
1687 2066 1731 2110 &
1775 2065 1916 2121 proavi
1946 2067 2218 2110 excludebant
2249 2067 2391 2112 fiscum

1355 2142 1375 2168 a
1406 2125 1567 2169 caducis
1595 2141 1604 2166 :
1640 2124 1784 2168 tertius
1814 2124 1930 2167 enim
1964 2126 2106 2178 gradus
2138 2124 2257 2175 hujus
2291 2124 2392 2183 legis

1356 2183 1552 2227 sententia
1583 2182 1944 2236 comprehenditur
1968 2214 1981 2236 ‚
2022 2197 2117 2226 cum
2149 2182 2271 2238 usque
2302 2197 2394 2237 par-

1354 2240 1477 2284 ticula
1522 2255 1605 2283 non
1651 2255 1739 2283 raro
1770 2239 1953 2282 includat
1983 2252 2216 2282 extremum
2247 2270 2259 2291 ‚
2310 2255 2393 2294 quo

1358 2298 1484 2341 sermo
1516 2297 1724 2341 excurrit:
1759 2312 1883 2352 quam
1913 2295 2039 2338 etiam
2072 2296 2158 2339 vim
2193 2296 2315 2339 habet
2346 2298 2392 2339 in

2299 2355 2391 2410 plu·

1401 2467 1459 2507 (h)
1483 2469 1519 2498 L.
1543 2471 1595 2506 96.
1614 2469 1642 2508 §.
1667 2476 1693 2497 1.
1709 2466 1822 2508 deleg.
1846 2475 1873 2497 1.

1400 2512 1476 2553 (ι’)
1504 2513 1577 2544 Tit.
1601 2522 1648 2552 17.
1676 2513 1705 2554 §.
1724 2522 1754 2542 2.

1400 2558 1462 2598 (k)
1487 2560 1524 2589 L.
1550 2561 1602 2597 96.
1636 2558 1665 2599 §.
1687 2567 1710 2588 1.
1725 2554 1764 2600 ff.
1781 2556 1818 2588 de
1830 2557 1893 2597 teg.
1915 2565 1944 2587 1.

1401 2603 1499 2642 (⁴⁴⁸)
1527 2605 1601 2635 Imo
1626 2602 1759 2634 nomine
1785 2601 1888 2643 magis
1904 2623 1914 2640 ‚
1942 2610 2043 2643 quam
2068 2609 2102 2633 re
2124 2598 2320 2634 differebant
2345 2600 2388 2634 fl-

1357 2647 1423 2680 scus
1448 2649 1478 2680 δε
1504 2647 1675 2680 aerarium.
1707 2646 1775 2688 Ipse
1798 2646 1889 2678 enim
1916 2646 2075 2688 Augustus
2103 2646 2219 2677 aerario
2242 2645 2289 2676 ita
2314 2645 2388 2679 usus

1357 2693 1400 2725 est
1426 2703 1484 2733 pro
1509 2692 1641 2731 lubitu,
1669 2701 1703 2724 ut
1718 2693 1867 2733 ignorare
1883 2691 1911 2724 se
1927 2690 2071 2723 fateatur
2085 2690 2182 2722 Dion.
2199 2689 2256 2721 tib.
2279 2692 2386 2722 LIII.

1358 2748 1387 2779 p.
1405 2746 1481 2776 311.
1509 2736 1589 2778 quid
1615 2739 1703 2770 inter
1728 2736 1838 2769 fiscum
1864 2737 1896 2768 ὃς
1921 2735 2073 2767 aerarium
2099 2734 2224 2767 interfit
2253 2755 2262 2764 .
2287 2734 2388 2768 Unde

1359 2781 1537 2825 prorniscue
1562 2791 1695 2823 accepta
1724 2784 1824 2814 Vetus
1849 2779 1945 2823 glossa
1970 2781 2104 2820 ταμεῖον
2120 2801 2130 2817 ,
2157 2778 2250 2810 fiscus
2268 2801 2280 2817 ‚
2308 2790 2392 2811 aera-

1360 2829 1464 2860 rium·
1497 2825 1549 2859 Sic
1576 2825 1807 2858 emendatione
1830 2835 1939 2858 carere
1967 2823 2093 2866 possunt
2128 2824 2159 2855 8<
2175 2824 2339 2866 Ulpianus
2355 2825 2387 2858 8<

1365 2872 1506 2905 rufianus
1521 2890 1530 2900 .

1360 2899 1370 2913 Δ
1402 2917 1476 2956 (l)
1502 2919 1540 2948 L.
1569 2916 1654 2947 unic.
1689 2917 1717 2957 §.
1745 2913 1785 2947 (2³⁶
1813 2925 1883 2946 cum
1898 2915 1949 2946 lex
1964 2916 1996 2945 C.
2019 2913 2055 2944 de
2069 2911 2139 2944 ead.
2155 2914 2222 2945 toll.
2250 2913 2388 2955 Ulpian.

1361 2961 1466 3002 Instir.
1483 2971 1507 2992 c.
1531 2971 1578 3001 ¹7·
1594 2960 1632 2992 (5
1653 2962 1700 2992 18.
1719 2963 1756 2991 L.
1771 2967 1864 3000 pater
1891 2970 1978 2991 meus
1996 2960 2026 3000 §.
2043 2960 2107 2988 ult.
2126 2957 2160 3000 ff.
2178 2960 2329 3000 delegat.
2357 2970 2393 2991 2.

1403 3006 1524 3047 (⁴¹³³)
1553 3008 1625 3038 xmo
1650 3004 1784 3046 gradum
1811 3003 1947 3036 tertium
1978 3003 2019 3035 ad
2045 3003 2131 3035 solos
2158 3002 2390 3036 adscendentes

1360 3053 1518 3088 pertinere
1538 3073 1547 3087 ,
1574 3050 1686 3083 liberis
1713 3056 1825 3083 autem
1854 3071 1863 3086 ,
1891 3048 1955 3081 fine
1984 3047 2143 3090 graduum
2169 3047 2386 3086 discrimine,

1358 3098 1473 3132 caduca
1487 3094 1604 3128 deferri
1624 3118 1634 3133 ‚
1659 3094 1786 3128 erudite
1811 3092 1952 3127 ostendit
1979 3094 2145 3128 Antonius
2165 3092 2385 3137 Schultingius

1354 3143 1394 3178 ad
1411 3141 1547 3186 Ulpiani
1562 3141 1620 3175 tie.
1639 3142 1776 3174 XVIII.
1799 3151 1830 3172 η.
1853 3149 1885 3179 4.
