2524 3479
541 75 647 128 AD
690 76 1048 130 CUPIDAM
1092 75 1368 131 LEGUM
1407 62 1981 151 JUVENTUTEM.
2190 104 2308 142 xm

165 152 382 202 admodum
417 151 593 214 singulte
643 153 822 196 tulerunt
872 164 1009 196 aetates
1040 168 1059 197 .·
1109 153 1179 216 sed
1224 154 1456 215 plerumque
1498 155 1604 213 satis
1647 153 1804 211 fuerint
1832 189 1845 211 ,
1885 172 1969 217 quae
2000 158 2174 218 politum
2204 177 2307 224 prce.

165 219 276 277 stent
296 209 582 280 'ornatumque
632 217 918 272 causidicum:
963 233 1036 279 quo
1075 219 1417 281 jurisprudentia
1464 221 1582 283 puris
1627 219 1862 267 attrebletur
1911 225 2094 269 manibus
2113 260 2125 281 ‚
2164 229 2220 272 (Y
2249 228 2314 286 fo.

171 303 259 332 rum
294 321 306 342 ,
361 299 553 347 quantum
581 301 655 346 per
686 284 1000 345 consuetudinem
1035 285 1228 341 licuerit,
1269 286 1452 348 expietur
1482 320 1494 331 .
1549 287 1675 331 Nibil
1707 288 1812 333 enim
1848 301 1931 333 tam
1964 289 2122 347 foedum
2151 293 2313 353 fuerit,

172 353 279 398 nihil
313 365 397 397 tam
433 353 678 413 obscaemom,
715 351 821 395 nihil
855 363 940 394 tam
973 351 1144 413 denique
1170 354 1413 414 sacrilegum
1432 385 1445 409 ‚
1482 369 1604 413 quam
1629 354 1705 414 jus
1741 356 1866 400 civile
1899 356 2148 412 abstrusioris
2182 364 2314 409 erudi-

171 420 291 465 tionis
336 435 516 476 venam,
564 434 727 480 germen
760 416 934 462 utilioris
965 418 1223 480 pbilofhphiae
1242 455 1255 475 ,
1290 431 1411 480 atque
1435 418 1585 478 florem
1622 421 1828 482 elegantia²
1848 457 1861 478 ,
1898 425 2145 487 negligentia
2181 440 2314 474 tamen

173 485 452 532 humaniorum
500 486 706 530 literarum
753 484 977 529 redundare
1006 485 1195 544 fhrdibus
1214 520 1226 541 ,
1264 486 1320 529 (9⁴
1355 486 1529 547 ingeniis
1557 499 1698 548 patere
1733 489 1942 534 lutulentis
1960 524 1971 535 .
2010 495 2101 536 Has
2136 493 2312 555 injurias

172 551 280 598 ref-la
305 551 535 607 studiorum
551 550 748 606 institutio
758 551 900 612 procul
915 568 940 594 a
946 552 984 606 J
987 551 1050 595 uri
1046 551 1284 613 [prudentia
1295 551 1437 611 fleclet
1454 572 1480 609 ;
1516 553 1650 614 itaque
1667 555 1716 598 de
1734 555 1798 599 bis
1809 557 1941 616 placet
1956 570 2086 617 pauca
2103 559 2283 620 differere
2300 596 2312 608 .

237 619 340 664 Tria
373 618 529 663 omnino
558 620 659 679 sunt
686 617 799 680 juris
828 615 1032 678 profeffori
1067 617 1308 678 necessaria,
1344 618 1482 664 latinae
1519 620 1666 682 linguae
1697 622 1874 682 peritia,
1910 623 2178 670 ratiocinandi
2211 644 2312 685 ars,

168 685 224 729 (9⁴
278 685 420 729 notitia
472 697 690 746 temporum
709 717 719 727 .
766 683 921 728 Latina
955 684 1099 745 lingua
1134 684 1293 729 evolvit
1330 701 1476 731 arcana
1503 686 1838 747 jurisprudentia
1858 723 1870 743 ‚
1907 690 2131 752 detegitque
2156 693 2316 754 fienten.

169 751 250 796 tias
300 751 468 796 intimas
503 751 917 811 jurisconsultorum,
960 766 1045 811 quae
1076 750 1286 812 germanis
1318 752 1523 796 vocabulis
1544 787 1555 808 ‚
1593 753 1650 796 (Τ
1686 753 1988 809 abstrusioribus
2005 773 2021 799 .·
2058 774 2105 802 ac
2135 762 2316 821 peculia.

168 818 281 864 ribus
333 818 460 862 latine
511 818 674 862 dicendi
705 816 923 878 generibus
958 817 1251 878 obsignantur.
1289 821 1537 879 ⁶Qianquam
1573 819 1677 864 enim
1704 821 2078 883 jurisconsultorum
2099 826 2313 888 ,gquorum

160 882 393 944 fragmenta
428 883 639 928 retinemus
657 918 669 939 ‚
702 883 882 944 plerique
918 883 1123 928 latinitate
1149 884 1245 944 jam
1282 885 1477 929 inclinata
1502 884 1734 944 floruerunt
1750 907 1776 945 ;
1806 887 1944 942 studio
1979 903 2111 935 tamen
2131 926 2143 947 ,
2179 909 2225 938 ac
2252 910 2313 939 re.

166 950 313 1012 ligione
345 951 557 994 verborum
576 984 588 1006 ‚
628 964 706 1010 qua
742 949 916 993 maxime
941 949 1111 1009 scientia
1146 951 1278 1011 legum
1315 951 1642 1012 adservabatur,
1678 954 1737 998 ita
1767 956 2012 1001 excellebant
2028 977 2055 1015 ;
2089 972 2136 1003 ut
2155 974 2316 1005 auream

161 1030 284 1078 prope
319 1016 539 1069 latinitatis
573 1028 729 1061 aetatem
764 1016 964 1077 elegantia
999 1016 1055 1059 (9⁴
1085 1017 1334 1078 proprietate
1367 1018 1644 1064 reddiderint.
1687 1022 1897 1066 Verborum
1929 1036 2119 1084 praeterea
2139 1027 2312 1086 scientia

167 1083 224 1127 (Ψ
279 1083 448 1144 cognitio
488 1081 783 1140 formularum,
840 1097 1005 1143 quarum
1041 1082 1083 1126 in
1112 1083 1211 1143 jure
1248 1082 1368 1127 civili
1402 1084 1601 1130 maximus
1637 1084 1692 1140 est
1729 1088 1820 1148 usus
1839 1123 1851 1143 ,
1890 1089 2155 1136 nibilominus
2191 1110 2315 1155 quam

167 1148 333 1204 historia
367 1164 490 1194 mores
523 1149 698 1211 ritusque
731 1149 860 1210 aperit
896 1161 1078 1193 veterum
1096 1153 1369 1194 Romanorum
1403 1183 1417 1206 ,
1453 1165 1618 1211 quorum
1653 1154 1797 1198 notitia
1829 1155 2045 1215 obscuriora
2078 1158 2168 1203 loca
2195 1160 2312 1223 juris

167 1215 308 1261 civilis
342 1215 548 1260 illuminat
566 1248 576 1260 .

230 1280 523 1327 Ratiocinandi
555 1297 622 1325 ars
658 1278 821 1326 cunblas
850 1278 1022 1342 profec‘lo
1057 1278 1259 1326 dob'lrinas
1293 1280 1402 1326 docet
1436 1294 1570 1343 utpote
1606 1284 1889 1346 cogitationum
1926 1288 2189 1336 humanarum
2222 1311 2306 1338 om.

166 1347 281 1393 nium
309 1347 626 1408 gubernaculum
660 1347 716 1391 (9⁴
753 1347 999 1393 moderamen
1030 1381 1042 1403 ,
1093 1359 1212 1408 atque
1246 1347 1407 1393 initium
1442 1349 1499 1393 ξφ
1534 1350 1617 1395 dux
1650 1350 1751 1396 reste
1778 1351 2005 1410 difforum‘,
2042 1357 2217 1419 resteque
2243 1360 2313 1418 fa-

163 1412 343 1460 florum:
370 1413 465 1469 fine
501 1430 583 1476 qua
611 1413 848 1477 praepostera
882 1414 939 1461 (9⁴
970 1414 1207 1478 perturbata
1244 1427 1357 1460 erunt
1392 1415 1582 1479 universa
1599 1450 1611 1463 .
1650 1421 1761 1463 Nam
1795 1432 1842 1466 ut
1875 1422 2179 1471 Lucretiusait.

443 1581 455 1595 .
497 1583 508 1594 .
545 1581 557 1594 .
597 1582 608 1594 .
645 1547 692 1596 Si
730 1565 868 1612 prava
905 1548 966 1595 est
1004 1549 1155 1612 regula
1194 1547 1370 1612 prima,

441 1617 710 1678 Normaque
749 1615 780 1661 fi
818 1615 954 1662 fallax
993 1614 1126 1662 refilis
1161 1615 1426 1679 regionibus
1464 1616 1594 1665 exit:

434 1681 496 1727 Et
533 1680 687 1728 libella
707 1679 868 1745 faliqua
907 1682 936 1728 fi
974 1700 1032 1729 ex
1068 1680 1180 1746 parti
1219 1681 1439 1730 claudicat
1479 1683 1621 1731 hilum
1644 1720 1656 1743 ‚

433 1746 606 1794 Omnia
645 1748 854 1795 mendose
893 1747 991 1795 fieri
1030 1764 1163 1812 atque
1201 1749 1374 1814 obstipa
1409 1751 1633 1798 necessum
1673 1752 1766 1812 est,

432 1815 609 1871 Prava,
649 1814 890 1872 cubantia,
931 1832 1102 1878 prona,
1142 1813 1330 1878 supina,
1369 1832 1502 1881 atque
1540 1818 1701 1866 absona
1738 1821 1890 1882 testa,

428 1883 524 1937 Jarn
567 1898 694 1927 ruere
731 1898 778 1927 ut
816 1882 1017 1945 quaedam
1057 1880 1296 1929 videantur
1331 1884 1484 1942 velle,
1521 1901 1779 1952 ruantque,

434 1946 620 1994 Prodita
654 1945 830 2011 judiciis
867 1947 1102 1995 fallacibus
1138 1947 1294 1996 onmia
1330 1948 1517 2013 primis.

224 2079 509 2142 Profeffbribus
544 2099 637 2127 vero
665 2083 778 2143 juris
815 2083 956 2128 civilis
992 2100 1032 2127 eo
1067 2082 1197 2144 magis
1233 2081 1289 2138 es}
1325 2083 1535 2144 necessaria
1552 2120 1565 2142 ,
1603 2087 1707 2147 quod
1742 2105 1871 2134 eorum
1907 2090 2065 2146 consilio
2099 2104 2220 2156 atque
2228 2094 2305 2158 ju.

159 2145 264 2191 dicio
306 2148 422 2207 salus
472 2149 637 2194 aliorum
673 2150 728 2193 6⁷9·
758 2149 931 2206 fortuna
968 2163 1158 2211 reguntur
1176 2182 1187 2194 .
1227 2150 1537 2196 Advocatomm
1571 2153 1674 2198 enim
1692 2189 1705 2211 ‚
1742 2155 1798 2200 (9⁴
1822 2158 1862 2213 J
1863 2157 2024 2203 udicum
2060 2159 2196 2222 lapsus
2224 2176 2303 2224 pa.

160 2213 350 2257 trimonia
382 2215 514 2274 stecum
551 2215 607 2259 (J
646 2217 781 2260 vitam
818 2228 942 2261 ruunt
976 2216 1144 2261 aliorum
1163 2250 1175 2261 .

225 2279 391 2324 Notitia
426 2292 642 2343 temporum
679 2282 735 2328 (9‘
771 2281 1026 2337 historiarum
1060 2282 1174 2328 lefft'io
1210 2300 1297 2328 cum
1333 2285 1391 2329 ad
1418 2286 1678 2347 prudentiam
1713 2287 1768 2344 est
1806 2291 1921 2336 utilis
1944 2327 1955 2348 ,
1996 2308 2083 2354 qua>
2106 2295 2155 2339 de
2172 2297 2306 2358 cogni.

154 2344 259 2390 tione
288 2347 577 2408 praeteritorum
597 2384 609 2404 ,
648 2361 840 2410 tanquam
876 2367 924 2394 ex
951 2349 1182 2407 futurorum
1217 2351 1392 2413 imagine
1420 2354 1639 2415 suscipitur
1659 2376 1680 2413 ‚·
1715 2370 1803 2401 tum
1838 2360 1959 2403 etiam
1995 2362 2053 2405 ad
2069 2361 2303 2424 intelligen-

155 2412 259 2456 tiam
301 2414 467 2459 locorum
503 2416 761 2476 obscuriorum
787 2415 902 2476 juris
931 2448 942 2471 ‚
980 2432 1066 2478 quae
1100 2419 1186 2462 luce
1219 2417 1437 2474 vetustatis
1469 2423 1526 2465 (9²
1562 2421 1795 2482 discrimine
1820 2439 2035 2487 temporum
2065 2411 2268 2488 patefiunt
2288 2447 2302 2476 :

155 2480 376 2524 multarum
425 2481 527 2524 enim
579 2483 711 2544 legum
762 2482 974 2542 diffidium
1000 2484 1091 2543 sola
1126 2497 1344 2546 temporum
1379 2487 1531 2532 ratione
1567 2489 1668 2533 rebie
1702 2492 1988 2550 animadversa
2024 2496 2268 2556 componitur
2285 2531 2297 2542 .

225 2547 355 2605 Haste
391 2560 524 2592 autem
553 2546 774 2605 facultates
810 2550 885 2594 cito
921 2549 1141 2611 assequetur
1178 2553 1396 2612 adolescens
1428 2588 1441 2608 ,
1495 2573 1511 2599 ι
1550 2572 1570 2598 e
1605 2557 1726 2617 longa
1762 2558 1818 2601 (9‘
1846 2560 2049 2621 salebrosa
2085 2562 2161 2606 via
2194 2578 2302 2608 acce-

156 2610 230 2655 dat
264 2613 321 2656 ad
348 2611 573 2669 faciliorem
603 2636 630 2673 ;
681 2632 726 2660 ac
756 2616 886 2677 primo
920 2618 1021 2661 retia
1057 2617 1260 2662 vitaverit
1296 2620 1486 2680 vulgaris
1517 2624 1790 2683 grammatica·
1830 2625 1976 2685 quibus
2005 2629 2187 2689 pueritia
2223 2631 2300 2675 rni-

147 2678 312 2738 serrime
346 2680 603 2742 implicatur,
640 2681 698 2726 &¹
731 2696 804 2744 pro
842 2699 886 2727 ea
912 2684 1097 2744 sumserit
1131 2683 1397 2730 Sanbi'ianam
1433 2687 1599 2750 Scioppi
1617 2724 1629 2745 ,
1671 2691 1867 2754 Voffiique
1902 2694 2122 2740 breviorem
2141 2732 2152 2752 ,
2190 2711 2266 2742 aut
2284 2712 2304 2758 ‚'

154 2761 203 2789 ex
239 2745 306 2789 his
341 2747 597 2802 contestatam
616 2783 628 2804 ‚
667 2766 814 2793 novam
852 2750 1079 2795 methodum
1111 2751 1260 2812 gallice
1288 2753 1481 2814 scriptam
1502 2790 1514 2811 ,
1553 2758 1625 2800 vel
1659 2757 1747 2819 ejus
1781 2759 2009 2821 opitomen:
2046 2764 2190 2809 deinde
2221 2766 2298 2811 ad.

127 2813 133 2823 ¹
146 2809 334 2869 junxerit
385 2815 699 2860 exercitationem
741 2816 1018 2877 quotidianam
1056 2819 1215 2880 optimis
1250 2818 1476 2866 auctoribus
1510 2824 1760 2884 explicandis
1778 2861 1789 2882 ,
1831 2828 2015 2872 Terentio
2044 2831 2262 2891 prsesttrtim
2281 2868 2297 2891 ‚

156 2877 363 2935 Cicerone,
403 2882 558 2941 Caesare
578 2916 590 2938 ,
628 2883 798 2945 Virgilio
818 2917 831 2939 ‚
871 2884 1035 2930 Tibullo
1054 2920 1066 2941 ,
1099 2886 1314 2948 paucisque
1347 2888 1444 2933 aliis
1478 2890 1610 2935 aetatis
1644 2907 1771 2938 aureae
1797 2894 2061 2956 scriptoribus
2080 2932 2093 2953 ,
2129 2899 2295 2944 adbibi-

154 2941 210 2985 tis
250 2943 500 2999 facilioribus
550 2950 838 2995 commentariis
867 2967 889 2994 .·
941 2953 1105 3014 longum
1154 2953 1258 2997 enim
1307 2953 1397 3016 esset
1443 2955 1499 2999 Θ*
1535 2958 1768 3019 laboriosum
1794 2994 1806 3016 ‚
1838 2974 1924 3023 prae
1957 2961 2201 3017 institutione
2227 2965 2294 3023 fo.

154 3008 260 3062 rensi
310 3024 379 3055 aut
431 3014 598 3074 optimos
637 3015 849 3078 scriptores
896 3019 1092 3081 explicare
1138 3036 1269 3065 omnes
1314 3035 1387 3066 aut
1421 3022 1572 3069 criticos
1606 3026 1798 3085 confidere
1827 3028 2039 3089 graviores
2073 3063 2085 3075 .
2135 3032 2295 3093 Optimo

154 3075 259 3121 enim
310 3078 501 3131 causidico
540 3083 646 3142 stitis
682 3082 809 3139 fuerit
843 3120 857 3141 ,
901 3086 958 3140 si‘
988 3099 1207 3150 paucorum
1258 3087 1314 3135 (J
1367 3090 1527 3151 quidem
1576 3092 1862 3156 elegantiorum
1905 3095 2128 3142 imitatione
2162 3132 2175 3152 ,
2223 3111 2291 3142 at-

277 3142 390 3201 Jani
422 3147 645 3196 Gravinae.
685 3153 800 3198 Tom.
835 3153 872 3198 I.
1476 3172 1501 3203 C
2150 3177 2224 3222 que
